2014 3226
162 170 231 221 96
624 166 855 209 DONATI
886 165 1166 208 INTERPR.
1201 164 1378 208 VERG.

162 324 331 357 mersa
375 309 570 355 tenebat.
613 306 745 367 quod
784 305 974 352 faciunt
1014 304 1142 364 irati,
1176 321 1235 351 ne
1274 305 1543 366 respiciant
1583 319 1705 365 quos
1739 303 1848 351 ode-

161 387 289 430 runt.
369 383 443 429 his
484 381 713 442 adiungit
751 379 962 426 Achillis
1002 381 1050 426 et
1089 379 1317 426 Hectoris
1359 379 1620 440 picturam,
1660 379 1710 424 in
1753 393 1849 439 qua

162 473 259 503 11011
300 459 494 502 tantum
535 454 674 500 dolor
715 453 991 500 ostenditur
1038 452 1395 500 considerantis
1436 453 1632 499 Aeneae
1679 468 1851 499 verum

164 533 309 576 etiam
345 529 538 576 hostilis
573 527 838 574 crudelitas
873 530 922 573 et
954 527 1169 574 avaritia
1202 528 1422 589 graviter
1453 526 1850 587 reprehenditur,

163 620 277 650 nam
318 619 458 649 omne
498 602 875 648 inimicitiarum
913 601 1048 648 virus
1089 602 1220 647 inter
1258 600 1414 648 hostis
1456 614 1514 648 eo
1554 615 1710 659 usque
1747 615 1850 646 ma-

163 694 275 723 nere
323 677 487 735 debet,
535 676 687 722 donec
735 674 1037 722 interveniat
1082 675 1193 722 finis
1240 674 1373 721 vitae
1422 675 1526 721 eius
1575 675 1661 734 qui
1700 674 1850 721 fuerit

163 754 433 811 superatus.
514 754 581 796 ter
628 751 810 796 circum
856 749 1045 796 Iliacos
1092 751 1375 807 rafflcwerai
1420 748 1633 795 Hectora
1686 761 1853 794 micros

164 826 529 882 exccnimnmque
576 837 699 870 amo
739 837 912 882 corpus
950 823 1184 869 vendebat
1221 820 1458 870 Achilles:
1512 821 1732 868 Achilles
1774 837 1851 868 ex-

164 900 377 945 animem
423 914 511 958 per
556 913 722 945 muros
768 897 957 957 patrios
997 895 1261 943 Hectorem
1309 896 1518 943 credidit
1564 896 1851 956 pertrahen-

163 972 279 1018 dum
327 975 567 1031 tantaque
616 972 719 1018 eius
766 971 1035 1018 inmanitas
1085 970 1473 1030 demonstratur,
1520 972 1577 1017 ut
1622 969 1714 1016 hoc
1754 985 1853 1017 non

163 1046 326 1105 semel,
367 1045 451 1092 sed
491 1047 685 1106 saepius
725 1045 918 1106 fecerit,
959 1060 1074 1091 nam
1107 1061 1194 1105 per
1226 1060 1478 1091 murorum
1516 1043 1758 1090 ambitum
1791 1043 1854 1090 ad

163 1119 534 1166 insultationem
574 1120 769 1180 plenam
812 1119 960 1165 tertio
1002 1119 1184 1165 circulo
1225 1119 1482 1180 pertraxit.
1552 1120 1629 1164 ter
1669 1119 1854 1164 circum

163 1193 339 1241 Iliacos
379 1195 669 1254 raptaverat
708 1193 925 1240 Hectora
964 1208 1128 1240 muros
1169 1193 1547 1253 exanimumque
1589 1207 1707 1239 auro
1750 1206 1852 1239 cor-

163 1283 253 1328 pus
307 1267 552 1314 vendebat
604 1267 845 1315 Achilles:
907 1268 961 1312 in
1015 1267 1224 1328 singulis
1285 1266 1470 1329 grande
1531 1265 1724 1326 pondus
1781 1268 1855 1313 est

163 1342 442 1388 intellectus
475 1341 538 1388 ad
570 1341 942 1402 exprimendum
974 1341 1193 1387 dolorem
1225 1339 1452 1388 videntis.
1502 1339 1691 1401 gemuit
1723 1340 1854 1386 enim

164 1415 323 1477 primo
371 1417 519 1463 occisi
565 1415 818 1462 fortunam
866 1416 996 1461 tanti
1042 1414 1139 1462 viri
1185 1415 1352 1474 fortis,
1401 1414 1576 1461 dehinc
1625 1413 1754 1475 quod
1796 1413 1854 1461 de

165 1505 220 1536 00
260 1488 541 1550 triumphus
583 1491 658 1536 est
690 1491 828 1536 actus
862 1491 924 1549 et,
960 1489 1091 1550 quod
1124 1490 1230 1534 erat
1260 1488 1406 1535 malis
1439 1487 1666 1535 omnibus
1695 1488 1854 1549 peius,

165 1563 252 1611 sub
299 1564 422 1624 ipsis
462 1563 681 1610 civitatis
723 1563 1024 1624 aspectibus,
1074 1564 1131 1610 ut
1170 1562 1475 1610 defensorem
1523 1577 1667 1609 suum
1705 1561 1854 1609 Ilium

166 1638 385 1684 cerneret
408 1639 486 1684 tot
510 1637 729 1685 adversis
763 1636 1031 1684 addictum.
1081 1652 1108 1683 o
1143 1639 1330 1697 quanta
1362 1636 1636 1699 indignitas
1668 1636 1853 1683 rerum!

165 1710 454 1758 trahebatur
485 1710 668 1758 Hector
700 1714 814 1758 ante
845 1726 1012 1758 muros
1046 1710 1284 1758 exanimis
1318 1724 1441 1771 quos
1479 1711 1628 1771 plena
1666 1711 1854 1757 virtute

166 1783 449 1831 defenderat
496 1788 544 1832 et
591 1784 1049 1833 circumducebatur
1094 1786 1299 1844 totiens,
1346 1800 1406 1832 ne
1455 1785 1565 1844 quis
1614 1799 1643 1831 a
1689 1786 1854 1847 cog-ni-

164 1858 298 1904 tione
337 1857 472 1906 illius
513 1858 767 1906 durissimi
799 1874 940 1906 casus
972 1861 1250 1906 remaneret
1282 1861 1527 1920 exceptus,
1559 1860 1856 1919 tantumque

166 1932 331 1992 potuit
369 1932 523 1980 hostis
562 1933 846 1992 inmanitas,
885 1935 942 1979 ut
978 1933 1256 1981 miserrimo
1295 1933 1431 1994 patri
1471 1948 1590 1980 auro
1623 1932 1858 1980 venderet

168 2005 431 2052 orbitatem
472 2020 626 2066 suam,
661 2007 804 2067 quasi
835 2006 1032 2054 demum
1062 2007 1148 2054 ille
1181 2007 1360 2054 damno
1393 2007 1583 2054 moveri
1613 2007 1857 2067 potuisset

169 2079 254 2139 qui
285 2079 364 2125 vel
402 2080 552 2126 funus
585 2081 772 2140 captivi
802 2082 1020 2143 pigneris
1048 2081 1168 2128 totis
1195 2079 1369 2142 opibus
1396 2079 1627 2141 cupiebat
1651 2079 1854 2128 absolvi.

167 2153 356 2200 interea
395 2169 485 2213 pro
525 2153 736 2202 dolentis
776 2155 965 2214 animo,
1013 2169 1124 2201 cum
1162 2155 1282 2201 haec
1326 2155 1728 2216 pronuntiamus,
1777 2170 1854 2201 ex-

167 2225 442 2273 tollendum
489 2229 562 2275 est
607 2226 836 2276 Hectoris
883 2244 1062 2276 nomen
1109 2230 1160 2275 et
1204 2228 1415 2276 Achillis
1467 2227 1854 2290 deprimendum.

168 2301 371 2347 notatur
419 2301 601 2362 quippe
649 2302 806 2362 ipsius
844 2301 1055 2350 Achillis
1093 2303 1308 2364 inpietas
1350 2304 1399 2349 et
1438 2302 1668 2350 avaritia.
1745 2303 1855 2363 quis

169 2374 301 2420 enim
355 2375 605 2421 mortuum
657 2374 829 2422 vendit
880 2377 979 2423 nisi
1032 2373 1233 2437 inpius?
1309 2377 1419 2437 quis
1465 2378 1518 2423 in
1563 2391 1716 2439 regno
1769 2391 1855 2438 po-

169 2446 295 2495 situs
350 2447 649 2509 perindeque
695 2448 915 2510 locuples
963 2465 1136 2497 aurum
1192 2449 1440 2498 desiderat
1493 2450 1589 2498 nisi
1643 2447 1856 2498 avarus?

290 2621 312 2659 1
347 2631 457 2672 quos
488 2617 575 2660 LR
605 2619 726 2672 quod
757 2618 827 2662 ed.
943 2623 970 2661 4
1002 2625 1043 2664 et
1074 2621 1279 2664 avaritia
1309 2633 1397 2663 om.
1424 2619 1495 2663 ed.
1619 2623 1646 2663 8
1677 2619 1858 2664 achillis

170 2674 206 2717 L
238 2688 350 2719 corr.
385 2675 420 2719 L
451 2675 494 2719 ΙΙ
524 2688 648 2719 man.
771 2682 796 2720 9
829 2678 1023 2722 credidit
1051 2679 1138 2722 LR.
1169 2679 1295 2723 dedit
1325 2678 1396 2723 ed.
1534 2682 1589 2721 16
1620 2679 1741 2722 tanti
1770 2677 1858 2721 LR

170 2738 211 2777 et
242 2739 272 2778 t.
305 2734 376 2778 ed.
490 2739 543 2778 17
576 2735 675 2779 eius
703 2735 791 2779 LR
813 2738 949 2792 peius
981 2735 1017 2780 O
1050 2738 1122 2782 ed.
1157 2737 1214 2782 cf.
1247 2742 1348 2782 487.
1474 2741 1528 2781 18
1559 2750 1693 2781 suum
1724 2737 1857 2780 ilium

169 2792 213 2836 R
241 2807 375 2837 suwm
406 2794 538 2838 illum
569 2793 604 2837 L
636 2795 767 2838 illum
797 2808 931 2839 suum
961 2796 1032 2839 ed.
1137 2801 1190 2840 19
1223 2796 1435 2841 additum
1466 2795 1538 2839 ed.
1636 2799 1693 2838 24
1724 2797 1860 2852 quasi

170 2851 349 2896 demum
378 2852 455 2895 ille
485 2852 572 2896 LR
602 2854 776 2896 temere
807 2857 920 2898 mut.
955 2855 1025 2899 ed.
1150 2859 1206 2898 25
1238 2857 1320 2912 qui
1350 2869 1438 2899 om.
1472 2855 1543 2898 ed.
1595 2857 1601 2911 Ι
1644 2850 1859 2912 piynori's

172 2909 243 2953 ed.
294 2914 301 2965 l
357 2911 530 2956 absolvi
559 2925 647 2956 om.
679 2911 845 2956 redimi
876 2915 984 2957 ante
1016 2915 1123 2959 totis
1153 2914 1399 2959 substituit
1431 2914 1500 2958 ed.
1666 2917 1723 2957 29
1754 2927 1856 2957 ven·

171 2967 294 3013 didit
322 2969 392 3014 ed.

1879 2466 1965 2514 80-¹

1878 990 1920 1020 10

1879 1358 1920 1390 15

1880 1729 1923 1760 20

1881 2097 1922 2129 25
