2014 3226
688 846 1060 901 AENEIDOS
1100 845 1321 899 LIBER
1361 846 1452 899 IV.

335 971 587 1020 Conclusis
635 971 862 1019 omnibus
911 987 1036 1033 quae
1083 971 1360 1019 necessaria
1406 971 1628 1019 narratio
1684 970 1914 1034 exigebat
1966 995 1967 998 ¹

222 1047 422 1094 secessit
450 1045 645 1094 Aeneas
686 1046 750 1094 ad
787 1047 1031 1107 requiem3
1072 1045 1322 1107 conplevit
1353 1045 1486 1092 enim
1523 1045 1603 1092 vel
1643 1045 1773 1106 quod
1805 1045 1912 1106 ipse

219 1120 473 1182 pollicitus
519 1119 784 1178 videbatur
829 1119 909 1167 vel
956 1119 1090 1181 quod
1135 1120 1311 1182 regina
1357 1118 1670 1167 desiderabat
1717 1119 1912 1166 audire:

220 1194 429 1242 Didonis
468 1196 636 1241 tamen
677 1194 870 1241 animus
909 1192 1216 1242 intolerabili
1253 1193 1356 1239 iam
1394 1192 1581 1240 dudum
1620 1209 1740 1241 cura
1781 1209 1908 1241 com-

219 1271 384 1316 motus
417 1268 776 1315 accendebatur
806 1267 966 1330 magis
997 1266 1337 1315 recordatione
1368 1267 1617 1329 loquentis
1649 1270 1699 1314 et
1723 1269 1909 1314 secreto

218 1342 445 1389 incendio
477 1341 773 1389 torrebatur.
835 1342 928 1389 1106
961 1344 1033 1389 est
1065 1340 1201 1403 quod
1232 1340 1304 1388 ait
1335 1344 1388 1389 at
1423 1343 1592 1401 reyina
1627 1343 1772 1400 ,oravi
1808 1342 1912 1389 iam

219 1417 405 1463 dudum
442 1418 614 1464 saucia
649 1431 770 1463 cura
800 1416 980 1462 vulnus
1011 1416 1099 1463 alit
1127 1416 1262 1463 vercis
1294 1419 1338 1462 et
1367 1429 1503 1464 caeco
1535 1417 1754 1475 carpitwr
1783 1417 1911 1476 iqui:
1962 1467 1963 1470 Ἴ

220 1490 341 1538 dicit
371 1491 507 1551 ipsas
540 1505 715 1538 causas
750 1505 878 1551 quae
909 1490 1002 1537 hoc
1033 1504 1188 1553 genus
1219 1490 1458 1537 tormenti
1488 1490 1667 1537 animis
1699 1488 1910 1537 Didonis

218 1564 523 1611 inflixerant:
584 1565 740 1612 multa
791 1565 890 1612 viri
942 1565 1099 1611 virias
1152 1565 1314 1611 animo
1367 1563 1642 1623 multasque
1693 1566 1912 1611 recursat

161 1645 187 1683 5
215 1640 371 1698 yemis
409 1639 571 1694 horzoS,
611 1639 810 1686 haerent
845 1638 989 1697 infixi
1017 1640 1209 1698 pec-iore
1246 1637 1409 1685 vultus
1447 1638 1708 1697 verbaque:
1750 1637 1910 1686 multa
1946 1673 1951 1682 Α

218 1713 316 1759 viri
367 1713 527 1760 virtus
581 1727 681 1759 non
735 1714 934 1759 tantum
987 1712 1205 1773 corporis
1259 1711 1490 1773 placebat
1539 1727 1711 1758 verum
1758 1712 1909 1759 etiam

221 1787 395 1845 animi3
437 1785 724 1834 adseruerat
765 1787 895 1833 enim
935 1800 986 1833 se
1024 1785 1277 1833 laborasse
1314 1801 1405 1846 pro
1445 1785 1625 1846 patria,
1665 1784 1812 1832 duros
1853 1800 1911 1833 ac
1955 1776 1957 1778 ¹
1988 1787 1990 1790 ⁴

219 1859 436 1908 diversos
475 1859 707 1908 habuisse
747 1860 1010 1918 discursus,
1040 1859 1169 1907 mori
1201 1860 1353 1906 etiam
1388 1859 1618 1919 voluisse,
1649 1860 1910 1907 innumera
1947 1854 1951 1855 ⁷

217 1935 438 1995 pericula
484 1933 685 1982 ferendo
733 1949 1003 1995 superasse.
1079 1933 1200 1980 haec
1245 1933 1595 1980 tractabantur
1634 1933 1765 1980 bona
1804 1947 1907 1981 cor·
1959 1936 1987 1989 j

218 2009 376 2069 poris,
417 2007 593 2069 quibus
633 2009 936 2056 toleraverat
974 2009 1228 2056 universa:
1277 2009 1431 2054 animi
1468 2022 1585 2054 vero
1623 2007 1909 2056 istiusmodi
1950 2007 1951 2010 ’
1984 1994 1988 2005 ’

219 2081 539 2130 recursabant
583 2083 637 2129 in
684 2081 907 2130 sensibus
954 2082 1245 2145 cogitantis,
1301 2081 1432 2142 quod
1479 2080 1683 2129 deorum
1731 2081 1906 2142 cultor,
1936 2089 1943 2110 ³
1982 2117 1985 2126 „

221 2159 414 2204 amator
458 2157 674 2216 patriae,
723 2157 917 2204 amator
954 2155 1136 2217 patris,
1183 2157 1377 2202 amator
1413 2156 1595 2202 uxoris.
1675 2154 1906 2216 quemad·
1932 2158 1946 2218 J
1980 2157 1984 2184 ²

217 2229 417 2276 modum
473 2229 698 2277 auditum
749 2230 984 2291 putamus
1030 2228 1235 2276 Aenean
1279 2230 1571 2277 referentem
1623 2228 1907 2276 discrimina
1939 2246 1942 2247 ⁷

219 2317 322 2363 sua,
363 2317 474 2350 cum
513 2303 745 2351 amissam
785 2304 1043 2366 coniugem
1075 2304 1263 2350 insanis
1295 2301 1546 2350 laboribus
1577 2303 1907 2365 perquisitam

218 2376 425 2437 diceret,
473 2377 887 2438 quemadmodum
933 2376 1234 2425 arbitramur
1277 2376 1460 2424 iudicio
1506 2377 1610 2423 eius
1650 2378 1951 2441 acceptum

221 2466 346 2512 quae
376 2451 702 2498 intentionem
738 2453 967 2499 tenuerat
1005 2452 1062 2498 ut
1101 2451 1205 2498 eius
1235 2451 1553 2498 matrimonio
1585 2446 1943 2514 iungeretur-‘2'

217 2523 340 2572 haec
379 2523 786 2572 considerabatur
822 2524 983 2572 multa
1021 2526 1196 2585 virtus,
1228 2539 1354 2586 quae
1386 2539 1483 2572 non
1514 2525 1568 2571 in
1598 2539 1697 2571 uno
1729 2533 1918 2587 genere·
1946 2526 1952 2531 ’

219 2599 349 2646 esset
385 2599 623 2658 maxima,
671 2598 756 2645 sed
795 2612 921 2664 quae
961 2613 1017 2646 ex
1055 2598 1228 2646 multis
1268 2599 1318 2645 et
1357 2597 1563 2646 diversis
1601 2597 1751 2646 robur
1788 2611 1919 2655 suaev

217 2671 474 2719 felicitatis
515 2671 808 2720 ostenderet.
869 2672 1106 2720 tollamus
1138 2687 1354 2719 amorem
1390 2687 1535 2734 quem
1569 2669 1759 2734 Cupido
1791 2670 1903 2719 con-'

217 2744 446 2794 flaverat:
501 2759 588 2793 cur
631 2745 723 2793 illa
768 2760 867 2794 non
914 2747 1104 2793 amaret
1140 2745 1302 2794 virum
1341 2743 1472 2793 domi
1508 2744 1726 2806 forisque
1763 2761 1872 2807 pr·
1910 2755 1911 2758 ’

337 2905 364 2944 4
396 2900 624 2945 tolerabili
653 2899 900 2945 LROedI
929 2900 1209 2945 intolerabili
1237 2898 1366 2943 rHU
1397 2898 1505 2943 edF.
1598 2903 1624 2943 9
1654 2903 1833 2944 recusat
1876 2901 1884 2935 ῗ
1958 2929 1963 2950 .,

218 2972 332 3003 corr.
365 2973 400 3002 r.
517 2963 570 3002 11
604 2972 786 3015 corpore
818 2959 890 3003 ed.
1000 2963 1052 3003 12
1085 2959 1242 3004 animo
1273 2958 1343 3003 ed.
1461 2962 1515 3002 14
1546 2959 1899 3019 tractabatur·
1955 2950 1961 3001 ε’

218 3031 332 3062 corr.
365 3033 400 3061 r.
515 3021 572 3062 25
603 3018 878 3074 conflaverat
908 3017 995 3061 LR
1024 3018 1346 3063 conciliaverat
1375 3017 1447 3062 ed.
1751 3028 1754 3029 ’
