2014 3226
202 195 311 247 476
672 191 902 238 DONATI
934 195 1214 238 INTERPR.
1249 195 1427 239 VERG.

204 335 340 382 dedit
386 351 474 382 nec
523 351 697 396 passus
747 338 821 382 est
866 335 1074 383 ulterius
1130 335 1364 398 progredi
1412 337 1726 383 saevientem.
1803 335 1899 384 fine

203 410 359 472 igitur
398 410 529 456 facto
571 410 832 456 certamini
870 411 1053 468 fessam
1083 410 1275 456 Dareta
1309 411 1486 468 eripuit
1514 411 1728 457 maleews
1761 410 1901 457 dictis

205 499 262 531 ae
308 484 427 530 talia
475 485 635 542 fatur:
681 483 956 530 necessario
1003 482 1153 530 verbo
1200 499 1318 531 usus
1368 485 1442 530 est
1489 483 1654 531 dicens
1703 483 1900 544 eripuit,

205 560 261 603 ut
309 557 585 603 ostenderet
631 572 865 619 magnam
911 558 1235 604 intervenisse
1283 557 1572 604 violentiam
1621 559 1671 604 et
1708 559 1900 618 pericu-

206 632 308 677 lum
359 631 534 677 salutis
582 630 794 676 inmane.
874 631 981 691 ipso
1030 646 1147 677 usus
1197 633 1271 678 est
1309 631 1404 691 hic,
1444 633 1552 692 ipso
1595 647 1651 677 ex
1691 646 1901 691 persona
1945 646 1968 682 5

208 704 405 751 Sinonis
443 702 513 765 (2,
546 697 673 768 134)
708 706 912 764 „eripui‚
945 705 1119 764 fateor,
1159 705 1258 752 leto
1298 721 1375 751 me
1418 708 1466 751 et
1506 705 1704 752 vincula
1743 703 1900 766 rupi“,

205 781 313 839 ipso
355 795 411 824 ex
452 793 663 839 persona
701 778 899 825 Aeneae
941 771 1013 843 (6,
1044 772 1174 843 110)
1214 778 1386 839 „illum
1427 794 1517 840 ego
1557 795 1646 839 per
1676 779 1902 826 flammas

206 855 255 899 et
309 852 444 898 mille
501 854 758 912 sequentia
812 853 915 898 tela
970 853 1130 913 eripui
1183 852 1260 900 his
1309 853 1490 900 umeris
1538 852 1798 914 medioque
1845 869 1902 899 ex

204 927 344 973 hoste
391 925 601 986 recepi“,
647 927 756 986 ipso
806 942 862 971 ex
909 942 1121 987 persona
1168 926 1375 973 Veneris
1429 923 1507 988 (2,
1543 920 1674 992 619)
1722 928 1903 988 „eripe‚
1991 967 1996 984 .

205 1002 336 1060 nate,
370 1001 540 1063 fugam
580 1000 825 1061 finemque
864 1001 1047 1061 inpone
1087 998 1291 1060 labori“‚
1324 1001 1432 1061 ipso
1475 1017 1531 1048 ex
1567 1016 1778 1062 persona
1808 999 1902 1046 Pa-
1928 996 2001 1059 1⁴12}

205 1075 358 1120 linuri
399 1068 472 1138 (6,
500 1067 632 1139 365)
674 1075 839 1136 „eripe
887 1090 962 1120 me
1010 1075 1111 1134 his,
1157 1076 1365 1135 invicte,
1406 1073 1596 1122 malis“.
1677 1076 1904 1135 ereptum
1971 1081 1997 1126 ζ’

117 1152 203 1191 465
223 1164 339 1210 ergo
381 1148 732 1196 consolabatur
771 1147 915 1196 dictis
955 1149 1149 1196 locutus
1190 1149 1336 1195 talia:
1376 1148 1564 1208 infelioe,
1605 1163 1729 1208 qaae
1768 1151 1904 1196 tanta

207 1224 426 1270 animam
467 1223 706 1270 dementia
746 1223 898 1282 cepit?
959 1220 1086 1282 [non
1125 1224 1246 1270 viris
1286 1222 1415 1270 alias
1454 1236 1775 1282 conversaque
1812 1237 1903 1269 na-

204 1298 342 1344 mma
388 1294 598 1357 3611ΐί39]
673 1297 847 1343 infelix
895 1298 969 1343 est
1016 1298 1104 1358 qui
1149 1297 1284 1343 ultra
1331 1312 1479 1358 quam
1535 1298 1700 1358 potest
1755 1295 1904 1344 audet

207 1370 453 1431 adpetere,
486 1370 661 1417 infelix
701 1373 775 1417 est
817 1371 902 1431 qui
942 1370 1167 1417 secundis
1207 1370 1352 1418 rebus
1392 1370 1595 1417 modum
1634 1371 1792 1417 nescit
1830 1370 1903 1416 in·
1929 1384 2002 1434 152.

205 1460 403 1505 ponere,
444 1444 576 1506 quod
617 1445 831 1508 contigit
868 1444 920 1491 in
959 1446 1117 1505 ipsius
1158 1444 1359 1492 Daretis
1400 1460 1570 1492 causa:
1623 1460 1734 1491 cum
1773 1445 1905 1491 enim
1991 1436 1994 1494 Ξ

207 1518 439 1579 superbia
495 1518 810 1565 intoleranda
864 1518 1078 1566 ferretur
1132 1521 1182 1566 et
1228 1520 1517 1565 aestimaret
1564 1533 1614 1565 se
1662 1519 1906 1565 invictum
1974 1515 1994 1585 ἱξ

209 1595 356 1653 atque
405 1593 650 1640 universis
699 1595 827 1640 esset
872 1584 1074 1653 terrori,
1122 1593 1192 1640 sic
1239 1593 1498 1640 fortiorem
1543 1593 1787 1653 repperit,
1836 1592 1905 1639 sic
1968 1598 1974 1618 s

208 1666 471 1714 discrimen
511 1667 744 1728 propriae
785 1666 961 1714 salutis
1002 1668 1207 1714 invenit.
1279 1667 1476 1713 demens
1515 1668 1682 1714 autem
1714 1669 1788 1714 est
1821 1666 1908 1726 qui
1965 1698 1967 1701 ψ

209 1741 408 1788 exclusa
455 1742 671 1788 sanitate
719 1740 912 1788 consilii
958 1743 1122 1788 mente
1161 1740 1359 1802 perdita
1398 1757 1497 1788 non
1538 1740 1693 1787 cernit
1734 1739 1905 1787 adver-
1929 1755 2001 1790 331

209 1830 318 1862 sum
360 1830 410 1862 se
450 1830 548 1862 non
587 1817 784 1862 tantum
816 1814 1069 1862 hominem
1100 1831 1276 1862 verum
1309 1816 1462 1862 etiam
1495 1815 1610 1862 deos
1643 1829 1700 1861 ex
1732 1815 1904 1875 aperto

209 1889 515 1936 contendere.
593 1889 686 1936 hoc
733 1891 901 1936 autem
947 1884 1232 1952 †amatoris
1277 1891 1442 1936 animo
1483 1888 1686 1935 Aenean
1726 1887 1905 1936 dixisse
1974 1883 1988 1910 ·³

208 1962 600 2026 intellegendum
634 1965 723 2022 est,
754 1965 813 2010 ut
843 1962 1001 2010 Dares
1041 1979 1141 2010 non
1173 1962 1377 2022 Entelli,
1409 1962 1494 2011 sed
1533 1962 1611 2010 dei
1651 1961 1907 2010 cuiusdam
1965 1973 1986 2003 .·1

209 2037 448 2084 violentia
497 2039 758 2098 superatus
799 2052 903 2084 esse
941 2036 1207 2084 videretur.
1285 2037 1496 2098 denique
1535 2037 1762 2097 sequitur
1800 2035 1907 2083 cede

210 2110 320 2158 deo:
374 2110 487 2171 deo,
526 2111 711 2174 inquit,
753 2111 890 2171 cede,
929 2126 1029 2158 non
1067 2109 1271 2159 homini.
1350 2111 1420 2158 sic
1466 2111 1572 2172 ipse
1613 2109 1806 2158 Aeneas
1857 2111 1906 2156 et
1929 2110 1978 2169 :J

209 2184 262 2230 in
301 2200 391 2232 sua
430 2199 579 2232 causa
617 2187 907 2246 prosecutus
941 2187 1029 2244 est,
1061 2187 1120 2231 ut
1151 2186 1203 2230 in
1235 2185 1330 2231 fine
1364 2184 1565 2232 secundi
1595 2183 1712 2230 libri
1746 2176 1904 2250 (804)
1960 2191 1985 2252 3².

211 2258 303 2305 diis
345 2259 543 2306 cessisse
583 2274 633 2306 se
675 2275 822 2320 quam
858 2257 1058 2306 Graecis
1098 2258 1297 2306 diceret.
1365 2258 1570 2306 dicendo
1602 2259 1758 2321 igitur
1790 2257 1906 2304 cede
1960 2253 1986 2293 ’Ξ

211 2331 301 2380 deo
341 2334 561 2379 minuere
601 2333 766 2380 voluit
795 2333 1000 2380 victoris
1031 2333 1246 2381 hominis
1278 2333 1489 2380 laudem.
1555 2334 1722 2380 errant
1751 2331 1909 2394 igitur
1959 2292 1987 2391 3

212 2405 296 2467 qui
343 2408 525 2467 putant
570 2406 775 2453 Aenean
823 2397 970 2454 deum
1016 2406 1196 2454 dixisse
1243 2406 1521 2467 Entellum,
1569 2407 1706 2454 cuius
1751 2406 1909 2453 vioto-
1966 2406 1984 2468 χ’

1973 1355 1994 1380 —5
1991 1300 1995 1348 -w
1979 1154 1997 1291 xa-r—O--wv
1993 1130 1996 1137 ι
1994 1114 1997 1123 -

333 2596 355 2634 1
389 2592 480 2646 fine
497 2618 553 2623 —
573 2595 598 2634 2
631 2592 871 2635 certamini
902 2590 989 2634 LR
1019 2605 1108 2634 om.
1136 2590 1207 2634 ed.
1343 2595 1368 2632 2
1400 2590 1571 2645 fessum
1602 2589 1689 2632 LR
1718 2590 1907 2644 fessum·
1944 2631 1946 2634 ,

211 2665 296 2708 que
327 2650 400 2695 ed.
494 2654 520 2694 5
551 2651 651 2706 ipso
683 2664 738 2694 ex
768 2650 974 2706 LR'quo
1006 2664 1062 2694 eoe
1093 2650 1164 2694 ed.
1266 2654 1291 2692 6
1324 2651 1490 2694 iterum
1519 2663 1631 2693 usus
1661 2654 1724 2693 est
1755 2649 1909 2692 dicens

209 2710 319 2767 post
349 2709 538 2754 Sinonis
569 2708 785 2765 interpol.
813 2709 883 2752 ed.
937 2709 942 2766 Ι
1001 2710 1152 2765 eripui
1181 2708 1224 2752 R
1254 2709 1427 2764 eripuit
1456 2708 1504 2752 L.
1650 2711 1703 2751 13
1735 2721 1830 2751 ‘non
1849 2733 1906 2740 -—
1983 2759 1985 2761 ¹

213 2774 269 2812 14
299 2769 439 2814 sentis
470 2768 603 2813 deest
632 2768 683 2811 in
714 2767 813 2821 LR,
847 2769 929 2812 sed
963 2767 1236 2825 explicatur.
1377 2771 1430 2810 17
1464 2767 1743 2811 existimaret
1773 2766 1934 2819 (1(1.ν

213 2831 268 2871 18
299 2829 466 2872 terrori
494 2827 538 2870 R
568 2827 639 2872 ed
674 2828 841 2871 erroris
870 2827 919 2870 L.
1074 2832 1130 2870 22
1162 2827 1383 2871 amatoris
1413 2825 1501 2868 LR
1531 2826 1602 2869 ed.
1636 2827 1930 2882 corruptum

210 2889 351 2944 puto,
388 2886 587 2931 fortasse
625 2887 850 2931 oratoris?
911 2900 1022 2930 nam
1060 2885 1259 2930 oratoris
1295 2898 1396 2929 esse
1428 2885 1685 2928 adversarii
1716 2884 1906 2928 laudem

211 2945 422 2990 minuere
454 2958 595 3003 saepe
625 2946 785 2989 monet
815 2945 932 2988 Don.
1042 2949 1099 2988 24
1129 2944 1342 2989 videatwr
1371 2943 1415 2988 R
1444 2959 1468 2987 r
1491 2966 1548 2981 =
1572 2943 1620 2987 L.
1697 2948 1783 2987 ..27
1817 2956 1906 2988 ces·

210 3005 320 3050 sisse
351 3019 486 3061 quam
519 3005 606 3048 LR.
636 3005 813 3049 cessisse
844 3018 889 3048 se
921 3019 1058 3061 quam
1087 3018 1111 3047 1·
1141 3017 1177 3047 e.
1195 3004 1354 3060 potius
1385 3017 1457 3060 qu.
1490 3003 1562 3047 ed.
