2014 3226
183 173 291 224 282
649 169 880 213 DONATI
911 168 1189 211 INTERPR.
1224 167 1401 212 VERG.

293 313 455 359 Fama
503 312 630 358 colat
670 311 870 371 pulsum
915 309 1077 368 reqnis
1121 309 1316 355 cessisse
1347 309 1572 367 paternis
1610 309 1874 356 Idomenea
1980 356 1982 358 ,

182 387 349 434 ducem
396 387 672 442 desertaque
719 385 862 430 libera
906 382 1088 437 Cretae,
1136 383 1265 429 hoste
1303 396 1480 430 vacare
1518 382 1682 429 domos
1719 383 1874 429 sedes-

182 476 271 519 que
309 460 504 506 adstare
542 459 756 504 relictas:
812 458 1202 518 oportunitatem
1243 457 1615 503 convenientem
1654 455 1876 502 oblatam

183 534 403 594 loquitur
457 548 637 579 novam
697 531 859 578 sedem
920 545 1103 592 magna
1167 530 1439 591 cupiditate
1503 529 1874 590 quaerentibus3

183 610 314 653 fama
356 607 483 653 enim
526 605 819 652 creberrima
858 605 955 651 fuit
988 606 1037 650 et
1067 603 1285 652 volabat.
1349 603 1441 650 hoc
1475 603 1680 650 dicendo
1714 605 1874 650 osten·
1922 618 1941 651 5

182 682 256 727 dit
309 682 411 727 sine
468 682 667 726 auctore
723 679 854 726 certo
905 678 1110 725 eandem
1156 678 1343 723 famam
1390 677 1564 737 fuisse,
1610 677 1874 724 Idomeneo

180 754 344 817 regnis
391 754 610 814 paternis
659 753 854 800 excluso
909 767 1086 799 vacare
1132 752 1397 812 imperium
1446 750 1622 798 Cretae
1678 766 1734 798 ac
1788 766 1876 812 per

180 829 269 875 hoc
331 830 547 888 primum
610 842 712 874 esse
775 825 1111 885 commodum,
1174 825 1309 886 quod
1370 825 1536 872 nullus
1600 826 1728 872 esset
1790 825 1877 885 qui

180 901 488 949 venientibus
510 939 638 947 .....
681 900 956 948 contrarius
1002 900 1161 961 possit
1208 899 1437 959 existere,
1486 898 1659 946 domus
1707 900 1875 946 autem

179 976 438 1022 incolumis
472 977 521 1022 et
551 977 755 1035 paratas
789 975 918 1022 solos
950 974 1138 1022 incolas
1171 988 1423 1034 quaerere.
1490 972 1726 1020 favebant
1759 987 1874 1035 ergo
1901 988 1943 1020 1ο

181 1051 345 1096 omnia
380 1049 621 1110 Troianis,
646 1049 798 1108 100118,
822 1051 1033 1109 tempus,
1058 1063 1310 1109 personae.
1366 1047 1518 1108 100118,
1554 1048 1672 1108 quia
1705 1062 1874 1094 secun-

178 1123 294 1169 dum
335 1123 665 1170 adsertionem
703 1121 933 1170 Anchisis
972 1137 1208 1183 responso
1248 1121 1499 1182 Apollinis
1541 1119 1688 1168 Creta
1729 1122 1874 1181 puta-

177 1197 325 1243 batur
371 1197 545 1244 edicta.
622 1199 840 1257 tempus,
889 1195 1020 1257 quod
1066 1196 1165 1242 loci
1212 1196 1318 1242 eius
1357 1194 1570 1242 vacabat
1607 1196 1876 1256 imperium

178 1286 265 1318 nec
304 1271 469 1318 fuerat
507 1272 593 1332 qui
631 1272 799 1331 posset
839 1269 1087 1318 obsistere.
1149 1269 1414 1316 accedebat
1453 1284 1508 1315 00
1551 1268 1683 1329 (111οᾶ
1724 1269 1876 1315 etiam
1986 1290 1990 1327 1

178 1345 350 1392 domus
397 1346 603 1405 paratae
644 1345 864 1404 fuerant,
909 1359 1119 1405 quarum
1159 1343 1508 1390 struendarum
1546 1342 1688 1390 labor
1724 1342 1873 1389 habe-
1899 1357 1941 1390 15
1987 1366 1989 1417 3

177 1419 324 1466 batur
354 1419 407 1465 in
438 1418 589 1467 lucro.
652 1434 907 1480 personae,
941 1417 1058 1479 quia
1098 1417 1326 1464 Troianis
1368 1417 1535 1463 omnia
1575 1432 1724 1477 supra
1754 1418 1874 1463 vota

176 1494 378 1540 cessisse
410 1492 724 1552 videbantur,
755 1492 1020 1553 imperium
1052 1492 1158 1538 sine
1191 1491 1524 1550 dimicatione,
1557 1490 1693 1537 dives
1724 1493 1874 1552 terra,

177 1569 349 1627 utpote
391 1582 518 1628 quae
557 1566 689 1613 Iovis
728 1566 981 1628 praesenti
1020 1566 1272 1613 foveretur
1312 1565 1513 1623 auxilio,
1550 1566 1873 1627 cognatorum

177 1639 483 1688 domicilium
517 1643 566 1687 et
598 1641 856 1688 domorum
893 1641 1073 1702 parata
1113 1639 1406 1687 substantia.
1478 1640 1742 1698 linquimus
1785 1637 1872 1685 Or·

178 1717 334 1774 ty‘qiae
363 1717 540 1773 portus
569 1715 839 1775 pelagoque
876 1715 1122 1761 volamus:
1177 1729 1286 1761 ecce
1328 1715 1569 1774 quantum
1609 1712 1876 1759 valuerunt
1897 1728 1963 1770 10Ι

179 1788 414 1849 obsequia
461 1788 817 1836 sacrificiorum
865 1803 993 1849 quae
1041 1787 1332 1850 navigaturi
1381 1787 1713 1848 perfecerant:
1774 1801 1875 1834 non
1954 1831 1956 1835 .

179 1862 302 1909 dixit
347 1863 717 1925 navigavimus,
763 1862 848 1910 sed
895 1861 1201 1911 volabamus.
1278 1861 1458 1923 incipit
1496 1875 1726 1908 enarrare
1763 1860 1874 1908 loca

177 1951 266 1996 per
311 1951 438 1997 quae
483 1937 789 1984 transierunt
837 1938 886 1983 et
931 1937 1054 1983 haec
1100 1936 1357 1982 nominare
1405 1950 1516 1982 cum
1563 1936 1717 1997 signis
1757 1934 1871 1982 suis.

92 2010 175 2050 125
194 2010 560 2070 bacchatamque
604 2012 733 2071 iuyis
771 2011 954 2057 Naxon
999 2010 1296 2069 viridemque
1334 2009 1613 2070 Donysam,
1665 2007 1874 2056 Olearon

177 2084 459 2142 niveamque
489 2084 656 2132 Paron
693 2099 988 2144 sparsasque
1009 2098 1104 2144 per
1135 2097 1316 2144 aequor
1349 2082 1591 2144 Cycladas
1622 2085 1666 2130 et
1694 2082 1874 2129 crebris
1896 2098 1940 2131 25

1981 1774 1987 1789 Υ

298 2273 323 2311 2
357 2269 414 2312 do
445 2269 530 2312 LR
563 2271 715 2313 domos
745 2269 781 2313 L
805 2269 848 2313 II
870 2282 993 2313 man.
1019 2283 1043 2312 r
1074 2282 1135 2312 an
1165 2269 1326 2313 domus
1357 2267 1414 2311 cf.
1449 2271 1566 2311 645?
1623 2269 1630 2324 1
1686 2267 1872 2322 sedeque

178 2326 264 2369 LR
288 2341 401 2371 corr.
419 2343 454 2372 r.
540 2332 567 2371 4
593 2329 796 2383 loquitur
811 2329 898 2372 LR
921 2333 1089 2372 narrat
1112 2327 1182 2372 ed.
1213 2330 1218 2384 Ι
1247 2328 1508 2384 quaerentis
1530 2326 1565 2369 L
1592 2327 1714 2370 -ibus
1737 2325 1808 2369 ed.

181 2390 204 2427 7
230 2399 396 2444 vayare
412 2386 461 2430 L.
491 2389 496 2443 Ι
523 2388 609 2431 hac
624 2387 711 2430 LR
735 2403 789 2432 ae
811 2403 846 2431 r.
941 2392 966 2430 9
990 2390 1100 2444 post
1123 2387 1407 2431 venientibus
1431 2386 1638 2442 spatium
1663 2385 1871 2442 quinque

177 2444 442 2488 litterarum
473 2448 610 2490 vacat
641 2446 691 2489 in
722 2447 779 2490 L:
813 2446 1010 2503 signavi,
1039 2445 1129 2490 etsi
1161 2445 1281 2489 nihil
1314 2444 1651 2489 desideraveris
1683 2444 1872 2488 advenis

178 2504 316 2548 inser.
350 2505 420 2549 ed.
575 2509 629 2548 10
661 2506 824 2550 incolis
854 2506 939 2549 LR
971 2507 1060 2550 -las
1090 2520 1125 2549 r.
1273 2509 1326 2548 11
1361 2505 1509 2549 omnis
1539 2504 1625 2546 LR
1657 2505 1760 2548 -nia
1789 2517 1825 2549 r.
1861 2503 1866 2562 1

171 2577 395 2619 personae
427 2563 513 2607 LR
545 2578 628 2607 -na
658 2579 682 2607 r
713 2565 836 2622 (vide
867 2565 1022 2621 infra).
1157 2569 1212 2608 12
1245 2564 1475 2608 Anchisae
1506 2563 1577 2606 ed.
1612 2562 1687 2620 (cf.
1715 2568 1756 2618 1,
1781 2564 1854 2618 34)
1926 2587 1932 2591 -

270 2627 322 2665 13
356 2627 499 2667 erecta
531 2623 618 2666 LR
649 2623 720 2666 ed.
753 2625 891 2668 electa
921 2624 995 2668 vel
1026 2625 1204 2669 decreta
1233 2638 1257 2666 r
1298 2623 1448 2667 edicta
1484 2636 1569 2666 nos
1617 2622 1674 2665 cf.
1710 2625 1808 2665 146.

181 2685 236 2724 14
266 2682 408 2737 possit
439 2681 525 2725 LR
548 2687 700 2738 posset
730 2697 752 2725 r
784 2683 855 2726 ed.
989 2688 1042 2726 16
1068 2696 1269 2739 persona
1300 2682 1387 2725 LR
1418 2682 1490 2726 ed.
1517 2695 1740 2737 personae
1770 2694 1869 2735 nos,

179 2740 293 2795 quia
325 2741 392 2784 sic
424 2755 566 2797 supra
597 2742 645 2784 et
676 2742 910 2786 sententia
940 2741 1105 2799 poscit.
1230 2746 1284 2785 18
1318 2741 1498 2785 auxilio
1529 2740 1616 2783 LR
1648 2756 1689 2784 a.
1723 2744 1765 2784 et
1795 2739 1868 2783 ed.

269 2804 324 2843 22
356 2801 631 2858 naviqamus
666 2801 744 2844 sed
782 2801 985 2846 volamus
1018 2801 1089 2845 ed.
1149 2803 1154 2858 Ι
1212 2801 1332 2845 enim
1364 2813 1517 2844 errare
1548 2799 1635 2842 LR
1673 2812 1870 2843 narrare

179 2871 404 2915 superscr.
437 2858 472 2901 L
504 2858 547 2902 H
577 2871 700 2903 man.
739 2873 957 2904 enarrare
987 2874 1011 2903 1·
1048 2871 1331 2904 enumerare*
1351 2859 1422 2903 ed.
1591 2862 1647 2901 23
1677 2859 1870 2902 nomina

177 2930 332 2974 reyum
370 2917 457 2960 LR
501 2919 740 2963 nominare
785 2931 886 2963 cum
931 2933 955 2961 r
1001 2918 1058 2963 ef.
1094 2923 1178 2962 125
1225 2918 1416 2962 nomina
1461 2917 1698 2975 reqionum
1737 2916 1808 2960 ed.

179 2979 235 3018 25
259 2977 445 3033 pharon
474 2976 561 3020 LR
592 2978 753 3022 Paron
783 2977 855 3021 ed.
1853 2983 1862 2989 '
