<?xml version="1.0" encoding="UTF-8"?>
<!DOCTYPE html PUBLIC "-//W3C//DTD XHTML 1.0 Transitional//EN"
    "http://www.w3.org/TR/xhtml1/DTD/xhtml1-transitional.dtd">
<html xmlns="http://www.w3.org/1999/xhtml" xml:lang="en" lang="en">
 <head>
  <title>
</title>
<meta http-equiv="Content-Type" content="text/html;charset=utf-8" />
  <meta name='ocr-system' content='tesseract 3.04.00' />
  <meta name='ocr-capabilities' content='ocr_page ocr_carea ocr_par ocr_line ocrx_word'/>
</head>
<body>
  <div class='ocr_page' id='page_1' title='image "./interpretationes01donauoft_0124.png"; bbox 0 0 2014 3226; ppageno 0'>
   <div class='ocr_carea' id='block_1_1' title="bbox 172 129 1385 186">
    <p class='ocr_par' dir='ltr' id='par_1_1' title="bbox 172 129 1385 186">
     <span class='ocr_line' id='line_1_1' title="bbox 172 129 1385 186; baseline -0.011 0"><span class='ocrx_word' id='word_1_1' title='bbox 172 136 239 186; x_wconf 74' lang='grc'>74</span> <span class='ocrx_word' id='word_1_2' title='bbox 634 132 863 175; x_wconf 71' lang='lat' dir='ltr'><strong>DONATI</strong></span> <span class='ocrx_word' id='word_1_3' title='bbox 895 131 1173 174; x_wconf 69' lang='lat' dir='ltr'>INTERPR.</span> <span class='ocrx_word' id='word_1_4' title='bbox 1209 129 1385 174; x_wconf 79' lang='lat' dir='ltr'><strong>VERG.</strong></span> 
     </span>
    </p>
   </div>
   <div class='ocr_carea' id='block_1_2' title="bbox 79 270 1925 2406">
    <p class='ocr_par' dir='ltr' id='par_1_2' title="bbox 79 270 1925 2406">
     <span class='ocr_line' id='line_1_2' title="bbox 169 270 1858 334; baseline -0.002 -13"><span class='ocrx_word' id='word_1_5' title='bbox 169 276 298 321; x_wconf 85' lang='lat' dir='ltr'>enim</span> <span class='ocrx_word' id='word_1_6' title='bbox 354 274 623 321; x_wconf 85' lang='lat' dir='ltr'>ditissimus</span> <span class='ocrx_word' id='word_1_7' title='bbox 680 272 782 334; x_wconf 84' lang='lat' dir='ltr'>agri</span> <span class='ocrx_word' id='word_1_8' title='bbox 833 271 1151 318; x_wconf 78' lang='lat' dir='ltr'>Phoenicum.</span> <span class='ocrx_word' id='word_1_9' title='bbox 1233 271 1362 332; x_wconf 91' lang='lat' dir='ltr'>quod</span> <span class='ocrx_word' id='word_1_10' title='bbox 1411 273 1576 318; x_wconf 90' lang='lat' dir='ltr'>autem</span> <span class='ocrx_word' id='word_1_11' title='bbox 1629 270 1755 317; x_wconf 82' lang='lat' dir='ltr'>dixit</span> <span class='ocrx_word' id='word_1_12' title='bbox 1809 273 1858 318; x_wconf 91' lang='lat' dir='ltr'>et</span> 
     </span>
     <span class='ocr_line' id='line_1_3' title="bbox 168 340 1857 410; baseline -0.002 -15"><span class='ocrx_word' id='word_1_13' title='bbox 168 364 346 410; x_wconf 86' lang='lat' dir='ltr'>magno</span> <span class='ocrx_word' id='word_1_14' title='bbox 402 348 608 394; x_wconf 80' lang='lat' dir='ltr'>miserae</span> <span class='ocrx_word' id='word_1_15' title='bbox 664 346 870 393; x_wconf 89' lang='lat' dir='ltr'>dilectus</span> <span class='ocrx_word' id='word_1_16' title='bbox 927 361 1113 405; x_wconf 89' lang='lat' dir='ltr'>amore,</span> <span class='ocrx_word' id='word_1_17' title='bbox 1167 340 1354 409; x_wconf 82' lang='lat' dir='ltr'>[dixit‚]</span> <span class='ocrx_word' id='word_1_18' title='bbox 1402 348 1459 391; x_wconf 93' lang='lat' dir='ltr'>ut</span> <span class='ocrx_word' id='word_1_19' title='bbox 1505 345 1619 392; x_wconf 91' lang='lat' dir='ltr'>inde</span> <span class='ocrx_word' id='word_1_20' title='bbox 1666 345 1857 391; x_wconf 87' lang='lat' dir='ltr'>factum</span> 
     </span>
     <span class='ocr_line' id='line_1_4' title="bbox 167 418 1855 484; baseline -0.004 -15"><span class='ocrx_word' id='word_1_21' title='bbox 167 422 507 484; x_wconf 79' lang='lat' dir='ltr'>Pygmalionis</span> <span class='ocrx_word' id='word_1_22' title='bbox 540 422 698 482; x_wconf 87' lang='lat' dir='ltr'>magis</span> <span class='ocrx_word' id='word_1_23' title='bbox 731 421 987 482; x_wconf 83' lang='lat' dir='ltr'>magisque</span> <span class='ocrx_word' id='word_1_24' title='bbox 1025 421 1331 481; x_wconf 71' lang='lat' dir='ltr'>gravaretur,</span> <span class='ocrx_word' id='word_1_25' title='bbox 1373 419 1505 479; x_wconf 89' lang='lat' dir='ltr'>quod</span> <span class='ocrx_word' id='word_1_26' title='bbox 1546 418 1855 466; x_wconf 89' lang='lat' dir='ltr'>carissimum</span> 
     </span>
     <span class='ocr_line' id='line_1_5' title="bbox 168 492 1857 554; baseline -0.002 -12"><span class='ocrx_word' id='word_1_27' title='bbox 168 498 322 543; x_wconf 85' lang='lat' dir='ltr'>sorori</span> <span class='ocrx_word' id='word_1_28' title='bbox 363 496 611 541; x_wconf 76' lang='lat' dir='ltr'>necaverit</span> <span class='ocrx_word' id='word_1_29' title='bbox 650 495 825 552; x_wconf 83' lang='lat' dir='ltr'>virum,</span> <span class='ocrx_word' id='word_1_30' title='bbox 874 495 953 540; x_wconf 92' lang='lat' dir='ltr'>cui</span> <span class='ocrx_word' id='word_1_31' title='bbox 991 495 1134 554; x_wconf 89' lang='lat' dir='ltr'>pater</span> <span class='ocrx_word' id='word_1_32' title='bbox 1172 495 1413 540; x_wconf 76' lang='lat' dir='ltr'>intactam</span> <span class='ocrx_word' id='word_1_33' title='bbox 1454 492 1670 553; x_wconf 83' lang='lat' dir='ltr'>dederat,</span> <span class='ocrx_word' id='word_1_34' title='bbox 1709 495 1766 539; x_wconf 94' lang='lat' dir='ltr'>ut</span> <span class='ocrx_word' id='word_1_35' title='bbox 1803 494 1857 539; x_wconf 91' lang='lat' dir='ltr'>in</span> 
     </span>
     <span class='ocr_line' id='line_1_6' title="bbox 169 566 1922 630; baseline -0.001 -13"><span class='ocrx_word' id='word_1_36' title='bbox 169 569 374 630; x_wconf 76' lang='lat' dir='ltr'>Sychaei</span> <span class='ocrx_word' id='word_1_37' title='bbox 422 584 536 615; x_wconf 85' lang='lat' dir='ltr'>nece</span> <span class='ocrx_word' id='word_1_38' title='bbox 585 568 735 615; x_wconf 80' lang='lat' dir='ltr'>etiam</span> <span class='ocrx_word' id='word_1_39' title='bbox 784 569 955 614; x_wconf 90' lang='lat' dir='ltr'>contra</span> <span class='ocrx_word' id='word_1_40' title='bbox 1002 567 1240 613; x_wconf 89' lang='lat' dir='ltr'>iudicium</span> <span class='ocrx_word' id='word_1_41' title='bbox 1286 566 1444 627; x_wconf 86' lang='lat' dir='ltr'>patris</span> <span class='ocrx_word' id='word_1_42' title='bbox 1492 567 1649 614; x_wconf 89' lang='lat' dir='ltr'>scelus</span> <span class='ocrx_word' id='word_1_43' title='bbox 1701 566 1856 613; x_wconf 90' lang='lat' dir='ltr'>admi-</span> <span class='ocrx_word' id='word_1_44' title='bbox 1903 582 1922 616; x_wconf 84' lang='lat'><strong>5</strong></span> 
     </span>
     <span class='ocr_line' id='line_1_7' title="bbox 79 640 1855 701; baseline 0 -15"><span class='ocrx_word' id='word_1_45' title='bbox 79 650 164 687; x_wconf 81' lang='lat'>350</span> <span class='ocrx_word' id='word_1_46' title='bbox 183 644 301 691; x_wconf 82' lang='lat' dir='ltr'>sisse</span> <span class='ocrx_word' id='word_1_47' title='bbox 340 643 579 689; x_wconf 83' lang='lat' dir='ltr'>videatur.</span> <span class='ocrx_word' id='word_1_48' title='bbox 657 642 781 688; x_wconf 78' lang='lat' dir='ltr'>clam</span> <span class='ocrx_word' id='word_1_49' title='bbox 820 644 949 700; x_wconf 76' lang='lat' dir='ltr'>ferro</span> <span class='ocrx_word' id='word_1_50' title='bbox 989 644 1235 688; x_wconf 53' lang='lat' dir='ltr'>‘incautum</span> <span class='ocrx_word' id='word_1_51' title='bbox 1278 644 1501 699; x_wconf 68' lang='lat' dir='ltr'>superat:</span> <span class='ocrx_word' id='word_1_52' title='bbox 1557 641 1685 687; x_wconf 89' lang='lat' dir='ltr'>clam</span> <span class='ocrx_word' id='word_1_53' title='bbox 1724 640 1855 701; x_wconf 91' lang='lat' dir='ltr'>quod</span> 
     </span>
     <span class='ocr_line' id='line_1_8' title="bbox 167 714 1856 779; baseline -0.002 -16"><span class='ocrx_word' id='word_1_54' title='bbox 167 718 345 779; x_wconf 73' lang='lat' dir='ltr'>posuit,</span> <span class='ocrx_word' id='word_1_55' title='bbox 386 719 565 778; x_wconf 77' lang='lat' dir='ltr'>gravat</span> <span class='ocrx_word' id='word_1_56' title='bbox 603 715 943 778; x_wconf 83' lang='lat' dir='ltr'>Pygmalionis</span> <span class='ocrx_word' id='word_1_57' title='bbox 984 731 1204 774; x_wconf 73' lang='lat' dir='ltr'>causam,</span> <span class='ocrx_word' id='word_1_58' title='bbox 1270 715 1435 761; x_wconf 88' lang='lat' dir='ltr'>nullus</span> <span class='ocrx_word' id='word_1_59' title='bbox 1485 715 1616 760; x_wconf 84' lang='lat' dir='ltr'>enim</span> <span class='ocrx_word' id='word_1_60' title='bbox 1663 714 1856 774; x_wconf 90' lang='lat' dir='ltr'>aliquid</span> 
     </span>
     <span class='ocr_line' id='line_1_9' title="bbox 167 789 1854 850; baseline -0.001 -14"><span class='ocrx_word' id='word_1_61' title='bbox 167 792 215 837; x_wconf 85' lang='lat' dir='ltr'>in</span> <span class='ocrx_word' id='word_1_62' title='bbox 259 791 449 837; x_wconf 86' lang='lat' dir='ltr'>occulto</span> <span class='ocrx_word' id='word_1_63' title='bbox 490 790 714 836; x_wconf 84' lang='lat' dir='ltr'>admittit</span> <span class='ocrx_word' id='word_1_64' title='bbox 746 789 842 837; x_wconf 88' lang='lat' dir='ltr'>nisi</span> <span class='ocrx_word' id='word_1_65' title='bbox 879 789 964 850; x_wconf 93' lang='lat' dir='ltr'>qui</span> <span class='ocrx_word' id='word_1_66' title='bbox 998 791 1123 836; x_wconf 84' lang='lat' dir='ltr'>sciat</span> <span class='ocrx_word' id='word_1_67' title='bbox 1155 804 1205 836; x_wconf 89' lang='lat' dir='ltr'>se</span> <span class='ocrx_word' id='word_1_68' title='bbox 1238 789 1434 835; x_wconf 88' lang='lat' dir='ltr'>inlicita</span> <span class='ocrx_word' id='word_1_69' title='bbox 1466 789 1854 836; x_wconf 88' lang='lat' dir='ltr'>commissurum.</span> 
     </span>
     <span class='ocr_line' id='line_1_10' title="bbox 166 862 1856 926; baseline -0.001 -15"><span class='ocrx_word' id='word_1_70' title='bbox 166 868 361 926; x_wconf 87' lang='lat' dir='ltr'>praeter</span> <span class='ocrx_word' id='word_1_71' title='bbox 399 864 491 911; x_wconf 89' lang='lat' dir='ltr'>hoc</span> <span class='ocrx_word' id='word_1_72' title='bbox 532 865 682 910; x_wconf 89' lang='lat' dir='ltr'>etiam</span> <span class='ocrx_word' id='word_1_73' title='bbox 721 863 846 909; x_wconf 88' lang='lat' dir='ltr'>illud</span> <span class='ocrx_word' id='word_1_74' title='bbox 886 863 1114 925; x_wconf 85' lang='lat' dir='ltr'>intellegi</span> <span class='ocrx_word' id='word_1_75' title='bbox 1152 864 1338 924; x_wconf 86' lang='lat' dir='ltr'>potest,</span> <span class='ocrx_word' id='word_1_76' title='bbox 1377 862 1490 909; x_wconf 90' lang='lat' dir='ltr'>ideo</span> <span class='ocrx_word' id='word_1_77' title='bbox 1532 862 1681 922; x_wconf 88' lang='lat' dir='ltr'>clam,</span> <span class='ocrx_word' id='word_1_78' title='bbox 1723 863 1856 923; x_wconf 88' lang='lat' dir='ltr'>quia,</span> 
     </span>
     <span class='ocr_line' id='line_1_11' title="bbox 167 935 1925 999; baseline 0 -14"><span class='ocrx_word' id='word_1_79' title='bbox 167 940 206 986; x_wconf 86' lang='lat' dir='ltr'>si</span> <span class='ocrx_word' id='word_1_80' title='bbox 261 939 429 999; x_wconf 89' lang='lat' dir='ltr'>palam</span> <span class='ocrx_word' id='word_1_81' title='bbox 484 937 675 998; x_wconf 91' lang='lat' dir='ltr'>aliquid</span> <span class='ocrx_word' id='word_1_82' title='bbox 731 941 991 984; x_wconf 80' lang='lat' dir='ltr'>conaretur</span> <span class='ocrx_word' id='word_1_83' title='bbox 1046 937 1329 996; x_wconf 87' lang='lat' dir='ltr'>admittere,</span> <span class='ocrx_word' id='word_1_84' title='bbox 1392 936 1525 983; x_wconf 91' lang='lat' dir='ltr'>salus</span> <span class='ocrx_word' id='word_1_85' title='bbox 1580 935 1856 983; x_wconf 90' lang='lat' dir='ltr'>innocentis</span> <span class='ocrx_word' id='word_1_86' title='bbox 1883 953 1925 985; x_wconf 81' lang='grc' dir='ltr'>ιο</span> 
     </span>
     <span class='ocr_line' id='line_1_12' title="bbox 166 1010 1856 1073; baseline -0.002 -14"><span class='ocrx_word' id='word_1_87' title='bbox 166 1015 332 1073; x_wconf 89' lang='lat' dir='ltr'>posset</span> <span class='ocrx_word' id='word_1_88' title='bbox 386 1027 414 1057; x_wconf 91' lang='lat' dir='ltr'>a</span> <span class='ocrx_word' id='word_1_89' title='bbox 469 1011 697 1073; x_wconf 83' lang='lat' dir='ltr'>plurimis</span> <span class='ocrx_word' id='word_1_90' title='bbox 761 1011 958 1058; x_wconf 88' lang='lat' dir='ltr'>defendi</span> <span class='ocrx_word' id='word_1_91' title='bbox 1019 1014 1192 1058; x_wconf 89' lang='lat' dir='ltr'>contra</span> <span class='ocrx_word' id='word_1_92' title='bbox 1253 1011 1527 1058; x_wconf 87' lang='lat' dir='ltr'>violentum</span> <span class='ocrx_word' id='word_1_93' title='bbox 1583 1010 1856 1057; x_wconf 90' lang='lat' dir='ltr'>consilium.</span> 
     </span>
     <span class='ocr_line' id='line_1_13' title="bbox 167 1084 1856 1149; baseline -0.001 -17"><span class='ocrx_word' id='word_1_94' title='bbox 167 1102 281 1149; x_wconf 88' lang='lat' dir='ltr'>ergo</span> <span class='ocrx_word' id='word_1_95' title='bbox 329 1086 557 1133; x_wconf 88' lang='lat' dir='ltr'>scelerati</span> <span class='ocrx_word' id='word_1_96' title='bbox 601 1085 815 1133; x_wconf 87' lang='lat' dir='ltr'>hominis</span> <span class='ocrx_word' id='word_1_97' title='bbox 864 1086 960 1132; x_wconf 86' lang='lat' dir='ltr'>fuit</span> <span class='ocrx_word' id='word_1_98' title='bbox 1008 1086 1133 1132; x_wconf 84' lang='lat' dir='ltr'>clam</span> <span class='ocrx_word' id='word_1_99' title='bbox 1182 1085 1456 1148; x_wconf 87' lang='lat' dir='ltr'>cogitatum</span> <span class='ocrx_word' id='word_1_100' title='bbox 1503 1084 1697 1131; x_wconf 86' lang='lat' dir='ltr'>facinus</span> <span class='ocrx_word' id='word_1_101' title='bbox 1747 1100 1856 1145; x_wconf 89' lang='lat' dir='ltr'>per-</span> 
     </span>
     <span class='ocr_line' id='line_1_14' title="bbox 165 1158 1856 1222; baseline -0.001 -16"><span class='ocrx_word' id='word_1_102' title='bbox 165 1162 381 1222; x_wconf 87' lang='lat' dir='ltr'>petrare,</span> <span class='ocrx_word' id='word_1_103' title='bbox 436 1162 492 1206; x_wconf 92' lang='lat' dir='ltr'>ut</span> <span class='ocrx_word' id='word_1_104' title='bbox 547 1159 679 1206; x_wconf 90' lang='lat' dir='ltr'>omni</span> <span class='ocrx_word' id='word_1_105' title='bbox 732 1161 1014 1207; x_wconf 87' lang='lat' dir='ltr'>coniectura</span> <span class='ocrx_word' id='word_1_106' title='bbox 1061 1161 1281 1206; x_wconf 90' lang='lat' dir='ltr'>cessante</span> <span class='ocrx_word' id='word_1_107' title='bbox 1327 1159 1507 1206; x_wconf 84' lang='lat' dir='ltr'>lateret</span> <span class='ocrx_word' id='word_1_108' title='bbox 1553 1159 1727 1205; x_wconf 86' lang='lat' dir='ltr'>auctor</span> <span class='ocrx_word' id='word_1_109' title='bbox 1773 1158 1856 1205; x_wconf 90' lang='lat' dir='ltr'>ad-</span> 
     </span>
     <span class='ocr_line' id='line_1_15' title="bbox 164 1228 1858 1294; baseline -0.001 -14"><span class='ocrx_word' id='word_1_110' title='bbox 164 1228 316 1282; x_wconf 88' lang='lat' dir='ltr'>missi.</span> <span class='ocrx_word' id='word_1_111' title='bbox 380 1233 489 1294; x_wconf 89' lang='lat' dir='ltr'>quis</span> <span class='ocrx_word' id='word_1_112' title='bbox 529 1235 660 1280; x_wconf 89' lang='lat' dir='ltr'>enim</span> <span class='ocrx_word' id='word_1_113' title='bbox 700 1233 918 1281; x_wconf 87' lang='lat' dir='ltr'>crederet</span> <span class='ocrx_word' id='word_1_114' title='bbox 958 1235 1139 1281; x_wconf 86' lang='lat' dir='ltr'>sororis</span> <span class='ocrx_word' id='word_1_115' title='bbox 1178 1235 1355 1292; x_wconf 86' lang='lat' dir='ltr'>virum,</span> <span class='ocrx_word' id='word_1_116' title='bbox 1388 1234 1547 1280; x_wconf 87' lang='lat' dir='ltr'>sorori</span> <span class='ocrx_word' id='word_1_117' title='bbox 1578 1232 1858 1292; x_wconf 87' lang='lat' dir='ltr'>amabilem,</span> 
     </span>
     <span class='ocr_line' id='line_1_16' title="bbox 166 1306 1923 1370; baseline 0.001 -16"><span class='ocrx_word' id='word_1_118' title='bbox 166 1308 314 1354; x_wconf 87' lang='lat' dir='ltr'>nullis</span> <span class='ocrx_word' id='word_1_119' title='bbox 360 1308 638 1354; x_wconf 90' lang='lat' dir='ltr'>inimicitiis</span> <span class='ocrx_word' id='word_1_120' title='bbox 685 1308 1151 1367; x_wconf 87' lang='lat' dir='ltr'>intervenientibus,</span> <span class='ocrx_word' id='word_1_121' title='bbox 1199 1307 1456 1354; x_wconf 84' lang='lat' dir='ltr'>innoxium</span> <span class='ocrx_word' id='word_1_122' title='bbox 1496 1322 1688 1368; x_wconf 88' lang='lat' dir='ltr'>semper</span> <span class='ocrx_word' id='word_1_123' title='bbox 1726 1306 1855 1370; x_wconf 91' lang='lat' dir='ltr'>Pyg-</span> <span class='ocrx_word' id='word_1_124' title='bbox 1883 1322 1923 1356; x_wconf 80' lang='lat'>15</span> 
     </span>
     <span class='ocr_line' id='line_1_17' title="bbox 165 1380 1857 1445; baseline 0.001 -18"><span class='ocrx_word' id='word_1_125' title='bbox 165 1382 394 1429; x_wconf 89' lang='lat' dir='ltr'>malionis</span> <span class='ocrx_word' id='word_1_126' title='bbox 435 1381 644 1428; x_wconf 76' lang='lat' dir='ltr'>saevitia</span> <span class='ocrx_word' id='word_1_127' title='bbox 678 1380 993 1445; x_wconf 79' lang='lat' dir='ltr'>iugulatum?</span> <span class='ocrx_word' id='word_1_128' title='bbox 1050 1397 1146 1443; x_wconf 92' lang='lat' dir='ltr'>quo</span> <span class='ocrx_word' id='word_1_129' title='bbox 1185 1382 1293 1429; x_wconf 87' lang='grc'>1000</span> <span class='ocrx_word' id='word_1_130' title='bbox 1332 1381 1648 1442; x_wconf 87' lang='lat' dir='ltr'>plenissimae</span> <span class='ocrx_word' id='word_1_131' title='bbox 1688 1380 1857 1428; x_wconf 89' lang='lat' dir='ltr'>crude-</span> 
     </span>
     <span class='ocr_line' id='line_1_18' title="bbox 165 1453 1858 1518; baseline 0 -17"><span class='ocrx_word' id='word_1_132' title='bbox 165 1456 324 1503; x_wconf 88' lang='lat' dir='ltr'>litatis</span> <span class='ocrx_word' id='word_1_133' title='bbox 363 1471 474 1503; x_wconf 90' lang='lat' dir='ltr'>reus</span> <span class='ocrx_word' id='word_1_134' title='bbox 507 1455 802 1518; x_wconf 89' lang='lat' dir='ltr'>Pygmalion</span> <span class='ocrx_word' id='word_1_135' title='bbox 836 1456 1128 1516; x_wconf 88' lang='lat' dir='ltr'>ostenditur,</span> <span class='ocrx_word' id='word_1_136' title='bbox 1161 1457 1203 1503; x_wconf 89' lang='lat' dir='ltr'>si</span> <span class='ocrx_word' id='word_1_137' title='bbox 1235 1455 1433 1517; x_wconf 85' lang='lat' dir='ltr'>quidem</span> <span class='ocrx_word' id='word_1_138' title='bbox 1466 1456 1624 1503; x_wconf 87' lang='lat' dir='ltr'>sciens</span> <span class='ocrx_word' id='word_1_139' title='bbox 1658 1453 1858 1502; x_wconf 87' lang='lat' dir='ltr'>admisit</span> 
     </span>
     <span class='ocr_line' id='line_1_19' title="bbox 166 1529 1857 1591; baseline 0 -15"><span class='ocrx_word' id='word_1_140' title='bbox 166 1529 297 1590; x_wconf 88' lang='lat' dir='ltr'>quod</span> <span class='ocrx_word' id='word_1_141' title='bbox 337 1529 568 1577; x_wconf 90' lang='lat' dir='ltr'>credibile</span> <span class='ocrx_word' id='word_1_142' title='bbox 609 1531 832 1576; x_wconf 83' lang='lat' dir='ltr'>futurum</span> <span class='ocrx_word' id='word_1_143' title='bbox 872 1546 971 1577; x_wconf 92' lang='lat' dir='ltr'>non</span> <span class='ocrx_word' id='word_1_144' title='bbox 1010 1529 1236 1591; x_wconf 80' lang='lat' dir='ltr'>putabat.</span> <span class='ocrx_word' id='word_1_145' title='bbox 1307 1530 1556 1590; x_wconf 88' lang='lat' dir='ltr'>postremo</span> <span class='ocrx_word' id='word_1_146' title='bbox 1596 1530 1767 1576; x_wconf 89' lang='lat' dir='ltr'>tutum</span> <span class='ocrx_word' id='word_1_147' title='bbox 1806 1543 1857 1576; x_wconf 88' lang='lat' dir='ltr'>se</span> 
     </span>
     <span class='ocr_line' id='line_1_20' title="bbox 165 1602 1856 1666; baseline 0 -16"><span class='ocrx_word' id='word_1_148' title='bbox 165 1603 338 1664; x_wconf 87' lang='lat' dir='ltr'>utique</span> <span class='ocrx_word' id='word_1_149' title='bbox 377 1619 520 1664; x_wconf 89' lang='lat' dir='ltr'>posse</span> <span class='ocrx_word' id='word_1_150' title='bbox 561 1619 663 1651; x_wconf 83' lang='lat' dir='ltr'>esse</span> <span class='ocrx_word' id='word_1_151' title='bbox 698 1603 928 1651; x_wconf 85' lang='lat' dir='ltr'>credebat</span> <span class='ocrx_word' id='word_1_152' title='bbox 960 1620 1017 1651; x_wconf 86' lang='lat' dir='ltr'>ex</span> <span class='ocrx_word' id='word_1_153' title='bbox 1049 1604 1208 1666; x_wconf 87' lang='lat' dir='ltr'>regali</span> <span class='ocrx_word' id='word_1_154' title='bbox 1238 1604 1487 1665; x_wconf 82' lang='lat' dir='ltr'>potentia3</span> <span class='ocrx_word' id='word_1_155' title='bbox 1526 1619 1643 1650; x_wconf 91' lang='lat' dir='ltr'>nam</span> <span class='ocrx_word' id='word_1_156' title='bbox 1672 1602 1856 1650; x_wconf 88' lang='lat' dir='ltr'>idcirco</span> 
     </span>
     <span class='ocr_line' id='line_1_21' title="bbox 164 1676 1924 1742; baseline 0.002 -19"><span class='ocrx_word' id='word_1_157' title='bbox 164 1679 421 1738; x_wconf 88' lang='lat' dir='ltr'>praemisit</span> <span class='ocrx_word' id='word_1_158' title='bbox 459 1680 608 1739; x_wconf 90' lang='lat' dir='ltr'>poeta</span> <span class='ocrx_word' id='word_1_159' title='bbox 647 1677 779 1738; x_wconf 92' lang='lat' dir='ltr'>quod</span> <span class='ocrx_word' id='word_1_160' title='bbox 809 1693 963 1742; x_wconf 90' lang='lat' dir='ltr'>regna</span> <span class='ocrx_word' id='word_1_161' title='bbox 995 1679 1116 1739; x_wconf 80' lang='lat' dir='ltr'>Tyri</span> <span class='ocrx_word' id='word_1_162' title='bbox 1145 1678 1252 1739; x_wconf 91' lang='lat' dir='ltr'>ipse</span> <span class='ocrx_word' id='word_1_163' title='bbox 1283 1677 1532 1725; x_wconf 89' lang='lat' dir='ltr'>retineret.</span> <span class='ocrx_word' id='word_1_164' title='bbox 1586 1676 1708 1725; x_wconf 90' lang='lat' dir='ltr'>dicit</span> <span class='ocrx_word' id='word_1_165' title='bbox 1740 1692 1856 1740; x_wconf 89' lang='lat' dir='ltr'>ergo</span> <span class='ocrx_word' id='word_1_166' title='bbox 1881 1693 1924 1726; x_wconf 80' lang='lat'>2⁰</span> 
     </span>
     <span class='ocr_line' id='line_1_22' title="bbox 165 1751 1859 1814; baseline 0.001 -17"><span class='ocrx_word' id='word_1_167' title='bbox 165 1751 278 1798; x_wconf 88' lang='lat' dir='ltr'>inde</span> <span class='ocrx_word' id='word_1_168' title='bbox 323 1753 572 1803; x_wconf 89' lang='lat' dir='ltr'>inmanior</span> <span class='ocrx_word' id='word_1_169' title='bbox 618 1753 813 1812; x_wconf 89' lang='lat' dir='ltr'>ceteris,</span> <span class='ocrx_word' id='word_1_170' title='bbox 860 1754 999 1814; x_wconf 88' lang='lat' dir='ltr'>quia,</span> <span class='ocrx_word' id='word_1_171' title='bbox 1047 1754 1104 1799; x_wconf 88' lang='lat' dir='ltr'>ut</span> <span class='ocrx_word' id='word_1_172' title='bbox 1151 1752 1341 1799; x_wconf 87' lang='lat' dir='ltr'>dictum</span> <span class='ocrx_word' id='word_1_173' title='bbox 1381 1754 1477 1812; x_wconf 84' lang='lat' dir='ltr'>est,</span> <span class='ocrx_word' id='word_1_174' title='bbox 1525 1751 1708 1799; x_wconf 89' lang='lat' dir='ltr'>occidit</span> <span class='ocrx_word' id='word_1_175' title='bbox 1747 1767 1859 1798; x_wconf 89' lang='lat' dir='ltr'>eum</span> 
     </span>
     <span class='ocr_line' id='line_1_23' title="bbox 168 1824 1856 1887; baseline 0 -15"><span class='ocrx_word' id='word_1_176' title='bbox 168 1826 253 1885; x_wconf 74' lang='lat' dir='ltr'>qui</span> <span class='ocrx_word' id='word_1_177' title='bbox 300 1827 428 1873; x_wconf 89' lang='lat' dir='ltr'>esset</span> <span class='ocrx_word' id='word_1_178' title='bbox 472 1827 706 1874; x_wconf 90' lang='lat' dir='ltr'>innocens</span> <span class='ocrx_word' id='word_1_179' title='bbox 755 1829 804 1873; x_wconf 89' lang='lat' dir='ltr'>et</span> <span class='ocrx_word' id='word_1_180' title='bbox 851 1826 939 1887; x_wconf 91' lang='lat' dir='ltr'>qui</span> <span class='ocrx_word' id='word_1_181' title='bbox 984 1826 1148 1874; x_wconf 83' lang='lat' dir='ltr'>nullas</span> <span class='ocrx_word' id='word_1_182' title='bbox 1195 1842 1307 1873; x_wconf 92' lang='lat' dir='ltr'>cum</span> <span class='ocrx_word' id='word_1_183' title='bbox 1347 1841 1403 1873; x_wconf 92' lang='lat' dir='ltr'>eo</span> <span class='ocrx_word' id='word_1_184' title='bbox 1443 1824 1732 1873; x_wconf 88' lang='lat' dir='ltr'>inimicitias</span> <span class='ocrx_word' id='word_1_185' title='bbox 1771 1825 1856 1872; x_wconf 89' lang='lat' dir='ltr'>ha-</span> 
     </span>
     <span class='ocr_line' id='line_1_24' title="bbox 165 1897 1858 1962; baseline 0.001 -18"><span class='ocrx_word' id='word_1_186' title='bbox 165 1897 367 1958; x_wconf 89' lang='lat' dir='ltr'>buisset,</span> <span class='ocrx_word' id='word_1_187' title='bbox 406 1899 587 1946; x_wconf 88' lang='lat' dir='ltr'>occidit</span> <span class='ocrx_word' id='word_1_188' title='bbox 626 1901 808 1948; x_wconf 88' lang='lat' dir='ltr'>sororis</span> <span class='ocrx_word' id='word_1_189' title='bbox 847 1901 1026 1960; x_wconf 84' lang='lat' dir='ltr'>virum,</span> <span class='ocrx_word' id='word_1_190' title='bbox 1060 1900 1144 1962; x_wconf 91' lang='lat' dir='ltr'>qui</span> <span class='ocrx_word' id='word_1_191' title='bbox 1185 1915 1404 1948; x_wconf 86' lang='lat' dir='ltr'>sororem</span> <span class='ocrx_word' id='word_1_192' title='bbox 1443 1901 1547 1947; x_wconf 91' lang='lat' dir='ltr'>eius</span> <span class='ocrx_word' id='word_1_193' title='bbox 1585 1915 1858 1960; x_wconf 89' lang='lat' dir='ltr'>numquam</span> 
     </span>
     <span class='ocr_line' id='line_1_25' title="bbox 167 1968 1857 2035; baseline 0.001 -17"><span class='ocrx_word' id='word_1_194' title='bbox 167 1972 390 2020; x_wconf 88' lang='lat' dir='ltr'>laesisset</span> <span class='ocrx_word' id='word_1_195' title='bbox 427 1968 523 2035; x_wconf 90' lang='lat' dir='ltr'>†et</span> <span class='ocrx_word' id='word_1_196' title='bbox 563 1988 689 2034; x_wconf 91' lang='lat' dir='ltr'>quae</span> <span class='ocrx_word' id='word_1_197' title='bbox 722 1976 849 2022; x_wconf 88' lang='lat' dir='ltr'>esset</span> <span class='ocrx_word' id='word_1_198' title='bbox 881 1974 1124 2035; x_wconf 90' lang='lat' dir='ltr'>amabilis,</span> <span class='ocrx_word' id='word_1_199' title='bbox 1157 1973 1338 2022; x_wconf 81' lang='lat' dir='ltr'>occidit</span> <span class='ocrx_word' id='word_1_200' title='bbox 1369 1976 1485 2021; x_wconf 89' lang='lat' dir='ltr'>ante</span> <span class='ocrx_word' id='word_1_201' title='bbox 1517 1989 1644 2034; x_wconf 88' lang='lat' dir='ltr'>aras,</span> <span class='ocrx_word' id='word_1_202' title='bbox 1676 1972 1857 2020; x_wconf 89' lang='lat' dir='ltr'>occidit</span> 
     </span>
     <span class='ocr_line' id='line_1_26' title="bbox 166 2040 1924 2113; baseline 0.002 -21"><span class='ocrx_word' id='word_1_203' title='bbox 166 2047 370 2107; x_wconf 88' lang='lat' dir='ltr'>propter</span> <span class='ocrx_word' id='word_1_204' title='bbox 401 2047 558 2094; x_wconf 92' lang='lat' dir='ltr'>solam</span> <span class='ocrx_word' id='word_1_205' title='bbox 589 2049 871 2108; x_wconf 89' lang='lat' dir='ltr'>avaritiam,</span> <span class='ocrx_word' id='word_1_206' title='bbox 903 2049 1085 2096; x_wconf 89' lang='lat' dir='ltr'>occidit</span> <span class='ocrx_word' id='word_1_207' title='bbox 1114 2048 1256 2095; x_wconf 81' lang='lat' dir='ltr'>nulla</span> <span class='ocrx_word' id='word_1_208' title='bbox 1288 2042 1484 2113; x_wconf 87' lang='lat' dir='ltr'>(utpote</span> <span class='ocrx_word' id='word_1_209' title='bbox 1515 2040 1624 2112; x_wconf 86' lang='lat' dir='ltr'>rex)</span> <span class='ocrx_word' id='word_1_210' title='bbox 1658 2048 1857 2095; x_wconf 89' lang='lat' dir='ltr'>coactus</span> <span class='ocrx_word' id='word_1_211' title='bbox 1881 2062 1924 2096; x_wconf 71' lang='lat'>25</span> 
     </span>
     <span class='ocr_line' id='line_1_27' title="bbox 166 2114 1859 2184; baseline 0.001 -18"><span class='ocrx_word' id='word_1_212' title='bbox 166 2121 364 2181; x_wconf 86' lang='lat' dir='ltr'>inopiae</span> <span class='ocrx_word' id='word_1_213' title='bbox 402 2114 694 2169; x_wconf 84' lang='lat' dir='ltr'>ne&#39;cessitate</span> <span class='ocrx_word' id='word_1_214' title='bbox 728 2123 778 2169; x_wconf 87' lang='lat' dir='ltr'>et</span> <span class='ocrx_word' id='word_1_215' title='bbox 809 2138 864 2169; x_wconf 90' lang='lat' dir='ltr'>eo</span> <span class='ocrx_word' id='word_1_216' title='bbox 897 2122 1094 2170; x_wconf 86' lang='lat' dir='ltr'>facilius</span> <span class='ocrx_word' id='word_1_217' title='bbox 1126 2123 1385 2170; x_wconf 85' lang='lat' dir='ltr'>incautum</span> <span class='ocrx_word' id='word_1_218' title='bbox 1417 2121 1693 2184; x_wconf 88' lang='lat' dir='ltr'>adgressus,</span> <span class='ocrx_word' id='word_1_219' title='bbox 1726 2120 1859 2182; x_wconf 87' lang='lat' dir='ltr'>quod</span> 
     </span>
     <span class='ocr_line' id='line_1_28' title="bbox 170 2192 1857 2257; baseline 0.001 -17"><span class='ocrx_word' id='word_1_220' title='bbox 170 2192 416 2254; x_wconf 87' lang='lat' dir='ltr'>Sychaeus</span> <span class='ocrx_word' id='word_1_221' title='bbox 456 2194 583 2242; x_wconf 89' lang='lat' dir='ltr'>nihil</span> <span class='ocrx_word' id='word_1_222' title='bbox 620 2195 722 2243; x_wconf 89' lang='lat' dir='ltr'>tale</span> <span class='ocrx_word' id='word_1_223' title='bbox 754 2211 992 2243; x_wconf 90' lang='lat' dir='ltr'>ausurum</span> <span class='ocrx_word' id='word_1_224' title='bbox 1022 2195 1236 2257; x_wconf 88' lang='lat' dir='ltr'>putabat</span> <span class='ocrx_word' id='word_1_225' title='bbox 1266 2197 1433 2243; x_wconf 83' lang='lat' dir='ltr'>uxoris</span> <span class='ocrx_word' id='word_1_226' title='bbox 1464 2196 1684 2243; x_wconf 87' lang='lat' dir='ltr'>fratrem.</span> <span class='ocrx_word' id='word_1_227' title='bbox 1748 2210 1857 2242; x_wconf 86' lang='lat' dir='ltr'>ecce</span> 
     </span>
     <span class='ocr_line' id='line_1_29' title="bbox 167 2268 1857 2331; baseline 0.001 -17"><span class='ocrx_word' id='word_1_228' title='bbox 167 2268 386 2315; x_wconf 86' lang='lat' dir='ltr'>oratoria</span> <span class='ocrx_word' id='word_1_229' title='bbox 431 2269 484 2314; x_wconf 93' lang='lat' dir='ltr'>in</span> <span class='ocrx_word' id='word_1_230' title='bbox 530 2270 679 2330; x_wconf 89' lang='lat' dir='ltr'>poeta</span> <span class='ocrx_word' id='word_1_231' title='bbox 718 2271 899 2330; x_wconf 86' lang='lat' dir='ltr'>virtus,</span> <span class='ocrx_word' id='word_1_232' title='bbox 946 2287 1102 2317; x_wconf 90' lang='lat' dir='ltr'>unum</span> <span class='ocrx_word' id='word_1_233' title='bbox 1141 2269 1414 2318; x_wconf 85' lang='lat' dir='ltr'>admissum</span> <span class='ocrx_word' id='word_1_234' title='bbox 1454 2270 1655 2331; x_wconf 88' lang='lat' dir='ltr'>quantis</span> <span class='ocrx_word' id='word_1_235' title='bbox 1695 2269 1857 2317; x_wconf 78' lang='grc'>0111111-</span> 
     </span>
     <span class='ocr_line' id='line_1_30' title="bbox 167 2341 1857 2406; baseline 0.002 -19"><span class='ocrx_word' id='word_1_236' title='bbox 167 2357 286 2388; x_wconf 89' lang='lat' dir='ltr'>num</span> <span class='ocrx_word' id='word_1_237' title='bbox 331 2341 592 2404; x_wconf 86' lang='lat' dir='ltr'>generibus</span> <span class='ocrx_word' id='word_1_238' title='bbox 639 2344 917 2406; x_wconf 84' lang='lat' dir='ltr'>aggeravit!</span> <span class='ocrx_word' id='word_1_239' title='bbox 997 2344 1410 2405; x_wconf 86' lang='lat' dir='ltr'>quemadmodum</span> <span class='ocrx_word' id='word_1_240' title='bbox 1447 2343 1546 2391; x_wconf 86' lang='lat' dir='ltr'>loci</span> <span class='ocrx_word' id='word_1_241' title='bbox 1584 2344 1857 2391; x_wconf 82' lang='lat' dir='ltr'>communis</span> 
     </span>
    </p>
   </div>
   <div class='ocr_carea' id='block_1_3' title="bbox 1924 0 2014 2149">
    <p class='ocr_par' dir='ltr' id='par_1_3' title="bbox 1924 0 2014 2149">
     <span class='ocr_line' id='line_1_31' title="bbox 1986 0 2014 1010; baseline 0 0"><span class='ocrx_word' id='word_1_242' title='bbox 1986 0 2014 1010; x_wconf 95' lang='lat' dir='ltr'>    </span> 
     </span>
     <span class='ocr_line' id='line_1_32' title="bbox 1982 1010 2014 1402; baseline 0 -128"><span class='ocrx_word' id='word_1_243' title='bbox 1982 1010 2014 1402; x_wconf 95' lang='lat' dir='ltr'>  </span> 
     </span>
     <span class='ocr_line' id='line_1_33' title="bbox 1924 1402 2014 2149; baseline 0 0"><span class='ocrx_word' id='word_1_244' title='bbox 1924 1402 2014 2149; x_wconf 95' lang='lat' dir='ltr'>    </span> 
     </span>
    </p>
   </div>
   <div class='ocr_carea' id='block_1_4' title="bbox 235 2456 520 2462">
    <p class='ocr_par' dir='ltr' id='par_1_4' title="bbox 235 2456 520 2462">
     <span class='ocr_line' id='line_1_34' title="bbox 235 2456 520 2462; baseline 0 0"><span class='ocrx_word' id='word_1_245' title='bbox 235 2456 520 2462; x_wconf 95' lang='lat' dir='ltr'> </span> 
     </span>
    </p>
   </div>
   <div class='ocr_carea' id='block_1_5' title="bbox 165 2526 1970 2996">
    <p class='ocr_par' dir='ltr' id='par_1_5' title="bbox 165 2526 1970 2996">
     <span class='ocr_line' id='line_1_35' title="bbox 286 2526 1939 2589; baseline 0.002 -22"><span class='ocrx_word' id='word_1_246' title='bbox 286 2530 311 2568; x_wconf 79' lang='lat'><strong>2</strong></span> <span class='ocrx_word' id='word_1_247' title='bbox 353 2529 463 2570; x_wconf 79' lang='lat' dir='ltr'>ante</span> <span class='ocrx_word' id='word_1_248' title='bbox 500 2532 552 2571; x_wconf 79' lang='lat' dir='ltr'>ut</span> <span class='ocrx_word' id='word_1_249' title='bbox 590 2526 780 2571; x_wconf 89' lang='lat' dir='ltr'>verbum</span> <span class='ocrx_word' id='word_1_250' title='bbox 819 2527 1048 2572; x_wconf 84' lang='lat' dir='ltr'>excidisse</span> <span class='ocrx_word' id='word_1_251' title='bbox 1085 2530 1222 2585; x_wconf 75' lang='lat' dir='ltr'>puto,</span> <span class='ocrx_word' id='word_1_252' title='bbox 1263 2528 1375 2584; x_wconf 90' lang='lat' dir='ltr'>quia</span> <span class='ocrx_word' id='word_1_253' title='bbox 1414 2527 1603 2572; x_wconf 82' lang='lat' dir='ltr'>omissio</span> <span class='ocrx_word' id='word_1_254' title='bbox 1635 2527 1858 2571; x_wconf 66' lang='grc'>1111701019,-</span> <span class='ocrx_word' id='word_1_255' title='bbox 1929 2581 1939 2589; x_wconf 28' lang='lat'><strong>⁴</strong></span> 
     </span>
     <span class='ocr_line' id='line_1_36' title="bbox 166 2583 1970 2643; baseline 0.003 -17"><span class='ocrx_word' id='word_1_256' title='bbox 166 2583 276 2627; x_wconf 85' lang='lat' dir='ltr'>bilis</span> <span class='ocrx_word' id='word_1_257' title='bbox 307 2585 513 2639; x_wconf 82' lang='lat' dir='ltr'>videtur,</span> <span class='ocrx_word' id='word_1_258' title='bbox 553 2586 676 2630; x_wconf 74' lang='lat' dir='ltr'>dixit</span> <span class='ocrx_word' id='word_1_259' title='bbox 713 2586 888 2630; x_wconf 84' lang='lat' dir='ltr'>inserui</span> <span class='ocrx_word' id='word_1_260' title='bbox 931 2586 988 2630; x_wconf 90' lang='lat' dir='ltr'>cf.</span> <span class='ocrx_word' id='word_1_261' title='bbox 1023 2591 1110 2631; x_wconf 85' lang='lat'>354</span> <span class='ocrx_word' id='word_1_262' title='bbox 1143 2590 1190 2631; x_wconf 82' lang='lat' dir='ltr'>et</span> <span class='ocrx_word' id='word_1_263' title='bbox 1221 2592 1331 2643; x_wconf 80' lang='lat'>364,</span> <span class='ocrx_word' id='word_1_264' title='bbox 1371 2587 1454 2632; x_wconf 83' lang='lat' dir='ltr'>sed</span> <span class='ocrx_word' id='word_1_265' title='bbox 1484 2587 1691 2631; x_wconf 81' lang='lat' dir='ltr'>incertus</span> <span class='ocrx_word' id='word_1_266' title='bbox 1721 2586 1856 2631; x_wconf 83' lang='lat' dir='ltr'>uncis</span> <span class='ocrx_word' id='word_1_267' title='bbox 1935 2598 1970 2631; x_wconf 65' lang='lat'>132,</span> 
     </span>
     <span class='ocr_line' id='line_1_37' title="bbox 165 2634 1957 2703; baseline 0.002 -18"><span class='ocrx_word' id='word_1_268' title='bbox 165 2641 336 2686; x_wconf 82' lang='lat' dir='ltr'>inclusi</span> <span class='ocrx_word' id='word_1_269' title='bbox 382 2643 616 2700; x_wconf 81' lang='lat' dir='ltr'>(similiter</span> <span class='ocrx_word' id='word_1_270' title='bbox 659 2646 741 2689; x_wconf 86' lang='lat' dir='ltr'>hoc</span> <span class='ocrx_word' id='word_1_271' title='bbox 778 2652 842 2690; x_wconf 82' lang='lat' dir='ltr'>est</span> <span class='ocrx_word' id='word_1_272' title='bbox 886 2646 1187 2690; x_wconf 84' lang='lat' dir='ltr'>inserendum</span> <span class='ocrx_word' id='word_1_273' title='bbox 1224 2646 1388 2703; x_wconf 80' lang='lat' dir='ltr'>putavi</span> <span class='ocrx_word' id='word_1_274' title='bbox 1426 2661 1467 2690; x_wconf 90' lang='lat' dir='ltr'>v.</span> <span class='ocrx_word' id='word_1_275' title='bbox 1496 2651 1549 2690; x_wconf 83' lang='grc'>76</span> <span class='ocrx_word' id='word_1_276' title='bbox 1589 2647 1638 2690; x_wconf 83' lang='lat' dir='ltr'>et</span> <span class='ocrx_word' id='word_1_277' title='bbox 1679 2649 1764 2703; x_wconf 77' lang='lat'>77).</span> <span class='ocrx_word' id='word_1_278' title='bbox 1941 2634 1957 2654; x_wconf 60' lang='lat'><em>⁷</em></span> 
     </span>
     <span class='ocr_line' id='line_1_38' title="bbox 168 2703 1966 2759; baseline 0.002 -14"><span class='ocrx_word' id='word_1_279' title='bbox 168 2707 194 2745; x_wconf 88' lang='lat'><strong>6</strong></span> <span class='ocrx_word' id='word_1_280' title='bbox 225 2708 413 2759; x_wconf 77' lang='lat' dir='ltr'>superat</span> <span class='ocrx_word' id='word_1_281' title='bbox 442 2717 530 2748; x_wconf 91' lang='lat' dir='ltr'>om.</span> <span class='ocrx_word' id='word_1_282' title='bbox 556 2703 627 2747; x_wconf 89' lang='lat' dir='ltr'>ed.</span> <span class='ocrx_word' id='word_1_283' title='bbox 751 2708 777 2747; x_wconf 91' lang='lat'>8</span> <span class='ocrx_word' id='word_1_284' title='bbox 809 2705 894 2749; x_wconf 83' lang='lat' dir='ltr'>scit</span> <span class='ocrx_word' id='word_1_285' title='bbox 923 2706 994 2749; x_wconf 87' lang='lat' dir='ltr'>ed.</span> <span class='ocrx_word' id='word_1_286' title='bbox 1023 2729 1027 2731; x_wconf 17' lang='grc' dir='ltr'><strong>Α</strong></span> <span class='ocrx_word' id='word_1_287' title='bbox 1127 2711 1178 2748; x_wconf 96' lang='grc'>11</span> <span class='ocrx_word' id='word_1_288' title='bbox 1212 2706 1459 2750; x_wconf 75' lang='lat' dir='ltr'>violentum</span> <span class='ocrx_word' id='word_1_289' title='bbox 1489 2705 1575 2748; x_wconf 88' lang='lat' dir='ltr'>LR</span> <span class='ocrx_word' id='word_1_290' title='bbox 1603 2706 1857 2749; x_wconf 74' lang='lat' dir='ltr'>videntium</span> <span class='ocrx_word' id='word_1_291' title='bbox 1931 2707 1966 2731; x_wconf 94' lang='lat'>³&#39;</span> 
     </span>
     <span class='ocr_line' id='line_1_39' title="bbox 167 2760 1858 2820; baseline 0.003 -16"><span class='ocrx_word' id='word_1_292' title='bbox 167 2760 238 2805; x_wconf 87' lang='lat' dir='ltr'>ed.</span> <span class='ocrx_word' id='word_1_293' title='bbox 334 2766 389 2804; x_wconf 86' lang='lat'>13</span> <span class='ocrx_word' id='word_1_294' title='bbox 422 2762 579 2807; x_wconf 79' lang='lat' dir='ltr'>lateret</span> <span class='ocrx_word' id='word_1_295' title='bbox 600 2762 686 2806; x_wconf 91' lang='lat' dir='ltr'>LR</span> <span class='ocrx_word' id='word_1_296' title='bbox 710 2764 899 2808; x_wconf 81' lang='lat' dir='ltr'>laetetur</span> <span class='ocrx_word' id='word_1_297' title='bbox 922 2765 993 2808; x_wconf 88' lang='lat' dir='ltr'>ed.</span> <span class='ocrx_word' id='word_1_298' title='bbox 1103 2768 1277 2808; x_wconf 79' lang='lat'>18-19</span> <span class='ocrx_word' id='word_1_299' title='bbox 1310 2769 1462 2808; x_wconf 81' lang='lat' dir='ltr'>tutum</span> <span class='ocrx_word' id='word_1_300' title='bbox 1483 2778 1528 2809; x_wconf 81' lang='lat' dir='ltr'>se</span> <span class='ocrx_word' id='word_1_301' title='bbox 1551 2765 1708 2820; x_wconf 80' lang='lat' dir='ltr'>utique</span> <span class='ocrx_word' id='word_1_302' title='bbox 1724 2777 1858 2820; x_wconf 77' lang='lat' dir='ltr'>posse</span> 
     </span>
     <span class='ocr_line' id='line_1_40' title="bbox 166 2819 1966 2878; baseline 0 -13"><span class='ocrx_word' id='word_1_303' title='bbox 166 2834 257 2865; x_wconf 73' lang='lat' dir='ltr'>esse</span> <span class='ocrx_word' id='word_1_304' title='bbox 294 2819 379 2863; x_wconf 90' lang='lat' dir='ltr'>LR</span> <span class='ocrx_word' id='word_1_305' title='bbox 422 2821 634 2865; x_wconf 86' lang='lat' dir='ltr'>ordinem</span> <span class='ocrx_word' id='word_1_306' title='bbox 670 2823 787 2866; x_wconf 76' lang='lat' dir='ltr'>mut.</span> <span class='ocrx_word' id='word_1_307' title='bbox 822 2836 952 2878; x_wconf 78' lang='lat' dir='ltr'>posse</span> <span class='ocrx_word' id='word_1_308' title='bbox 991 2837 1080 2867; x_wconf 89' lang='grc'>0111.</span> <span class='ocrx_word' id='word_1_309' title='bbox 1113 2823 1185 2868; x_wconf 81' lang='lat' dir='ltr'>ed.</span> <span class='ocrx_word' id='word_1_310' title='bbox 1338 2828 1395 2866; x_wconf 82' lang='grc'>20</span> <span class='ocrx_word' id='word_1_311' title='bbox 1433 2823 1656 2868; x_wconf 73' lang='lat' dir='ltr'>retinebat</span> <span class='ocrx_word' id='word_1_312' title='bbox 1694 2823 1766 2868; x_wconf 84' lang='lat' dir='ltr'>ed.</span> <span class='ocrx_word' id='word_1_313' title='bbox 1828 2855 1836 2861; x_wconf 71' lang='lat'><strong>·</strong></span> <span class='ocrx_word' id='word_1_314' title='bbox 1927 2820 1966 2865; x_wconf 48' lang='lat'>2³²2*</span> 
     </span>
     <span class='ocr_line' id='line_1_41' title="bbox 168 2879 1953 2940; baseline 0.002 -18"><span class='ocrx_word' id='word_1_315' title='bbox 168 2883 225 2923; x_wconf 78' lang='lat'>24</span> <span class='ocrx_word' id='word_1_316' title='bbox 254 2884 296 2924; x_wconf 82' lang='lat' dir='ltr'>et</span> <span class='ocrx_word' id='word_1_317' title='bbox 325 2893 442 2935; x_wconf 77' lang='lat' dir='ltr'>quae</span> <span class='ocrx_word' id='word_1_318' title='bbox 464 2879 550 2925; x_wconf 84' lang='lat' dir='ltr'>LR</span> <span class='ocrx_word' id='word_1_319' title='bbox 573 2881 645 2924; x_wconf 89' lang='lat' dir='ltr'>ed.</span> <span class='ocrx_word' id='word_1_320' title='bbox 670 2885 714 2925; x_wconf 81' lang='lat' dir='ltr'>et</span> <span class='ocrx_word' id='word_1_321' title='bbox 741 2883 849 2926; x_wconf 77' lang='lat' dir='ltr'>cui?</span> <span class='ocrx_word' id='word_1_322' title='bbox 882 2895 942 2925; x_wconf 87' lang='lat' dir='ltr'>an</span> <span class='ocrx_word' id='word_1_323' title='bbox 973 2888 1015 2927; x_wconf 81' lang='lat' dir='ltr'>et</span> <span class='ocrx_word' id='word_1_324' title='bbox 1044 2884 1154 2939; x_wconf 78' lang='lat' dir='ltr'>qui?</span> <span class='ocrx_word' id='word_1_325' title='bbox 1186 2895 1247 2926; x_wconf 88' lang='lat' dir='ltr'>an</span> <span class='ocrx_word' id='word_1_326' title='bbox 1278 2887 1441 2939; x_wconf 76' lang='lat' dir='ltr'>atque?</span> <span class='ocrx_word' id='word_1_327' title='bbox 1532 2886 1588 2925; x_wconf 80' lang='lat'>29</span> <span class='ocrx_word' id='word_1_328' title='bbox 1621 2882 1859 2940; x_wconf 71' lang='lat' dir='ltr'>ayqeravit</span> <span class='ocrx_word' id='word_1_329' title='bbox 1928 2879 1953 2911; x_wconf 60' lang='lat' dir='ltr'>‘s‘</span> 
     </span>
     <span class='ocr_line' id='line_1_42' title="bbox 167 2937 1950 2996; baseline 0.003 -16"><span class='ocrx_word' id='word_1_330' title='bbox 167 2937 254 2981; x_wconf 77' lang='lat' dir='ltr'>LR</span> <span class='ocrx_word' id='word_1_331' title='bbox 291 2939 551 2996; x_wconf 74' lang='lat' dir='ltr'>ayyreyavit</span> <span class='ocrx_word' id='word_1_332' title='bbox 583 2939 655 2984; x_wconf 85' lang='lat' dir='ltr'>ed.</span> <span class='ocrx_word' id='word_1_333' title='bbox 1925 2947 1950 2966; x_wconf 58' lang='lat'>‘³&#39;</span> 
     </span>
    </p>
   </div>
  </div>
 </body>
</html>
