2014 3226
141 185 250 237 364
607 182 838 227 DONATI
869 182 1149 225 INTERPR.
1182 181 1359 226 VERG.

139 327 332 373 teneret
377 325 715 386 plenissimam
763 325 1086 384 potestatem,
1134 324 1184 369 et
1229 337 1288 369 ne
1330 322 1557 370 Troianis
1603 322 1830 372 invidens

142 402 446 461 expugnaret
470 397 680 444 Didonis
715 396 975 443 adfectum.
1034 412 1182 456 quam
1209 395 1466 457 splendida
1491 396 1656 457 dictio,
1681 411 1830 457 quam

142 472 433 531 artificiosa,
475 487 598 531 quae
638 472 691 517 in
732 470 1043 517 ordinatione
1082 470 1345 517 verborum
1384 469 1705 518 novissimam
1744 486 1830 531 po-

142 548 241 594 suit
287 546 525 592 Iunonem
573 560 662 591 nec
707 547 874 590 tamen
922 543 1220 592 novissimae
1267 543 1599 591 sacrificatum
1647 560 1829 592 memo·

140 622 293 667 ravit:
335 618 556 666 addendo
598 619 728 664 enim
768 620 882 664 ante
915 618 1074 665 omnis
1108 617 1325 666 ostendit
1355 617 1453 680 ipsi
1483 619 1643 679 primo
1681 619 1830 665 sacri·
1876 633 1896 666 5
1941 591 1956 700 i

54 700 109 739 60
140 694 360 741 ficiorum
416 694 624 739 honores
681 691 936 739 exhibitos.
1014 693 1126 751 ipsa
1172 695 1334 739 teneus
1388 692 1558 739 dextra
1603 695 1832 752 pateram

55 1735 109 1773 65

131 768 464 827 pulcherrima
494 767 627 813 Dido
668 765 918 813 candentis
955 779 1128 813 vaccae
1157 766 1319 813 media
1349 767 1474 813 iuter
1504 780 1686 814 cornua
1718 767 1830 825 fun-

141 842 211 889 dit
249 844 336 888 aut
373 845 483 887 aute
522 854 608 887 ora
649 841 792 887 deum
821 841 1026 899 pinquis
1065 841 1310 898 spatiatur
1349 840 1415 887 ad
1454 855 1595 887 aras:
1648 839 1834 887 fiebant

141 932 228 978 per
276 915 399 961 alios
450 915 571 974 alia,
619 913 748 961 Dido
794 929 911 961 vero
959 913 1121 961 officio
1169 913 1436 961 sacerdotis
1484 915 1656 961 functa
1702 915 1833 960 inter

140 1005 318 1037 vaccae
366 1003 548 1035 cornua
602 991 827 1049 pateram
874 987 1115 1034 fundebat
1163 990 1249 1034 aut
1297 989 1412 1034 ante
1461 1003 1569 1035 aras
1617 988 1832 1052 pinguis,
1857 1004 1900 1035 ιο

140 1064 232 1110 hoc
273 1064 347 1110 est
384 1077 618 1123 pecorum
658 1061 944 1123 corporibus
985 1063 1229 1121 oneratas,
1260 1063 1314 1108 in
1345 1061 1453 1122 ipso
1487 1061 1689 1109 deorum
1721 1077 1833 1109 con·

142 1140 311 1198 spectu
351 1135 678 1198 spatiabatur,
713 1136 805 1183 hoc
838 1139 912 1183 est
944 1135 1093 1182 eundi
1126 1150 1183 1182 ac
1213 1135 1451 1182 redeundi
1482 1137 1612 1183 vices
1645 1135 1832 1184 creber—

140 1213 292 1258 rimas
346 1209 659 1271 procurabat.
735 1211 1074 1269 iustauratque
1124 1210 1252 1256 diem
1306 1210 1471 1258 donis:
1532 1226 1692 1271 neque
1741 1210 1834 1258 hoc

141 1285 312 1344 semel,
368 1284 454 1331 sed
508 1284 703 1345 saepius
750 1282 988 1343 faciebat,
1042 1285 1100 1330 ut
1145 1282 1438 1344 produceret
1485 1283 1614 1330 diem
1661 1284 1832 1332 volens

142 1359 330 1406 diutius
369 1358 550 1406 habere
590 1360 900 1420 praesentem
942 1373 1087 1418 quem
1120 1357 1334 1404 amabat.
1393 1358 1730 1418 pecudumque
1761 1373 1833 1406 re·
1859 1372 1900 1406 15

141 1434 287 1481 clusis
317 1433 595 1492 pectoribus
633 1432 833 1479 iuhiaus
870 1433 1116 1491 spirantia
1156 1432 1358 1479 consulit
1395 1435 1527 1479 exta:
1567 1432 1835 1492 quaerebat
1913 1477 1916 1479 Α

141 1508 314 1554 futura
352 1507 405 1552 in
444 1506 765 1553 interioribus
805 1521 1052 1567 pecorum.
1118 1505 1330 1553 consulit
1370 1506 1441 1553 sic
1475 1508 1658 1568 posuit,
1691 1508 1835 1568 quasi

141 1583 253 1628 exta
292 1583 496 1642 possent
534 1595 707 1627 revera
746 1580 863 1626 dare
902 1594 1215 1640 responsum:
1257 1579 1340 1626 sed
1372 1579 1604 1627 videntur
1633 1594 1835 1642 respon-

142 1654 276 1715 dere,
324 1654 442 1701 dum
489 1655 852 1702 consulentium
898 1653 1086 1702 visibus
1132 1655 1274 1716 signa
1315 1655 1603 1702 commissae
1643 1654 1834 1702 consul-

143 1729 349 1776 tationis
390 1728 670 1776 ostendunt.
748 1729 841 1775 keu
877 1730 1046 1775 vatum
1083 1729 1290 1787 iynarae
1326 1729 1532 1775 mentes!
1570 1729 1686 1788 quid
1723 1731 1834 1775 vota
1857 1743 1902 1775 so

142 1804 396 1862 furentem,
435 1803 553 1862 quid
591 1802 795 1850 delubra
832 1802 1037 1849 iuvant?
1078 1805 1145 1848 est
1173 1801 1333 1848 mollis
1363 1804 1565 1860 flamma
1595 1802 1835 1850 medullas

142 1879 326 1924 interea
350 1880 394 1924 et
415 1878 615 1924 tacitum
637 1877 754 1923 vivit
777 1877 867 1923 sub
882 1878 1074 1935 pectore
1095 1875 1300 1923 vulnus:
1337 1875 1536 1937 fiebant,
1567 1877 1747 1938 inquit,
1772 1876 1834 1923 ab

142 1949 520 2012 inprudentibus
553 1965 694 1998 sacra
724 1950 876 1997 nullis
909 1965 1134 1997 amorum
1157 1950 1535 1997 necessitatibus
1558 1952 1836 2012 profutura,

143 2025 327 2072 fiebant
368 2024 428 2071 ab
469 2023 547 2071 his
589 2025 675 2086 qui
714 2023 811 2071 sibi
849 2024 990 2072 velut
1027 2023 1336 2071 vaticinandi
1375 2025 1636 2072 scientiam
1674 2023 1833 2072 vindi-

144 2101 314 2145 carent
353 2101 424 2159 et,
471 2113 582 2145 cum
623 2097 756 2145 aliud
799 2100 1053 2160 ageretur,
1091 2113 1191 2144 non
1230 2098 1587 2160 intellegebant
1625 2098 1833 2146 Didonis
1858 2114 1901 2148 2⁶

144 2172 385 2230 ardorem,
418 2172 704 2234 profuturos
737 2187 788 2220 se
821 2170 1193 2219 arbitrabantur
1223 2171 1301 2219 his
1327 2187 1452 2233 quae
1475 2173 1835 2220 interveniente

145 2247 458 2308 ignoratione
493 2247 751 2293 nescirent.
821 2245 942 2308 quid
981 2246 1114 2292 enim
1151 2260 1279 2306 quae
1319 2246 1649 2294 solvebantur
1675 2247 1834 2294 numi—

145 2319 290 2367 nibus
337 2322 456 2366 vota
499 2321 689 2367 amanti
727 2319 957 2382 prodesse
993 2321 1276 2380 potuerant,
1316 2334 1426 2367 cum
1466 2320 1648 2368 amoris
1689 2320 1836 2368 ardor

145 2395 246 2440 iam
286 2392 471 2440 dudum
508 2393 727 2441 molliter
764 2408 963 2455 serpens
1002 2394 1052 2440 in
1092 2393 1404 2441 inmoderata
1449 2394 1678 2442 incendia
1722 2409 1834 2456 pro-

145 2465 393 2528 rupisset?
471 2469 546 2514 est
583 2467 749 2515 mollis
787 2467 988 2515 flamma
1026 2466 1269 2519 medullas
1307 2469 1499 2516 interea
1538 2471 1588 2515 et
1625 2469 1834 2516 tacitum
1857 2485 1902 2518 so

144 2541 272 2589 vivit
317 2540 406 2588 sub
454 2543 651 2603 pectore
691 2541 892 2602 vulnuS,
938 2543 1104 2589 uritur
1140 2541 1314 2600 infelix
1351 2542 1486 2590 Dido
1524 2545 1712 2601 totaque
1749 2557 1834 2590 va-

139 2619 289 2675 yatur
325 2615 445 2662 urbe
481 2615 677 2674 furens:
731 2615 962 2676 denique,
1010 2630 1119 2662 cum
1158 2614 1249 2662 illa
1289 2616 1457 2663 omnia
1496 2616 1681 2664 frustra
1721 2631 1833 2680 age-

142 2692 330 2749 rentur,
354 2703 494 2736 amor
516 2687 726 2736 Didonis
757 2687 998 2736 medullas
1031 2691 1080 2736 et
1111 2689 1301 2737 viscera
1331 2689 1652 2738 consumebat
1675 2705 1834 2751 neque

264 2819 290 2857 4
321 2815 592 2858 novissimae
628 2813 663 2856 L
695 2813 766 2858 ed.
802 2827 887 2857 -me
922 2813 971 2856 R.
1145 2818 1199 2856 18
1240 2828 1420 2860 evocare
1451 2814 1493 2858 R
1530 2829 1736 2859 revocare
1767 2814 1836 2858 Lr

143 2887 298 2918 revera
321 2874 431 2917 dare
454 2887 551 2917 nos.
661 2877 716 2916 26
749 2873 957 2917 ardorem
973 2873 1248 2929 profuturos
1269 2873 1357 2917 LR
1379 2873 1458 2918 sed
1480 2873 1702 2930 interpos.
1722 2873 1792 2918 ed.
1822 2873 1828 2933 Ι

143 2933 299 2988 hisque
329 2931 365 2975 L
395 2933 467 2976 his
498 2946 612 2989 quae
642 2932 696 2975 R.
863 2935 918 2974 27
952 2932 1243 2989 iynorwntiae
1273 2932 1315 2976 R
1345 2933 1632 2991 iynoratioue
1662 2933 1742 2978 Lr.

145 2995 200 3034 32
231 2992 620 3048 frustrayerentur
651 2990 736 3034 LR.
765 2991 945 3046 frustra
974 2995 1234 3048 yererentw
1262 3006 1298 3034 r.

1954 2528 1978 2720 ³
