2014 3226
795 146 1095 191 AENEIDOS
1127 148 1189 190 IV
1731 155 1795 203 41
1814 157 1831 204 1

154 299 292 331 arma
331 286 497 331 autem
539 285 688 331 armis
728 290 949 347 pugnent
981 287 1174 349 ipsique
1209 292 1507 350 nepotesque
1541 290 1643 336 fieri
1677 294 1838 351 potuit

152 359 283 405 inter
330 357 487 405 multa
536 373 661 418 quae
709 374 956 406 emersura
1004 376 1101 407 non
1149 362 1366 422 fuerant,
1415 363 1505 411 hoc
1554 379 1669 426 ergo
1717 365 1838 411 dixit

152 430 407 492 possibile3
449 430 610 478 solent
650 433 781 478 enim
821 436 982 480 mente
1025 435 1158 495 capti
1198 435 1345 482 etiam
1384 436 1514 497 quod
1545 441 1733 483 rectum
1768 442 1839 485 est

154 504 422 567 aliquando
462 505 656 553 sentire.

106 595 127 627 5
263 579 401 626 Haec
440 580 510 626 ait
549 582 591 626 et
620 580 785 638 partis
824 581 1044 627 ani-mam
1083 584 1307 630 versabat
1341 585 1387 629 in
1422 586 1579 630 omnis
1616 586 1821 631 invisam
1843 590 1927 628 630

151 666 386 712 quaerens
433 667 579 712 quam
616 654 837 712 primum
883 654 1168 714 abrumpere
1214 656 1386 711 lucem,
1434 658 1526 704 hoc
1572 661 1644 704 est
1691 673 1839 719 quam

152 727 389 774 celeriter.
479 726 771 785 festinabat,
826 726 1013 787 inquit,
1067 729 1214 788 mori,
1269 733 1440 790 utpote
1494 732 1572 777 cui
1628 731 1838 778 iucunda

151 799 378 848 omnibus
420 799 518 861 ipsi
553 815 759 848 onerosa
793 801 956 847 fuerat
988 801 1085 849 lux.
1147 803 1430 864 inpediebat
1462 805 1668 852 nutricis
1701 820 1838 866 prae-

151 875 334 934 sentia,
390 874 475 922 sed
528 874 655 922 hanc
709 874 822 922 inde
879 890 988 921 cum
1042 876 1288 925 mandatis
1352 878 1580 925 inanibus
1633 878 1839 926 alienat:

84 965 127 997 ιο
151 951 252 995 tam
307 949 510 996 breviter
563 949 759 996 Barcen
821 950 1056 996 natricem
1118 950 1290 1010 adfata
1345 951 1545 1011 Sychaei
1610 953 1840 1013 (namque

149 1035 294 1070 suam
323 1023 497 1082 patria
535 1024 738 1081 antiqua
776 1023 900 1069 cinis
940 1026 1043 1070 ater
1079 1024 1328 1083 habebat):
1378 1025 1614 1087 breviter,
1660 1026 1838 1086 inquit,

149 1095 315 1143 locuta
355 1097 450 1157 est3
505 1096 597 1144 hoc
637 1096 770 1142 enim
809 1096 1132 1144 conveniebat
1180 1098 1366 1145 volenti
1412 1099 1651 1146 maturius
1699 1100 1837 1147 mori.

149 1169 374 1224 Annam,
424 1184 544 1218 cara
588 1170 707 1217 mihi
753 1172 944 1225 nutrix,
991 1171 1083 1217 leuc
1128 1172 1239 1218 siste
1286 1186 1519 1219 sororem:
1572 1173 1667 1220 huc
1706 1173 1838 1230 siste,

149 1243 242 1292 hoc
282 1246 354 1291 est
393 1243 489 1291 huc
528 1243 774 1291 instanter
813 1243 987 1291 adduc.
1066 1259 1181 1292 cara
1220 1245 1363 1293 mihi:
1408 1245 1600 1293 addidit
1638 1245 1839 1308 benigni

25 1317 43 1324 ’
83 1333 126 1366 15
150 1318 307 1365 animi
347 1318 543 1380 signum
584 1317 788 1365 dicendo
830 1333 959 1378 cara,
992 1320 1047 1365 ut
1082 1334 1170 1379 per
1200 1319 1538 1366 blandimenta
1570 1319 1840 1380 inpetraret

151 1391 283 1453 quod
328 1391 418 1438 illa
466 1393 670 1453 propter
717 1407 842 1439 onus
882 1392 1205 1454 provectioris
1246 1394 1426 1441 aetatis
1466 1395 1664 1454 poterat
1702 1408 1838 1440 recu·

150 1481 282 1527 sare,
332 1480 458 1527 quae
505 1481 716 1527 persona
758 1467 1017 1527 aptissima
1056 1466 1254 1530 negotio
1295 1466 1413 1526 fuit,
1459 1469 1515 1514 ut
1553 1481 1662 1513 cum
1702 1481 1839 1514 mora

147 1542 388 1603 pergeret,
430 1555 541 1587 cum
579 1555 720 1588 mora
758 1542 1013 1588 remearet.
1092 1540 1304 1602 denique
1345 1541 1400 1587 ut
1438 1541 1530 1588 hoc
1574 1540 1669 1586 sibi
1708 1539 1838 1587 Dido

148 1615 452 1675 procuraret,
492 1629 591 1661 non
631 1613 757 1660 dixit
796 1615 940 1662 mitte
979 1613 1103 1661 mihi
1141 1629 1357 1661 sororem
1396 1630 1571 1674 meam,
1607 1614 1691 1661 sed
1730 1614 1839 1672 huc,

80 1703 125 1736 2⁰
147 1689 335 1749 inquit,
382 1689 521 1748 siste,
570 1688 760 1736 scilicet
806 1690 862 1735 ut
910 1703 1019 1735 cum
1065 1688 1175 1749 ipsa
1220 1688 1431 1747 veniret,
1479 1691 1534 1734 ut
1582 1687 1743 1734 euntis
1790 1690 1838 1734 et

147 1760 401 1809 redeuntis
450 1762 676 1810 aniculae
722 1762 913 1809 tardior
960 1764 1009 1809 et
1056 1761 1270 1809 difficilis
1311 1776 1505 1825 gressus
1543 1760 1838 1823 perficiendo

148 1834 299 1884 exitio
354 1835 691 1900 largissimum
746 1837 964 1897 spatium
1019 1835 1173 1884 daret.
1250 1835 1327 1882 die
1381 1850 1553 1895 corpus
1597 1838 1823 1894 properet
1842 1838 1926 1876 (335

147 1909 340 1968 fluviali
377 1924 605 1970 sparyere
644 1911 864 1970 lympha:
903 1910 1004 1957 alia
1043 1925 1196 1969 mora,
1237 1910 1368 1971 quia,
1408 1908 1524 1956 dum
1562 1908 1655 1956 hoc
1693 1908 1838 1955 Anna

148 1982 461 2045 expediebat,
509 1983 702 2046 aliquid
749 1983 1014 2031 accedebat
1060 1983 1123 2030 ad
1162 1985 1372 2043 tempus.
1451 1985 1491 2029 et
1521 1982 1731 2042 pecudes
1769 1995 1838 2028 se·

80 2071 124 2104 25
148 2071 256 2104 cam
311 2060 355 2105 et
404 2061 674 2106 monstrata
724 2057 932 2118 piacula
985 2057 1153 2105 ducat:
1214 2072 1322 2105 ecce
1378 2055 1514 2103 aliud
1569 2054 1700 2117 quod
1755 2054 1838 2103 ad-

147 2131 299 2179 ferret
343 2130 657 2193 tarditatem,
703 2131 962 2195 providere
1008 2130 1307 2179 necessarias
1350 2129 1559 2192 pecudes
1600 2133 1648 2176 et
1686 2128 1838 2177 addu-

148 2219 270 2261 cere,
312 2221 523 2267 quarum
561 2206 760 2270 segnior
797 2220 992 2270 gressus
1033 2207 1122 2266 est,
1154 2208 1203 2252 et
1241 2204 1435 2251 adferre
1475 2201 1839 2265 expiationibus

66 2331 70 2334 ,
147 2279 438 2328 necessaria.
515 2281 586 2328 sic
622 2282 806 2335 veniat,
854 2283 996 2339 tuque
1033 2281 1145 2339 ipsa
1173 2279 1267 2338 pia
1305 2280 1403 2338 teye
1441 2281 1655 2336 tempora
1697 2276 1839 2324 vitta:

22 2351 38 2429 ξ
146 2353 233 2415 pia
286 2355 338 2401 et
389 2352 559 2402 nutrix
614 2369 718 2402 esse
771 2355 938 2416 potest
992 2355 1042 2400 et
1094 2352 1246 2411 vitta,
1303 2354 1360 2399 ut
1413 2351 1481 2399 sit
1532 2350 1617 2412 pia
1671 2348 1837 2397 nutrix

25 2434 35 2452 ’·
77 2441 126 2476 ω
148 2427 239 2475 aut
282 2427 370 2489 pia
414 2428 567 2475 vitta:
630 2427 866 2490 quicquid
911 2429 1079 2474 tamen
1127 2425 1283 2475 secuti
1336 2423 1597 2483 fuerimuS,
1651 2424 1838 2471 rectum

148 2502 236 2549 est.
321 2500 392 2550 sic
451 2502 622 2550 veniat
681 2499 1070 2564 intellegendum
1130 2502 1204 2547 est
1265 2499 1337 2546 ita
1399 2499 1590 2558 veniat,
1651 2495 1837 2544 scilicet

267 2660 295 2700 2
326 2657 446 2713 quii&
465 2656 501 2700 L
526 2671 615 2701 om.
632 2656 674 2700 R
697 2670 813 2713 quae
837 2655 909 2700 ed.
1002 2658 1027 2698 6
1061 2668 1145 2711 que
1168 2654 1399 2699 caeleriter
1422 2651 1463 2695 R
1486 2665 1599 2695 corr.
1618 2665 1640 2693 r
1657 2671 1711 2687 =
1729 2649 1777 2693 L.

148 2718 175 2758 ’1
206 2717 285 2760 cui
313 2714 401 2760 LR
431 2730 547 2774 quae
578 2715 650 2760 ed.
752 2719 778 2759 9
809 2714 1141 2759 commandatis
1172 2713 1259 2756 LR
1290 2725 1404 2756 corr.
1429 2726 1453 2755 r
1484 2710 1554 2755 ed.
1648 2713 1703 2752 12
1733 2722 1836 2753 con·

123 2773 389 2820 veniebant
410 2776 454 2820 R.
482 2789 599 2820 corr.
623 2790 659 2819 r.
754 2778 810 2818 14
841 2773 1048 2818 adducas
1077 2772 1148 2817 ed.
1244 2776 1299 2815 15
1331 2772 1560 2827 inpetrare
1590 2767 1632 2811 R
1662 2780 1774 2811 corr.
1802 2780 1836 2812 r.

238 2837 297 2877 20
326 2835 500 2880 venerit
529 2833 617 2878 LR
646 2834 818 2879 veniret
846 2846 871 2876 1·
901 2832 1055 2876 veniat
1085 2831 1157 2875 ed.
1251 2834 1308 2874 24
1338 2828 1587 2886 expetiebat
1616 2825 1702 2870 LR
1740 2825 1837 2893 effi·⁶

147 2891 295 2939 ciebat
322 2907 347 2936 1.·
377 2893 609 2951 expetebat
638 2892 710 2937 ed.
863 2895 919 2934 25
952 2890 1126 2945 adferet
1156 2889 1243 2934 LR
1274 2902 1388 2933 corr.
1416 2901 1440 2931 r
1469 2886 1540 2930 ed.
1677 2888 1747 2952 ⁸29
1778 2888 1839 2929 me

149 2963 239 2996 om.
265 2951 337 2996 ed.
461 2957 515 2996 31
547 2953 618 2998 ita
648 2951 794 2996 veniet
827 2950 880 2994 R..
909 2952 915 3006 Ι
954 2950 1123 2995 scilieet
1152 2952 1206 2993 ut
1235 2947 1321 2991 LR
1351 2946 1423 2991 ed.
1455 2951 1508 2990 ut
1539 2942 1703 2989 delevi.
