<?xml version="1.0" encoding="UTF-8"?>
<!DOCTYPE html PUBLIC "-//W3C//DTD XHTML 1.0 Transitional//EN"
    "http://www.w3.org/TR/xhtml1/DTD/xhtml1-transitional.dtd">
<html xmlns="http://www.w3.org/1999/xhtml" xml:lang="en" lang="en">
 <head>
  <title>
</title>
<meta http-equiv="Content-Type" content="text/html;charset=utf-8" />
  <meta name='ocr-system' content='tesseract 3.04.00' />
  <meta name='ocr-capabilities' content='ocr_page ocr_carea ocr_par ocr_line ocrx_word'/>
</head>
<body>
  <div class='ocr_page' id='page_1' title='image "./interpretationes01donauoft_0167.png"; bbox 0 0 2014 3226; ppageno 0'>
   <div class='ocr_carea' id='block_1_1' title="bbox 722 154 1745 206">
    <p class='ocr_par' dir='ltr' id='par_1_1' title="bbox 722 154 1745 206">
     <span class='ocr_line' id='line_1_1' title="bbox 722 154 1745 206; baseline 0.009 -9"><span class='ocrx_word' id='word_1_1' title='bbox 722 154 1026 198; x_wconf 84' lang='lat' dir='ltr'>AENEIDOS</span> <span class='ocrx_word' id='word_1_2' title='bbox 1059 154 1078 198; x_wconf 94' lang='lat'>1</span> <span class='ocrx_word' id='word_1_3' title='bbox 1644 159 1669 205; x_wconf 89' lang='grc'><strong>1</strong></span> <span class='ocrx_word' id='word_1_4' title='bbox 1682 156 1708 206; x_wconf 89' lang='grc'><strong>1</strong></span> <span class='ocrx_word' id='word_1_5' title='bbox 1718 155 1745 206; x_wconf 81' lang='grc'>7</span> 
     </span>
    </p>
   </div>
   <div class='ocr_carea' id='block_1_2' title="bbox 20 289 1760 2508">
    <p class='ocr_par' dir='ltr' id='par_1_2' title="bbox 20 289 1760 2508">
     <span class='ocr_line' id='line_1_2' title="bbox 58 289 1750 364; baseline -0.001 -20"><span class='ocrx_word' id='word_1_6' title='bbox 58 291 132 364; x_wconf 84' lang='grc'>(2,</span> <span class='ocrx_word' id='word_1_7' title='bbox 167 289 320 362; x_wconf 83' lang='grc'><strong>721),</strong></span> <span class='ocrx_word' id='word_1_8' title='bbox 359 311 470 343; x_wconf 91' lang='lat' dir='ltr'>cum</span> <span class='ocrx_word' id='word_1_9' title='bbox 510 294 570 342; x_wconf 92' lang='lat' dir='ltr'>de</span> <span class='ocrx_word' id='word_1_10' title='bbox 610 296 719 358; x_wconf 89' lang='lat' dir='ltr'>ipso</span> <span class='ocrx_word' id='word_1_11' title='bbox 758 294 929 342; x_wconf 89' lang='lat' dir='ltr'>Aenea</span> <span class='ocrx_word' id='word_1_12' title='bbox 966 294 1276 356; x_wconf 89' lang='lat' dir='ltr'>loqueretur,</span> <span class='ocrx_word' id='word_1_13' title='bbox 1315 295 1397 343; x_wconf 77' lang='lat' dir='ltr'>ait.</span> <span class='ocrx_word' id='word_1_14' title='bbox 1426 294 1576 358; x_wconf 89' lang='lat' dir='ltr'>„haec</span> <span class='ocrx_word' id='word_1_15' title='bbox 1615 294 1750 342; x_wconf 90' lang='lat' dir='ltr'>fatus</span> 
     </span>
     <span class='ocr_line' id='line_1_3' title="bbox 56 368 1751 431; baseline -0.003 -11"><span class='ocrx_word' id='word_1_16' title='bbox 56 372 185 420; x_wconf 88' lang='lat' dir='ltr'>latos</span> <span class='ocrx_word' id='word_1_17' title='bbox 238 368 462 417; x_wconf 87' lang='lat' dir='ltr'>umeros“</span> <span class='ocrx_word' id='word_1_18' title='bbox 517 369 611 416; x_wconf 90' lang='lat' dir='ltr'>hoc</span> <span class='ocrx_word' id='word_1_19' title='bbox 666 370 740 416; x_wconf 92' lang='lat' dir='ltr'>est</span> <span class='ocrx_word' id='word_1_20' title='bbox 794 369 938 416; x_wconf 89' lang='lat' dir='ltr'>fortis</span> <span class='ocrx_word' id='word_1_21' title='bbox 994 372 1043 415; x_wconf 91' lang='lat' dir='ltr'>et</span> <span class='ocrx_word' id='word_1_22' title='bbox 1096 368 1302 416; x_wconf 86' lang='lat' dir='ltr'>validos.</span> <span class='ocrx_word' id='word_1_23' title='bbox 1381 371 1522 429; x_wconf 86' lang='lat' dir='ltr'>nato,</span> <span class='ocrx_word' id='word_1_24' title='bbox 1570 370 1751 431; x_wconf 88' lang='lat' dir='ltr'>inquit,</span> 
     </span>
     <span class='ocr_line' id='line_1_4' title="bbox 58 441 1749 510; baseline -0.002 -17"><span class='ocrx_word' id='word_1_25' title='bbox 58 445 299 510; x_wconf 76' lang='lat' dir='ltr'>genetrix:</span> <span class='ocrx_word' id='word_1_26' title='bbox 362 441 459 491; x_wconf 91' lang='lat' dir='ltr'>duo</span> <span class='ocrx_word' id='word_1_27' title='bbox 509 444 678 505; x_wconf 90' lang='lat' dir='ltr'>posuit</span> <span class='ocrx_word' id='word_1_28' title='bbox 727 442 930 489; x_wconf 90' lang='lat' dir='ltr'>nomina</span> <span class='ocrx_word' id='word_1_29' title='bbox 976 441 1159 490; x_wconf 90' lang='lat' dir='ltr'>infiniti</span> <span class='ocrx_word' id='word_1_30' title='bbox 1207 443 1338 490; x_wconf 88' lang='lat' dir='ltr'>inter</span> <span class='ocrx_word' id='word_1_31' title='bbox 1385 458 1436 491; x_wconf 90' lang='lat' dir='ltr'>se</span> <span class='ocrx_word' id='word_1_32' title='bbox 1478 446 1629 504; x_wconf 91' lang='lat' dir='ltr'>atque</span> <span class='ocrx_word' id='word_1_33' title='bbox 1676 443 1749 490; x_wconf 90' lang='lat' dir='ltr'>in·</span> 
     </span>
     <span class='ocr_line' id='line_1_5' title="bbox 58 516 1751 579; baseline -0.002 -13"><span class='ocrx_word' id='word_1_34' title='bbox 58 517 379 567; x_wconf 87' lang='lat' dir='ltr'>aestimabilis</span> <span class='ocrx_word' id='word_1_35' title='bbox 433 517 622 577; x_wconf 72' lang='lat' dir='ltr'>meriti,</span> <span class='ocrx_word' id='word_1_36' title='bbox 687 516 924 578; x_wconf 89' lang='lat' dir='ltr'>quicquid</span> <span class='ocrx_word' id='word_1_37' title='bbox 972 517 1101 563; x_wconf 88' lang='lat' dir='ltr'>enim</span> <span class='ocrx_word' id='word_1_38' title='bbox 1153 519 1363 578; x_wconf 88' lang='lat' dir='ltr'>possunt</span> <span class='ocrx_word' id='word_1_39' title='bbox 1412 519 1642 579; x_wconf 90' lang='lat' dir='ltr'>parentes</span> <span class='ocrx_word' id='word_1_40' title='bbox 1690 517 1751 563; x_wconf 93' lang='lat' dir='ltr'>li-</span> 
     </span>
     <span class='ocr_line' id='line_1_6' title="bbox 24 590 1751 653; baseline -0.001 -14"><span class='ocrx_word' id='word_1_41' title='bbox 24 593 227 641; x_wconf 64' lang='lat' dir='ltr'>sbenter</span> <span class='ocrx_word' id='word_1_42' title='bbox 280 591 540 639; x_wconf 82' lang='lat' dir='ltr'>conferunt</span> <span class='ocrx_word' id='word_1_43' title='bbox 593 590 760 639; x_wconf 86' lang='lat' dir='ltr'>liberis</span> <span class='ocrx_word' id='word_1_44' title='bbox 808 592 924 639; x_wconf 88' lang='lat' dir='ltr'>suis.</span> <span class='ocrx_word' id='word_1_45' title='bbox 1002 591 1192 638; x_wconf 85' lang='lat' dir='ltr'>interea</span> <span class='ocrx_word' id='word_1_46' title='bbox 1244 594 1544 653; x_wconf 79' lang='lat' dir='ltr'>conparatur</span> <span class='ocrx_word' id='word_1_47' title='bbox 1582 590 1751 638; x_wconf 90' lang='lat' dir='ltr'>Venus</span> 
     </span>
     <span class='ocr_line' id='line_1_7' title="bbox 58 663 1752 729; baseline -0.002 -14"><span class='ocrx_word' id='word_1_48' title='bbox 58 665 251 726; x_wconf 85' lang='lat' dir='ltr'>artifici,</span> <span class='ocrx_word' id='word_1_49' title='bbox 293 681 418 726; x_wconf 89' lang='lat' dir='ltr'>quae</span> <span class='ocrx_word' id='word_1_50' title='bbox 459 666 530 713; x_wconf 90' lang='lat' dir='ltr'>sic</span> <span class='ocrx_word' id='word_1_51' title='bbox 570 666 838 713; x_wconf 85' lang='lat' dir='ltr'>ornaverat</span> <span class='ocrx_word' id='word_1_52' title='bbox 874 663 1050 712; x_wconf 90' lang='lat' dir='ltr'>filium.</span> <span class='ocrx_word' id='word_1_53' title='bbox 1115 667 1414 714; x_wconf 78' lang='lat' dir='ltr'>enumeratis</span> <span class='ocrx_word' id='word_1_54' title='bbox 1454 666 1612 729; x_wconf 88' lang='lat' dir='ltr'>igitur</span> <span class='ocrx_word' id='word_1_55' title='bbox 1643 679 1752 728; x_wconf 88' lang='lat' dir='ltr'>spe-</span> 
     </span>
     <span class='ocr_line' id='line_1_8' title="bbox 58 738 1753 803; baseline -0.002 -15"><span class='ocrx_word' id='word_1_56' title='bbox 58 740 221 788; x_wconf 89' lang='lat' dir='ltr'>ciebus</span> <span class='ocrx_word' id='word_1_57' title='bbox 254 739 447 787; x_wconf 80' lang='lat' dir='ltr'>Aeneas</span> <span class='ocrx_word' id='word_1_58' title='bbox 486 738 742 787; x_wconf 82' lang='lat' dir='ltr'>inducitur</span> <span class='ocrx_word' id='word_1_59' title='bbox 772 739 1002 799; x_wconf 84' lang='lat' dir='ltr'>loquens:</span> <span class='ocrx_word' id='word_1_60' title='bbox 1041 741 1151 786; x_wconf 91' lang='lat' dir='ltr'>tum</span> <span class='ocrx_word' id='word_1_61' title='bbox 1191 740 1262 787; x_wconf 91' lang='lat' dir='ltr'>sic</span> <span class='ocrx_word' id='word_1_62' title='bbox 1301 741 1541 803; x_wconf 76' lang='lat' dir='ltr'>reginam,</span> <span class='ocrx_word' id='word_1_63' title='bbox 1572 739 1753 801; x_wconf 87' lang='lat' dir='ltr'>inquit,</span> 
     </span>
     <span class='ocr_line' id='line_1_9' title="bbox 58 812 1755 875; baseline -0.001 -13"><span class='ocrx_word' id='word_1_64' title='bbox 58 814 365 875; x_wconf 74' lang='lat' dir='ltr'>adloquitur,</span> <span class='ocrx_word' id='word_1_65' title='bbox 419 814 558 874; x_wconf 91' lang='lat' dir='ltr'>prior</span> <span class='ocrx_word' id='word_1_66' title='bbox 598 814 729 860; x_wconf 87' lang='lat' dir='ltr'>enim</span> <span class='ocrx_word' id='word_1_67' title='bbox 768 813 873 874; x_wconf 91' lang='lat' dir='ltr'>ipse</span> <span class='ocrx_word' id='word_1_68' title='bbox 914 812 1086 860; x_wconf 88' lang='lat' dir='ltr'>debuit</span> <span class='ocrx_word' id='word_1_69' title='bbox 1124 813 1286 874; x_wconf 91' lang='lat' dir='ltr'>loqui,</span> <span class='ocrx_word' id='word_1_70' title='bbox 1335 816 1450 862; x_wconf 89' lang='lat' dir='ltr'>ante</span> <span class='ocrx_word' id='word_1_71' title='bbox 1490 816 1658 861; x_wconf 87' lang='lat' dir='ltr'>omnia</span> <span class='ocrx_word' id='word_1_72' title='bbox 1695 816 1755 861; x_wconf 93' lang='lat' dir='ltr'>ut</span> 
     </span>
     <span class='ocr_line' id='line_1_10' title="bbox 57 886 1754 951; baseline -0.001 -15"><span class='ocrx_word' id='word_1_73' title='bbox 57 890 166 951; x_wconf 91' lang='lat' dir='ltr'>quis</span> <span class='ocrx_word' id='word_1_74' title='bbox 207 889 335 936; x_wconf 89' lang='lat' dir='ltr'>esset</span> <span class='ocrx_word' id='word_1_75' title='bbox 372 887 616 935; x_wconf 88' lang='lat' dir='ltr'>indicaret</span> <span class='ocrx_word' id='word_1_76' title='bbox 654 886 909 947; x_wconf 82' lang='lat' dir='ltr'>nescienti,</span> <span class='ocrx_word' id='word_1_77' title='bbox 942 887 1117 935; x_wconf 88' lang='lat' dir='ltr'>deinde</span> <span class='ocrx_word' id='word_1_78' title='bbox 1157 890 1214 934; x_wconf 91' lang='lat' dir='ltr'>ut</span> <span class='ocrx_word' id='word_1_79' title='bbox 1251 889 1441 951; x_wconf 85' lang='lat' dir='ltr'>gratias</span> <span class='ocrx_word' id='word_1_80' title='bbox 1482 890 1652 951; x_wconf 87' lang='lat' dir='ltr'>ageret</span> <span class='ocrx_word' id='word_1_81' title='bbox 1691 887 1754 935; x_wconf 92' lang='lat' dir='ltr'>ob</span> 
     </span>
     <span class='ocr_line' id='line_1_11' title="bbox 20 961 1756 1025; baseline 0 -17"><span class='ocrx_word' id='word_1_82' title='bbox 20 976 36 1008; x_wconf 72' lang='lat'>1</span> <span class='ocrx_word' id='word_1_83' title='bbox 58 977 166 1011; x_wconf 88' lang='lat' dir='ltr'>eam</span> <span class='ocrx_word' id='word_1_84' title='bbox 220 976 420 1010; x_wconf 89' lang='lat' dir='ltr'>causam</span> <span class='ocrx_word' id='word_1_85' title='bbox 477 977 630 1023; x_wconf 90' lang='lat' dir='ltr'>quam</span> <span class='ocrx_word' id='word_1_86' title='bbox 683 962 790 1023; x_wconf 88' lang='lat' dir='ltr'>ipse</span> <span class='ocrx_word' id='word_1_87' title='bbox 846 961 1001 1009; x_wconf 90' lang='lat' dir='ltr'>oculis</span> <span class='ocrx_word' id='word_1_88' title='bbox 1055 964 1104 1009; x_wconf 90' lang='lat' dir='ltr'>et</span> <span class='ocrx_word' id='word_1_89' title='bbox 1151 961 1355 1009; x_wconf 89' lang='lat' dir='ltr'>auribus</span> <span class='ocrx_word' id='word_1_90' title='bbox 1403 962 1756 1025; x_wconf 87' lang='lat' dir='ltr'>conprobasset</span> 
     </span>
     <span class='ocr_line' id='line_1_12' title="bbox 58 1035 1754 1098; baseline 0 -14"><span class='ocrx_word' id='word_1_91' title='bbox 58 1039 106 1084; x_wconf 88' lang='lat' dir='ltr'>et</span> <span class='ocrx_word' id='word_1_92' title='bbox 144 1037 201 1082; x_wconf 92' lang='lat' dir='ltr'>ut</span> <span class='ocrx_word' id='word_1_93' title='bbox 240 1035 522 1084; x_wconf 87' lang='lat' dir='ltr'>ostenderet</span> <span class='ocrx_word' id='word_1_94' title='bbox 559 1035 665 1083; x_wconf 89' lang='lat' dir='ltr'>illic</span> <span class='ocrx_word' id='word_1_95' title='bbox 705 1051 756 1083; x_wconf 90' lang='lat' dir='ltr'>se</span> <span class='ocrx_word' id='word_1_96' title='bbox 795 1035 948 1083; x_wconf 89' lang='lat' dir='ltr'>fuisse</span> <span class='ocrx_word' id='word_1_97' title='bbox 987 1038 1312 1098; x_wconf 89' lang='lat' dir='ltr'>praesentem.</span> <span class='ocrx_word' id='word_1_98' title='bbox 1367 1035 1482 1083; x_wconf 86' lang='lat' dir='ltr'>inde</span> <span class='ocrx_word' id='word_1_99' title='bbox 1515 1037 1754 1084; x_wconf 87' lang='lat' dir='ltr'>sermonis</span> 
     </span>
     <span class='ocr_line' id='line_1_13' title="bbox 57 1110 1756 1172; baseline 0.001 -15"><span class='ocrx_word' id='word_1_100' title='bbox 57 1111 135 1158; x_wconf 89' lang='lat' dir='ltr'>sui</span> <span class='ocrx_word' id='word_1_101' title='bbox 166 1110 378 1172; x_wconf 90' lang='lat' dir='ltr'>sumpsit</span> <span class='ocrx_word' id='word_1_102' title='bbox 410 1110 688 1158; x_wconf 87' lang='lat' dir='ltr'>exordium:</span> <span class='ocrx_word' id='word_1_103' title='bbox 728 1123 892 1158; x_wconf 83' lang='lat' dir='ltr'>coram</span> <span class='ocrx_word' id='word_1_104' title='bbox 923 1125 1063 1170; x_wconf 79' lang='lat' dir='ltr'>quem</span> <span class='ocrx_word' id='word_1_105' title='bbox 1094 1111 1326 1169; x_wconf 77' lang='lat' dir='ltr'>quaerit-is</span> <span class='ocrx_word' id='word_1_106' title='bbox 1358 1111 1549 1166; x_wconf 77' lang='lat' dir='ltr'>adsum,</span> <span class='ocrx_word' id='word_1_107' title='bbox 1579 1111 1756 1158; x_wconf 75' lang='lat' dir='ltr'>Troius</span> 
     </span>
     <span class='ocr_line' id='line_1_14' title="bbox 55 1182 1757 1246; baseline 0.001 -15"><span class='ocrx_word' id='word_1_108' title='bbox 55 1182 263 1239; x_wconf 76' lang='lat' dir='ltr'>Aeneas,</span> <span class='ocrx_word' id='word_1_109' title='bbox 296 1183 499 1243; x_wconf 69' lang='lat' dir='ltr'>Libycis</span> <span class='ocrx_word' id='word_1_110' title='bbox 537 1187 727 1245; x_wconf 73' lang='lat' dir='ltr'>ereptus</span> <span class='ocrx_word' id='word_1_111' title='bbox 766 1184 827 1231; x_wconf 86' lang='lat' dir='ltr'>ab</span> <span class='ocrx_word' id='word_1_112' title='bbox 866 1183 1028 1232; x_wconf 74' lang='lat' dir='ltr'>undis.</span> <span class='ocrx_word' id='word_1_113' title='bbox 1090 1183 1316 1232; x_wconf 90' lang='lat' dir='ltr'>omnibus</span> <span class='ocrx_word' id='word_1_114' title='bbox 1359 1199 1486 1246; x_wconf 91' lang='lat' dir='ltr'>quae</span> <span class='ocrx_word' id='word_1_115' title='bbox 1527 1183 1757 1232; x_wconf 87' lang='lat' dir='ltr'>audierat</span> 
     </span>
     <span class='ocr_line' id='line_1_15' title="bbox 55 1258 1755 1321; baseline 0 -15"><span class='ocrx_word' id='word_1_116' title='bbox 55 1273 286 1321; x_wconf 85' lang='lat' dir='ltr'>praesens</span> <span class='ocrx_word' id='word_1_117' title='bbox 326 1274 416 1307; x_wconf 92' lang='lat' dir='ltr'>nec</span> <span class='ocrx_word' id='word_1_118' title='bbox 455 1259 602 1320; x_wconf 92' lang='lat' dir='ltr'>pleno</span> <span class='ocrx_word' id='word_1_119' title='bbox 642 1273 790 1306; x_wconf 83' lang='lat' dir='ltr'>versu</span> <span class='ocrx_word' id='word_1_120' title='bbox 827 1258 1110 1320; x_wconf 82' lang='lat' dir='ltr'>respondit3</span> <span class='ocrx_word' id='word_1_121' title='bbox 1165 1258 1418 1307; x_wconf 88' lang='lat' dir='ltr'>celeritate</span> <span class='ocrx_word' id='word_1_122' title='bbox 1460 1260 1591 1306; x_wconf 89' lang='lat' dir='ltr'>enim</span> <span class='ocrx_word' id='word_1_123' title='bbox 1631 1273 1755 1321; x_wconf 89' lang='lat' dir='ltr'>opus</span> 
     </span>
     <span class='ocr_line' id='line_1_16' title="bbox 21 1332 1757 1396; baseline 0 -16"><span class='ocrx_word' id='word_1_124' title='bbox 21 1332 167 1394; x_wconf 76' lang='lat' dir='ltr'>5fuit,</span> <span class='ocrx_word' id='word_1_125' title='bbox 206 1334 264 1380; x_wconf 90' lang='lat' dir='ltr'>ut</span> <span class='ocrx_word' id='word_1_126' title='bbox 295 1332 394 1380; x_wconf 92' lang='lat' dir='ltr'>cito</span> <span class='ocrx_word' id='word_1_127' title='bbox 428 1332 493 1379; x_wconf 90' lang='lat' dir='ltr'>ad</span> <span class='ocrx_word' id='word_1_128' title='bbox 525 1332 742 1396; x_wconf 89' lang='lat' dir='ltr'>agendas</span> <span class='ocrx_word' id='word_1_129' title='bbox 776 1333 965 1396; x_wconf 85' lang='lat' dir='ltr'>gratias</span> <span class='ocrx_word' id='word_1_130' title='bbox 996 1334 1293 1394; x_wconf 86' lang='lat' dir='ltr'>perveniret.</span> <span class='ocrx_word' id='word_1_131' title='bbox 1350 1332 1556 1380; x_wconf 90' lang='lat' dir='ltr'>dicendo</span> <span class='ocrx_word' id='word_1_132' title='bbox 1590 1348 1757 1380; x_wconf 86' lang='lat' dir='ltr'>coram</span> 
     </span>
     <span class='ocr_line' id='line_1_17' title="bbox 60 1406 1755 1468; baseline 0.001 -15"><span class='ocrx_word' id='word_1_133' title='bbox 60 1406 234 1455; x_wconf 88' lang='lat' dir='ltr'>adsum</span> <span class='ocrx_word' id='word_1_134' title='bbox 266 1421 413 1468; x_wconf 89' lang='lat' dir='ltr'>quem</span> <span class='ocrx_word' id='word_1_135' title='bbox 445 1406 684 1468; x_wconf 85' lang='lat' dir='ltr'>quaeritis</span> <span class='ocrx_word' id='word_1_136' title='bbox 711 1409 760 1454; x_wconf 85' lang='lat' dir='ltr'>et</span> <span class='ocrx_word' id='word_1_137' title='bbox 782 1406 1029 1468; x_wconf 90' lang='lat' dir='ltr'>pluralem</span> <span class='ocrx_word' id='word_1_138' title='bbox 1060 1422 1322 1456; x_wconf 88' lang='lat' dir='ltr'>numerum</span> <span class='ocrx_word' id='word_1_139' title='bbox 1351 1407 1565 1455; x_wconf 90' lang='lat' dir='ltr'>tenendo</span> <span class='ocrx_word' id='word_1_140' title='bbox 1594 1409 1755 1455; x_wconf 88' lang='lat' dir='ltr'>osten-</span> 
     </span>
     <span class='ocr_line' id='line_1_18' title="bbox 35 1480 1757 1543; baseline -0.001 -13"><span class='ocrx_word' id='word_1_141' title='bbox 35 1480 135 1530; x_wconf 73' lang='lat' dir='ltr'>dit</span> <span class='ocrx_word' id='word_1_142' title='bbox 172 1480 378 1528; x_wconf 89' lang='lat' dir='ltr'>Aenean</span> <span class='ocrx_word' id='word_1_143' title='bbox 418 1483 469 1528; x_wconf 88' lang='lat' dir='ltr'>et</span> <span class='ocrx_word' id='word_1_144' title='bbox 506 1480 696 1528; x_wconf 91' lang='lat' dir='ltr'>Didoni</span> <span class='ocrx_word' id='word_1_145' title='bbox 734 1481 884 1529; x_wconf 88' lang='lat' dir='ltr'>simul</span> <span class='ocrx_word' id='word_1_146' title='bbox 924 1483 974 1528; x_wconf 89' lang='lat' dir='ltr'>et</span> <span class='ocrx_word' id='word_1_147' title='bbox 1012 1481 1202 1530; x_wconf 91' lang='lat' dir='ltr'>Ilioneo</span> <span class='ocrx_word' id='word_1_148' title='bbox 1242 1481 1567 1543; x_wconf 88' lang='lat' dir='ltr'>respondisse.</span> <span class='ocrx_word' id='word_1_149' title='bbox 1637 1481 1757 1529; x_wconf 90' lang='lat' dir='ltr'>Ilio-</span> 
     </span>
     <span class='ocr_line' id='line_1_19' title="bbox 58 1547 1758 1621; baseline -0.001 -17"><span class='ocrx_word' id='word_1_150' title='bbox 58 1570 177 1604; x_wconf 87' lang='lat' dir='ltr'>neus</span> <span class='ocrx_word' id='word_1_151' title='bbox 217 1555 348 1603; x_wconf 89' lang='lat' dir='ltr'>enim</span> <span class='ocrx_word' id='word_1_152' title='bbox 387 1554 581 1603; x_wconf 87' lang='lat' dir='ltr'>dixerat</span> <span class='ocrx_word' id='word_1_153' title='bbox 620 1547 779 1621; x_wconf 83' lang='lat'>(546)</span> <span class='ocrx_word' id='word_1_154' title='bbox 820 1571 998 1616; x_wconf 87' lang='lat' dir='ltr'>„quem</span> <span class='ocrx_word' id='word_1_155' title='bbox 1038 1556 1081 1602; x_wconf 92' lang='lat' dir='ltr'>si</span> <span class='ocrx_word' id='word_1_156' title='bbox 1119 1556 1226 1603; x_wconf 88' lang='lat' dir='ltr'>fata</span> <span class='ocrx_word' id='word_1_157' title='bbox 1266 1556 1428 1603; x_wconf 85' lang='lat' dir='ltr'>virum</span> <span class='ocrx_word' id='word_1_158' title='bbox 1467 1557 1682 1616; x_wconf 83' lang='lat' dir='ltr'>servant,</span> <span class='ocrx_word' id='word_1_159' title='bbox 1715 1556 1758 1604; x_wconf 90' lang='lat' dir='ltr'>si</span> 
     </span>
     <span class='ocr_line' id='line_1_20' title="bbox 59 1622 1758 1695; baseline -0.001 -18"><span class='ocrx_word' id='word_1_160' title='bbox 59 1629 274 1677; x_wconf 86' lang='lat' dir='ltr'>vescitur</span> <span class='ocrx_word' id='word_1_161' title='bbox 306 1644 429 1677; x_wconf 88' lang='lat' dir='ltr'>aura</span> <span class='ocrx_word' id='word_1_162' title='bbox 460 1627 710 1678; x_wconf 87' lang='lat' dir='ltr'>aetheria“</span> <span class='ocrx_word' id='word_1_163' title='bbox 749 1628 872 1677; x_wconf 89' lang='lat' dir='ltr'>item</span> <span class='ocrx_word' id='word_1_164' title='bbox 913 1622 1070 1695; x_wconf 85' lang='lat'>(555)</span> <span class='ocrx_word' id='word_1_165' title='bbox 1104 1631 1212 1691; x_wconf 89' lang='lat' dir='ltr'>„sin</span> <span class='ocrx_word' id='word_1_166' title='bbox 1244 1629 1511 1692; x_wconf 88' lang='lat' dir='ltr'>absumpta</span> <span class='ocrx_word' id='word_1_167' title='bbox 1542 1629 1675 1679; x_wconf 88' lang='lat' dir='ltr'>salus</span> <span class='ocrx_word' id='word_1_168' title='bbox 1707 1630 1758 1677; x_wconf 89' lang='lat' dir='ltr'>et</span> 
     </span>
     <span class='ocr_line' id='line_1_21' title="bbox 20 1697 1756 1770; baseline 0 -19"><span class='ocrx_word' id='word_1_169' title='bbox 20 1715 39 1750; x_wconf 73' lang='grc' dir='ltr'><strong>ο</strong></span> <span class='ocrx_word' id='word_1_170' title='bbox 58 1705 122 1764; x_wconf 87' lang='lat' dir='ltr'>te,</span> <span class='ocrx_word' id='word_1_171' title='bbox 146 1704 290 1765; x_wconf 88' lang='lat' dir='ltr'>pater</span> <span class='ocrx_word' id='word_1_172' title='bbox 322 1705 509 1765; x_wconf 89' lang='lat' dir='ltr'>optime</span> <span class='ocrx_word' id='word_1_173' title='bbox 535 1701 832 1764; x_wconf 87' lang='lat' dir='ltr'>Teucrum“;</span> <span class='ocrx_word' id='word_1_174' title='bbox 864 1703 995 1751; x_wconf 92' lang='lat' dir='ltr'>Dido</span> <span class='ocrx_word' id='word_1_175' title='bbox 1026 1719 1143 1752; x_wconf 86' lang='lat' dir='ltr'>vero</span> <span class='ocrx_word' id='word_1_176' title='bbox 1177 1703 1373 1752; x_wconf 87' lang='lat' dir='ltr'>dixerat</span> <span class='ocrx_word' id='word_1_177' title='bbox 1404 1697 1561 1770; x_wconf 82' lang='lat'>(576)</span> <span class='ocrx_word' id='word_1_178' title='bbox 1587 1705 1756 1765; x_wconf 87' lang='lat' dir='ltr'>„equi-</span> 
     </span>
     <span class='ocr_line' id='line_1_22' title="bbox 61 1776 1759 1840; baseline 0.001 -16"><span class='ocrx_word' id='word_1_179' title='bbox 61 1776 172 1824; x_wconf 90' lang='lat' dir='ltr'>dem</span> <span class='ocrx_word' id='word_1_180' title='bbox 212 1793 299 1840; x_wconf 92' lang='lat' dir='ltr'>per</span> <span class='ocrx_word' id='word_1_181' title='bbox 330 1778 482 1825; x_wconf 86' lang='lat' dir='ltr'>litora</span> <span class='ocrx_word' id='word_1_182' title='bbox 513 1779 673 1826; x_wconf 90' lang='lat' dir='ltr'>certos</span> <span class='ocrx_word' id='word_1_183' title='bbox 706 1777 959 1825; x_wconf 89' lang='lat' dir='ltr'>dimittam</span> <span class='ocrx_word' id='word_1_184' title='bbox 991 1780 1041 1825; x_wconf 89' lang='lat' dir='ltr'>et</span> <span class='ocrx_word' id='word_1_185' title='bbox 1071 1777 1260 1840; x_wconf 85' lang='lat' dir='ltr'>Libyae</span> <span class='ocrx_word' id='word_1_186' title='bbox 1291 1778 1505 1827; x_wconf 88' lang='lat' dir='ltr'>lustrare</span> <span class='ocrx_word' id='word_1_187' title='bbox 1538 1780 1759 1826; x_wconf 90' lang='lat' dir='ltr'>extrema</span> 
     </span>
     <span class='ocr_line' id='line_1_23' title="bbox 58 1850 1758 1913; baseline 0 -15"><span class='ocrx_word' id='word_1_188' title='bbox 58 1850 250 1913; x_wconf 90' lang='lat' dir='ltr'>iubebo,</span> <span class='ocrx_word' id='word_1_189' title='bbox 290 1852 333 1899; x_wconf 90' lang='lat' dir='ltr'>si</span> <span class='ocrx_word' id='word_1_190' title='bbox 374 1852 552 1913; x_wconf 90' lang='lat' dir='ltr'>quibus</span> <span class='ocrx_word' id='word_1_191' title='bbox 593 1853 779 1900; x_wconf 89' lang='lat' dir='ltr'>eiectus</span> <span class='ocrx_word' id='word_1_192' title='bbox 819 1852 959 1900; x_wconf 86' lang='lat' dir='ltr'>silvis</span> <span class='ocrx_word' id='word_1_193' title='bbox 1000 1854 1089 1899; x_wconf 88' lang='lat' dir='ltr'>aut</span> <span class='ocrx_word' id='word_1_194' title='bbox 1126 1851 1331 1900; x_wconf 90' lang='lat' dir='ltr'>urbibus</span> <span class='ocrx_word' id='word_1_195' title='bbox 1371 1850 1549 1900; x_wconf 81' lang='lat' dir='ltr'>errat“.</span> <span class='ocrx_word' id='word_1_196' title='bbox 1625 1851 1758 1913; x_wconf 92' lang='lat' dir='ltr'>quod</span> 
     </span>
     <span class='ocr_line' id='line_1_24' title="bbox 60 1925 1758 1987; baseline -0.001 -14"><span class='ocrx_word' id='word_1_197' title='bbox 60 1928 227 1973; x_wconf 82' lang='lat' dir='ltr'>autem</span> <span class='ocrx_word' id='word_1_198' title='bbox 275 1927 348 1974; x_wconf 91' lang='lat' dir='ltr'>ait</span> <span class='ocrx_word' id='word_1_199' title='bbox 394 1925 568 1975; x_wconf 89' lang='lat' dir='ltr'>adsum</span> <span class='ocrx_word' id='word_1_200' title='bbox 608 1925 785 1974; x_wconf 89' lang='lat' dir='ltr'>Troius</span> <span class='ocrx_word' id='word_1_201' title='bbox 825 1926 1042 1987; x_wconf 87' lang='lat' dir='ltr'>Aeneas,</span> <span class='ocrx_word' id='word_1_202' title='bbox 1088 1925 1276 1974; x_wconf 91' lang='lat' dir='ltr'>Didoni</span> <span class='ocrx_word' id='word_1_203' title='bbox 1321 1929 1519 1974; x_wconf 86' lang='lat' dir='ltr'>tantum</span> <span class='ocrx_word' id='word_1_204' title='bbox 1558 1925 1758 1974; x_wconf 84' lang='lat' dir='ltr'>videtur</span> 
     </span>
     <span class='ocr_line' id='line_1_25' title="bbox 61 1998 1759 2064; baseline 0.001 -17"><span class='ocrx_word' id='word_1_205' title='bbox 61 1998 240 2048; x_wconf 86' lang='lat' dir='ltr'>dixisse</span> <span class='ocrx_word' id='word_1_206' title='bbox 294 2001 375 2048; x_wconf 90' lang='lat' dir='ltr'>cui</span> <span class='ocrx_word' id='word_1_207' title='bbox 427 2000 527 2047; x_wconf 84' lang='lat' dir='ltr'>fuit</span> <span class='ocrx_word' id='word_1_208' title='bbox 579 2001 878 2064; x_wconf 88' lang='lat' dir='ltr'>incognitus.</span> <span class='ocrx_word' id='word_1_209' title='bbox 968 1999 1170 2062; x_wconf 83' lang='lat' dir='ltr'>Libycis</span> <span class='ocrx_word' id='word_1_210' title='bbox 1226 2003 1424 2063; x_wconf 87' lang='lat' dir='ltr'>ereptus</span> <span class='ocrx_word' id='word_1_211' title='bbox 1480 2000 1542 2048; x_wconf 90' lang='lat' dir='ltr'>ab</span> <span class='ocrx_word' id='word_1_212' title='bbox 1596 1998 1759 2062; x_wconf 89' lang='lat' dir='ltr'>undis,</span> 
     </span>
     <span class='ocr_line' id='line_1_26' title="bbox 20 2074 1757 2135; baseline 0.001 -15"><span class='ocrx_word' id='word_1_213' title='bbox 20 2083 40 2120; x_wconf 71' lang='lat' dir='ltr'>s</span> <span class='ocrx_word' id='word_1_214' title='bbox 63 2075 180 2135; x_wconf 87' lang='lat' dir='ltr'>quia</span> <span class='ocrx_word' id='word_1_215' title='bbox 211 2077 261 2122; x_wconf 92' lang='lat' dir='ltr'>et</span> <span class='ocrx_word' id='word_1_216' title='bbox 291 2074 508 2122; x_wconf 88' lang='lat' dir='ltr'>Ilioneus</span> <span class='ocrx_word' id='word_1_217' title='bbox 542 2075 592 2122; x_wconf 92' lang='lat' dir='ltr'>et</span> <span class='ocrx_word' id='word_1_218' title='bbox 614 2074 747 2123; x_wconf 89' lang='lat' dir='ltr'>Dido</span> <span class='ocrx_word' id='word_1_219' title='bbox 781 2074 1156 2123; x_wconf 87' lang='lat' dir='ltr'>arbitrabantur</span> <span class='ocrx_word' id='word_1_220' title='bbox 1187 2090 1300 2122; x_wconf 87' lang='lat' dir='ltr'>eum</span> <span class='ocrx_word' id='word_1_221' title='bbox 1331 2075 1573 2123; x_wconf 86' lang='lat' dir='ltr'>violentia</span> <span class='ocrx_word' id='word_1_222' title='bbox 1603 2075 1757 2122; x_wconf 88' lang='lat' dir='ltr'>maris</span> 
     </span>
     <span class='ocr_line' id='line_1_27' title="bbox 62 2148 1758 2212; baseline 0 -17"><span class='ocrx_word' id='word_1_223' title='bbox 62 2161 366 2210; x_wconf 88' lang='lat' dir='ltr'>oppressum,</span> <span class='ocrx_word' id='word_1_224' title='bbox 404 2149 632 2210; x_wconf 87' lang='lat' dir='ltr'>utrisque</span> <span class='ocrx_word' id='word_1_225' title='bbox 670 2149 982 2212; x_wconf 87' lang='lat' dir='ltr'>intellegitur</span> <span class='ocrx_word' id='word_1_226' title='bbox 1021 2148 1395 2197; x_wconf 88' lang='lat' dir='ltr'>demonstrasse.</span> <span class='ocrx_word' id='word_1_227' title='bbox 1473 2163 1500 2197; x_wconf 91' lang='lat' dir='ltr'>o</span> <span class='ocrx_word' id='word_1_228' title='bbox 1538 2148 1646 2197; x_wconf 80' lang='lat' dir='ltr'>sola</span> <span class='ocrx_word' id='word_1_229' title='bbox 1682 2151 1758 2196; x_wconf 73' lang='lat' dir='ltr'>in-</span> 
     </span>
     <span class='ocr_line' id='line_1_28' title="bbox 61 2215 1759 2287; baseline 0.001 -18"><span class='ocrx_word' id='word_1_230' title='bbox 61 2215 237 2281; x_wconf 69' lang='lat' dir='ltr'>fandos</span> <span class='ocrx_word' id='word_1_231' title='bbox 287 2222 466 2271; x_wconf 77' lang='lat' dir='ltr'>Troiae</span> <span class='ocrx_word' id='word_1_232' title='bbox 510 2225 744 2271; x_wconf 76' lang='lat' dir='ltr'>miserata</span> <span class='ocrx_word' id='word_1_233' title='bbox 792 2223 1003 2271; x_wconf 82' lang='lat' dir='ltr'>labores:</span> <span class='ocrx_word' id='word_1_234' title='bbox 1063 2237 1248 2287; x_wconf 88' lang='lat' dir='ltr'>magna</span> <span class='ocrx_word' id='word_1_235' title='bbox 1295 2226 1402 2271; x_wconf 88' lang='lat' dir='ltr'>arte</span> <span class='ocrx_word' id='word_1_236' title='bbox 1450 2222 1578 2270; x_wconf 87' lang='lat' dir='ltr'>dixit</span> <span class='ocrx_word' id='word_1_237' title='bbox 1629 2223 1759 2270; x_wconf 89' lang='lat' dir='ltr'>hanc</span> 
     </span>
     <span class='ocr_line' id='line_1_29' title="bbox 61 2294 1759 2359; baseline 0.001 -16"><span class='ocrx_word' id='word_1_238' title='bbox 61 2294 278 2358; x_wconf 87' lang='lat' dir='ltr'>laudem,</span> <span class='ocrx_word' id='word_1_239' title='bbox 325 2312 481 2358; x_wconf 91' lang='lat' dir='ltr'>usque</span> <span class='ocrx_word' id='word_1_240' title='bbox 529 2296 652 2344; x_wconf 92' lang='lat' dir='ltr'>adeo</span> <span class='ocrx_word' id='word_1_241' title='bbox 691 2299 751 2344; x_wconf 90' lang='lat' dir='ltr'>ut</span> <span class='ocrx_word' id='word_1_242' title='bbox 790 2299 840 2345; x_wconf 91' lang='lat' dir='ltr'>et</span> <span class='ocrx_word' id='word_1_243' title='bbox 879 2297 1143 2359; x_wconf 90' lang='lat' dir='ltr'>specialem</span> <span class='ocrx_word' id='word_1_244' title='bbox 1182 2297 1605 2359; x_wconf 89' lang='lat' dir='ltr'>praedicationem</span> <span class='ocrx_word' id='word_1_245' title='bbox 1645 2312 1759 2345; x_wconf 91' lang='lat' dir='ltr'>con-</span> 
     </span>
     <span class='ocr_line' id='line_1_30' title="bbox 62 2369 1760 2430; baseline 0.001 -14"><span class='ocrx_word' id='word_1_246' title='bbox 62 2369 234 2430; x_wconf 88' lang='lat' dir='ltr'>plexus</span> <span class='ocrx_word' id='word_1_247' title='bbox 275 2370 342 2419; x_wconf 87' lang='lat' dir='ltr'>sit</span> <span class='ocrx_word' id='word_1_248' title='bbox 381 2373 431 2419; x_wconf 89' lang='lat' dir='ltr'>et</span> <span class='ocrx_word' id='word_1_249' title='bbox 469 2371 644 2420; x_wconf 90' lang='lat' dir='ltr'>ceteris</span> <span class='ocrx_word' id='word_1_250' title='bbox 682 2370 915 2419; x_wconf 87' lang='lat' dir='ltr'>laudibus</span> <span class='ocrx_word' id='word_1_251' title='bbox 956 2371 1176 2419; x_wconf 88' lang='lat' dir='ltr'>dicendis</span> <span class='ocrx_word' id='word_1_252' title='bbox 1222 2372 1521 2420; x_wconf 88' lang='lat' dir='ltr'>instructam</span> <span class='ocrx_word' id='word_1_253' title='bbox 1566 2370 1760 2418; x_wconf 89' lang='lat' dir='ltr'>dederit</span> 
     </span>
     <span class='ocr_line' id='line_1_31' title="bbox 20 2442 1759 2508; baseline 0.001 -18"><span class='ocrx_word' id='word_1_254' title='bbox 20 2452 45 2497; x_wconf 66' lang='lat'>0</span> <span class='ocrx_word' id='word_1_255' title='bbox 64 2442 285 2491; x_wconf 89' lang='lat' dir='ltr'>formam.</span> <span class='ocrx_word' id='word_1_256' title='bbox 362 2445 528 2506; x_wconf 88' lang='lat' dir='ltr'>prima</span> <span class='ocrx_word' id='word_1_257' title='bbox 565 2460 682 2507; x_wconf 89' lang='lat' dir='ltr'>pars</span> <span class='ocrx_word' id='word_1_258' title='bbox 721 2445 996 2493; x_wconf 89' lang='lat' dir='ltr'>rhetoricae</span> <span class='ocrx_word' id='word_1_259' title='bbox 1036 2445 1330 2508; x_wconf 87' lang='lat' dir='ltr'>disciplinae</span> <span class='ocrx_word' id='word_1_260' title='bbox 1362 2445 1464 2493; x_wconf 79' lang='lat' dir='ltr'>fuit</span> <span class='ocrx_word' id='word_1_261' title='bbox 1495 2444 1628 2507; x_wconf 89' lang='lat' dir='ltr'>quod</span> <span class='ocrx_word' id='word_1_262' title='bbox 1660 2445 1759 2492; x_wconf 91' lang='lat' dir='ltr'>loci</span> 
     </span>
    </p>
   </div>
   <div class='ocr_carea' id='block_1_3' title="bbox 61 2549 260 2556">
    <p class='ocr_par' dir='ltr' id='par_1_3' title="bbox 61 2549 260 2556">
     <span class='ocr_line' id='line_1_32' title="bbox 61 2549 260 2556; baseline 0 670"><span class='ocrx_word' id='word_1_263' title='bbox 61 2549 260 2556; x_wconf 95' lang='lat' dir='ltr'> </span> 
     </span>
    </p>
   </div>
   <div class='ocr_carea' id='block_1_4' title="bbox 261 2553 414 2557">
    <p class='ocr_par' dir='ltr' id='par_1_4' title="bbox 261 2553 414 2557">
     <span class='ocr_line' id='line_1_33' title="bbox 261 2553 414 2557; baseline 0 0"><span class='ocrx_word' id='word_1_264' title='bbox 261 2553 414 2557; x_wconf 95' lang='lat' dir='ltr'> </span> 
     </span>
    </p>
   </div>
   <div class='ocr_carea' id='block_1_5' title="bbox 24 2614 1760 3028">
    <p class='ocr_par' dir='ltr' id='par_1_5' title="bbox 26 2614 1760 3028">
     <span class='ocr_line' id='line_1_34' title="bbox 27 2614 1760 2672; baseline -0.002 -10"><span class='ocrx_word' id='word_1_265' title='bbox 27 2660 41 2672; x_wconf 33' lang='lat' dir='ltr'>s.</span> <span class='ocrx_word' id='word_1_266' title='bbox 181 2619 206 2658; x_wconf 88' lang='lat'>3</span> <span class='ocrx_word' id='word_1_267' title='bbox 238 2617 429 2660; x_wconf 73' lang='lat' dir='ltr'>nomina</span> <span class='ocrx_word' id='word_1_268' title='bbox 459 2615 548 2658; x_wconf 87' lang='lat' dir='ltr'>LR</span> <span class='ocrx_word' id='word_1_269' title='bbox 579 2615 759 2660; x_wconf 74' lang='lat' dir='ltr'>lumina</span> <span class='ocrx_word' id='word_1_270' title='bbox 790 2615 861 2660; x_wconf 89' lang='lat' dir='ltr'>ed.</span> <span class='ocrx_word' id='word_1_271' title='bbox 1031 2620 1057 2659; x_wconf 85' lang='lat'>5</span> <span class='ocrx_word' id='word_1_272' title='bbox 1090 2616 1245 2660; x_wconf 75' lang='lat' dir='ltr'>liberis</span> <span class='ocrx_word' id='word_1_273' title='bbox 1272 2616 1372 2660; x_wconf 74' lang='lat' dir='ltr'>suis</span> <span class='ocrx_word' id='word_1_274' title='bbox 1401 2615 1489 2658; x_wconf 77' lang='lat' dir='ltr'>LR</span> <span class='ocrx_word' id='word_1_275' title='bbox 1518 2616 1618 2660; x_wconf 79' lang='lat' dir='ltr'>suis</span> <span class='ocrx_word' id='word_1_276' title='bbox 1645 2614 1760 2670; x_wconf 72' lang='lat' dir='ltr'>filiis</span> 
     </span>
     <span class='ocr_line' id='line_1_35' title="bbox 24 2673 1696 2720; baseline -0.001 -1.993"><span class='ocrx_word' id='word_1_277' title='bbox 24 2687 47 2720; x_wconf 89' lang='grc'>4*</span> <span class='ocrx_word' id='word_1_278' title='bbox 64 2673 135 2718; x_wconf 78' lang='lat' dir='ltr'>ed.</span> <span class='ocrx_word' id='word_1_279' title='bbox 288 2679 312 2718; x_wconf 82' lang='lat'><strong>7</strong></span> <span class='ocrx_word' id='word_1_280' title='bbox 345 2675 657 2719; x_wconf 74' lang='lat' dir='ltr'>introducitur</span> <span class='ocrx_word' id='word_1_281' title='bbox 687 2675 759 2719; x_wconf 86' lang='lat' dir='ltr'>ed.</span> <span class='ocrx_word' id='word_1_282' title='bbox 913 2679 939 2719; x_wconf 85' lang='grc'><strong>9</strong></span> <span class='ocrx_word' id='word_1_283' title='bbox 971 2675 1198 2719; x_wconf 77' lang='lat' dir='ltr'>indicaret</span> <span class='ocrx_word' id='word_1_284' title='bbox 1229 2674 1317 2718; x_wconf 89' lang='lat' dir='ltr'>LR</span> <span class='ocrx_word' id='word_1_285' title='bbox 1354 2678 1594 2718; x_wconf 70' lang='lat' dir='ltr'>nwntzaret</span> <span class='ocrx_word' id='word_1_286' title='bbox 1625 2673 1696 2716; x_wconf 89' lang='lat' dir='ltr'>ed.</span> 
     </span>
     <span class='ocr_line' id='line_1_36' title="bbox 34 2730 1760 2791; baseline 0 -15"><span class='ocrx_word' id='word_1_287' title='bbox 34 2730 119 2776; x_wconf 91' lang='grc'><strong>’,11</strong></span> <span class='ocrx_word' id='word_1_288' title='bbox 152 2738 194 2777; x_wconf 86' lang='lat' dir='ltr'>et</span> <span class='ocrx_word' id='word_1_289' title='bbox 222 2739 274 2778; x_wconf 84' lang='lat' dir='ltr'>ut</span> <span class='ocrx_word' id='word_1_290' title='bbox 303 2733 390 2777; x_wconf 82' lang='lat' dir='ltr'>LR</span> <span class='ocrx_word' id='word_1_291' title='bbox 421 2740 464 2778; x_wconf 82' lang='lat' dir='ltr'>et</span> <span class='ocrx_word' id='word_1_292' title='bbox 494 2747 582 2778; x_wconf 91' lang='lat' dir='ltr'>om.</span> <span class='ocrx_word' id='word_1_293' title='bbox 610 2734 681 2779; x_wconf 89' lang='lat' dir='ltr'>ed</span> <span class='ocrx_word' id='word_1_294' title='bbox 726 2737 732 2791; x_wconf 88' lang='grc' dir='ltr'>Ι</span> <span class='ocrx_word' id='word_1_295' title='bbox 774 2734 897 2778; x_wconf 76' lang='lat' dir='ltr'>unde</span> <span class='ocrx_word' id='word_1_296' title='bbox 929 2734 1000 2778; x_wconf 89' lang='lat' dir='ltr'>ed.</span> <span class='ocrx_word' id='word_1_297' title='bbox 1126 2738 1181 2778; x_wconf 91' lang='lat'>18</span> <span class='ocrx_word' id='word_1_298' title='bbox 1213 2734 1336 2778; x_wconf 69' lang='lat' dir='ltr'>dimit</span> <span class='ocrx_word' id='word_1_299' title='bbox 1366 2734 1439 2778; x_wconf 90' lang='lat' dir='ltr'>ed.</span> <span class='ocrx_word' id='word_1_300' title='bbox 1562 2737 1620 2777; x_wconf 78' lang='lat'>20</span> <span class='ocrx_word' id='word_1_301' title='bbox 1649 2733 1760 2789; x_wconf 88' lang='lat' dir='ltr'>post</span> 
     </span>
     <span class='ocr_line' id='line_1_37' title="bbox 26 2790 1759 2846; baseline -0.001 -10.974"><span class='ocrx_word' id='word_1_302' title='bbox 26 2790 289 2844; x_wconf 58' lang='lat' dir='ltr'>3Teucrum</span> <span class='ocrx_word' id='word_1_303' title='bbox 331 2792 517 2838; x_wconf 86' lang='lat' dir='ltr'>videtur</span> <span class='ocrx_word' id='word_1_304' title='bbox 554 2797 597 2838; x_wconf 82' lang='lat' dir='ltr'>et</span> <span class='ocrx_word' id='word_1_305' title='bbox 633 2798 780 2838; x_wconf 84' lang='lat' dir='ltr'>cetera</span> <span class='ocrx_word' id='word_1_306' title='bbox 819 2793 1061 2837; x_wconf 86' lang='lat' dir='ltr'>excidisse.</span> <span class='ocrx_word' id='word_1_307' title='bbox 1216 2798 1270 2836; x_wconf 81' lang='lat'>21</span> <span class='ocrx_word' id='word_1_308' title='bbox 1306 2793 1500 2837; x_wconf 77' lang='lat' dir='ltr'>lustrari</span> <span class='ocrx_word' id='word_1_309' title='bbox 1526 2791 1635 2846; x_wconf 89' lang='lat' dir='ltr'>LR,</span> <span class='ocrx_word' id='word_1_310' title='bbox 1675 2791 1759 2835; x_wconf 86' lang='lat' dir='ltr'>sed</span> 
     </span>
     <span class='ocr_line' id='line_1_38' title="bbox 24 2850 1755 2914; baseline 0 -20"><span class='ocrx_word' id='word_1_311' title='bbox 24 2857 206 2914; x_wconf 50' lang='lat' dir='ltr'>strupra</span> <span class='ocrx_word' id='word_1_312' title='bbox 244 2853 440 2897; x_wconf 80' lang='lat' dir='ltr'>lustrare</span> <span class='ocrx_word' id='word_1_313' title='bbox 477 2854 533 2896; x_wconf 90' lang='lat' dir='ltr'>ut</span> <span class='ocrx_word' id='word_1_314' title='bbox 561 2852 701 2910; x_wconf 84' lang='lat' dir='ltr'>Verg.</span> <span class='ocrx_word' id='word_1_315' title='bbox 735 2851 860 2898; x_wconf 88' lang='lat' dir='ltr'>libri.</span> <span class='ocrx_word' id='word_1_316' title='bbox 1030 2855 1084 2896; x_wconf 79' lang='lat'>23</span> <span class='ocrx_word' id='word_1_317' title='bbox 1126 2852 1290 2897; x_wconf 77' lang='lat' dir='ltr'>didoni</span> <span class='ocrx_word' id='word_1_318' title='bbox 1320 2852 1408 2895; x_wconf 83' lang='lat' dir='ltr'>LR</span> <span class='ocrx_word' id='word_1_319' title='bbox 1445 2865 1502 2896; x_wconf 73' lang='lat' dir='ltr'>‘ne</span> <span class='ocrx_word' id='word_1_320' title='bbox 1533 2851 1598 2895; x_wconf 88' lang='lat' dir='ltr'>D.</span> <span class='ocrx_word' id='word_1_321' title='bbox 1630 2850 1703 2894; x_wconf 89' lang='lat' dir='ltr'>ed.</span> <span class='ocrx_word' id='word_1_322' title='bbox 1748 2851 1755 2910; x_wconf 82' lang='grc' dir='ltr'>Ι</span> 
     </span>
     <span class='ocr_line' id='line_1_39' title="bbox 24 2892 1760 2968; baseline 0.001 -14.024"><span class='ocrx_word' id='word_1_323' title='bbox 24 2892 293 2955; x_wconf 64' lang='lat' dir='ltr'>{videretur</span> <span class='ocrx_word' id='word_1_324' title='bbox 314 2910 402 2954; x_wconf 86' lang='lat' dir='ltr'>LR</span> <span class='ocrx_word' id='word_1_325' title='bbox 425 2911 514 2967; x_wconf 62' lang='lat' dir='ltr'>ed„</span> <span class='ocrx_word' id='word_1_326' title='bbox 539 2912 621 2956; x_wconf 87' lang='lat' dir='ltr'>sed</span> <span class='ocrx_word' id='word_1_327' title='bbox 653 2911 688 2954; x_wconf 94' lang='lat' dir='ltr'>L</span> <span class='ocrx_word' id='word_1_328' title='bbox 720 2912 771 2968; x_wconf 90' lang='lat' dir='ltr'>ip</span> <span class='ocrx_word' id='word_1_329' title='bbox 775 2924 823 2955; x_wconf 87' lang='lat' dir='ltr'>se</span> <span class='ocrx_word' id='word_1_330' title='bbox 856 2925 970 2955; x_wconf 86' lang='lat' dir='ltr'>corr.</span> <span class='ocrx_word' id='word_1_331' title='bbox 995 2911 1046 2955; x_wconf 90' lang='lat' dir='ltr'>in</span> <span class='ocrx_word' id='word_1_332' title='bbox 1073 2911 1252 2956; x_wconf 81' lang='lat' dir='ltr'>videtur</span> <span class='ocrx_word' id='word_1_333' title='bbox 1282 2911 1399 2955; x_wconf 87' lang='lat' dir='ltr'>item</span> <span class='ocrx_word' id='word_1_334' title='bbox 1427 2925 1464 2955; x_wconf 88' lang='lat' dir='ltr'>r.</span> <span class='ocrx_word' id='word_1_335' title='bbox 1557 2914 1614 2954; x_wconf 80' lang='lat'>25</span> <span class='ocrx_word' id='word_1_336' title='bbox 1646 2911 1760 2966; x_wconf 75' lang='lat' dir='ltr'>quia</span> 
     </span>
     <span class='ocr_line' id='line_1_40' title="bbox 26 2964 1628 3028; baseline -0.002 -13"><span class='ocrx_word' id='word_1_337' title='bbox 26 2964 45 3028; x_wconf 59' lang='lat'>1&#39;</span> <span class='ocrx_word' id='word_1_338' title='bbox 65 2972 107 3015; x_wconf 73' lang='lat' dir='ltr'>et</span> <span class='ocrx_word' id='word_1_339' title='bbox 135 2968 222 3012; x_wconf 84' lang='lat' dir='ltr'>LR</span> <span class='ocrx_word' id='word_1_340' title='bbox 251 2974 292 3014; x_wconf 82' lang='lat' dir='ltr'>et</span> <span class='ocrx_word' id='word_1_341' title='bbox 323 2984 410 3014; x_wconf 87' lang='lat' dir='ltr'>om.</span> <span class='ocrx_word' id='word_1_342' title='bbox 436 2970 508 3015; x_wconf 91' lang='lat' dir='ltr'>ed.</span> <span class='ocrx_word' id='word_1_343' title='bbox 632 2975 688 3015; x_wconf 82' lang='lat'>26</span> <span class='ocrx_word' id='word_1_344' title='bbox 721 2972 1027 3016; x_wconf 76' lang='lat' dir='ltr'>demonstrare</span> <span class='ocrx_word' id='word_1_345' title='bbox 1057 2970 1130 3014; x_wconf 88' lang='lat' dir='ltr'>ed</span> <span class='ocrx_word' id='word_1_346' title='bbox 1255 2974 1310 3014; x_wconf 82' lang='lat'>29</span> <span class='ocrx_word' id='word_1_347' title='bbox 1342 2969 1526 3015; x_wconf 71' lang='lat' dir='ltr'>dicendi</span> <span class='ocrx_word' id='word_1_348' title='bbox 1557 2969 1628 3013; x_wconf 91' lang='lat' dir='ltr'>ed.</span> 
     </span>
    </p>
   </div>
   <div class='ocr_carea' id='block_1_6' title="bbox 26 3030 51 3085">
    <p class='ocr_par' dir='ltr' id='par_1_6' title="bbox 26 3030 51 3085">
     <span class='ocr_line' id='line_1_41' title="bbox 26 3030 51 3085; baseline 0 0"><span class='ocrx_word' id='word_1_349' title='bbox 26 3030 51 3085; x_wconf 58' lang='grc'>11·</span> 
     </span>
    </p>
   </div>
   <div class='ocr_carea' id='block_1_7' title="bbox 20 3082 58 3226">
    <p class='ocr_par' dir='ltr' id='par_1_7' title="bbox 20 3082 58 3226">
     <span class='ocr_line' id='line_1_42' title="bbox 20 3082 58 3226; baseline 0 0"><span class='ocrx_word' id='word_1_350' title='bbox 20 3082 58 3226; x_wconf 79' lang='lat' dir='ltr'>l.</span> 
     </span>
    </p>
   </div>
  </div>
 </body>
</html>
