2014 3226
764 165 1065 211 AENEIDos
1100 167 1161 210 VI
1703 173 1809 223 547

274 306 340 352 In
386 307 542 353 medio
597 320 758 352 ramos
814 322 1094 366 annosaque
1148 309 1373 356 bracchia
1417 310 1599 368 pandit
1652 312 1813 358 ulmus

125 394 293 439 opaca,
333 382 530 440 ingens:
579 380 782 428 transiit
821 396 850 426 a
890 381 1218 443 descriptione
1258 381 1513 442 vestibuli,
1569 385 1704 430 venit
1752 385 1814 431 ad

125 454 410 501 interiorem
458 456 653 514 partem
702 470 826 514 quae
875 471 972 501 non
1022 459 1148 502 esset
1194 454 1281 502 sub
1330 458 1474 504 tecto.
1552 457 1648 504 fuit
1694 457 1813 517 illic,

123 528 304 588 inquit,
350 527 475 574 ulmi
521 527 668 575 arbor
718 543 904 575 annosa
952 529 1250 590 perindeque
1303 531 1475 593 ingens
1530 531 1813 594 ingentibus

28 631 30 634 v
81 616 100 648 5
124 602 275 648 ramis
324 601 501 661 effusa,
548 616 704 662 opaca
754 602 1024 650 frondibus.
1101 603 1222 650 bene
1269 603 1437 664 posuit
1488 619 1724 652 annosam
1764 607 1814 652 et

123 676 395 738 ingentem3
438 678 553 722 sunt
585 676 715 722 enim
755 676 952 723 arbores
984 692 1212 736 annosae,
1254 692 1348 723 non
1382 680 1547 724 tamen
1589 677 1812 741 ingentes

124 764 211 796 nec
251 764 434 810 opacae
474 765 563 798 nec
603 752 807 797 ornatae
847 750 1126 810 frondibus,
1165 752 1214 796 in
1256 752 1348 798 hac
1390 754 1555 798 autem
1595 754 1645 798 et
1685 753 1809 799 anti·

124 825 288 884 quitas
327 822 537 884 parebat
576 825 626 870 et
663 839 915 870 ramorum
954 840 1010 871 ac
1058 825 1289 871 frondum
1330 826 1551 886 opacitas
1592 827 1811 887 antiqui-

122 898 221 944 tati
274 897 588 958 respondens.
667 913 812 956 quam
855 899 1013 945 sedem
1057 898 1261 946 Somnia
1306 900 1447 958 vulyo
1478 914 1611 946 vana
1657 903 1812 947 tenere

57 985 99 1018 10
121 972 316 1031 ferunt:
370 971 464 1031 hic,
505 971 590 1032 ait,
631 971 864 1018 dicuntur
901 986 1005 1019 esse
1037 988 1165 1019 vana
1206 972 1408 1033 somnia,
1447 973 1528 1019 hic
1561 973 1669 1020 vult
1708 988 1811 1022 esse

122 1061 309 1092 errores
342 1047 429 1107 qui
459 1061 548 1106 pro
581 1046 868 1094 necessariis
899 1045 1116 1093 inaniter
1147 1048 1409 1094 occurrunt
1440 1045 1810 1094 dormientibus.

119 1122 250 1166 recte
291 1118 418 1166 dixit
454 1119 636 1180 ferunt,
669 1118 786 1180 quia
826 1135 978 1181 supra
1018 1120 1090 1167 ait
1122 1122 1217 1180 „sit
1254 1120 1376 1166 mihi
1415 1121 1490 1167 fas
1531 1121 1702 1168 audita
1741 1121 1809 1169 lo-

121 1191 237 1254 qui“
286 1208 375 1240 nec
423 1192 595 1241 debuit
648 1194 822 1241 auctor
876 1209 979 1241 esse
1033 1194 1085 1240 in
1138 1195 1353 1241 incertis.
1444 1195 1667 1254 foliisque
1719 1195 1808 1242 sub

0 1314 27 1326 ‚‚
120 1268 344 1315 ommibus
381 1268 592 1323 haerent,
629 1268 740 1329 ipsa
772 1267 962 1315 scilicet
995 1267 1210 1316 Somnia.
1272 1268 1516 1328 multaque
1538 1271 1794 1328 praeterea
1812 1275 1896 1314 285

0 1326 1 1373 Ὺ
55 1353 96 1386 15
120 1343 378 1389 variarum
415 1345 633 1389 monstra
670 1342 918 1400 ferarum:
958 1358 1082 1402 quae
1131 1344 1230 1389 sint
1275 1342 1434 1389 multa
1471 1344 1692 1389 monstra
1729 1342 1807 1390 vel

121 1431 247 1476 quae
286 1415 505 1463 ferarum
543 1416 758 1463 varietas
799 1432 828 1463 a
861 1416 1185 1478 generalitate
1225 1415 1287 1463 ad
1320 1417 1532 1476 speciem
1564 1417 1808 1464 transiens

119 1487 253 1536 dicit.
334 1488 567 1537 Centauri
619 1492 674 1538 in
717 1490 907 1549 foribus
958 1490 1233 1539 stabulant:
1287 1487 1557 1537 Centauros
1614 1492 1809 1538 constat

119 1565 342 1611 monstra
381 1578 506 1625 esse3
545 1579 662 1610 nam
693 1566 886 1626 partem
919 1563 1251 1611 membrorum
1283 1562 1467 1610 habent
1498 1563 1559 1610 ab
1591 1563 1807 1611 humano

119 1652 322 1699 corpore
360 1637 654 1698 venientem,
693 1639 888 1700 partem
927 1638 988 1684 ab
1029 1653 1267 1699 equorum
1305 1637 1476 1684 forma.
1554 1636 1809 1685 stabulant

9 1763 21 1771 ,Ἰ
51 1723 96 1756 20
119 1710 246 1759 dixit
285 1714 598 1760 commanent
635 1713 686 1759 et
730 1714 861 1760 recte
899 1712 1261 1759 habitationem
1297 1712 1518 1772 ipsorum
1557 1711 1807 1758 stabulum

118 1787 384 1846 vocitavit3
430 1786 541 1834 vult
580 1787 712 1833 enim
751 1801 833 1834 eos
879 1787 990 1848 plus
1031 1802 1142 1834 cum
1181 1785 1319 1846 equis
1365 1800 1515 1846 quam
1563 1800 1674 1832 cum
1719 1785 1804 1832 ho·

117 1859 333 1908 minibus
372 1859 648 1908 membrum
685 1860 866 1908 habere
905 1875 1176 1907 commune.
1243 1858 1522 1919 Scyllaeque
1553 1859 1808 1915 biformes:

118 1935 170 1981 et
205 1934 295 1981 has
335 1933 478 1982 aiunt
514 1937 737 1982 monstra
777 1949 894 1995 esse,
932 1936 1107 1995 utpote
1147 1949 1274 1995 quae
1315 1948 1468 1994 usque
1516 1931 1579 1978 ad
1626 1932 1806 1994 pubem

121 2008 334 2071 virgines
365 2008 640 2072 pingantur
672 2010 722 2055 et
753 2008 956 2056 canibus
979 2007 1185 2056 marinis
1218 2009 1439 2054 armatae
1463 2022 1552 2067 pro
1584 2005 1805 2067 pedibus.

50 2093 94 2126 εὖ
120 2084 164 2130 et
199 2084 609 2142 eentmnyeminas
639 2082 913 2131 Briareus:
951 2083 1136 2146 gemini
1176 2078 1407 2127 dicuntur
1444 2079 1540 2127 duo
1581 2081 1806 2142 geminae

116 2154 306 2204 formae
359 2156 452 2204 hoc
497 2158 574 2206 est
626 2156 859 2219 duplicis:
922 2155 1120 2217 qualem
1174 2154 1329 2218 igitur
1380 2156 1616 2215 putamus
1655 2152 1806 2202 fuisse

7 2219 23 2293 ἕξ
116 2228 398 2290 Briareum,
459 2231 547 2292 qui
600 2230 1022 2292 centumgeminus
1076 2229 1194 2276 fuit!
1286 2243 1344 2276 ae
1389 2227 1529 2275 belua
1582 2227 1807 2275 Lernae:

7 2298 16 2311 ‘
116 2301 279 2352 Lerna
316 2319 445 2353 unus
485 2304 661 2368 anguis
691 2305 843 2352 fuisse
874 2303 1092 2351 traditur
1122 2302 1306 2350 habens
1338 2302 1521 2349 multos
1556 2301 1805 2362 serpentes

6 2347 33 2414 ff
115 2375 168 2424 in
192 2378 369 2439 capite.
430 2379 727 2426 horrendum
749 2378 987 2427 stridens:
1025 2376 1133 2439 ipsa
1164 2377 1323 2440 magis
1357 2390 1505 2436 quam
1531 2373 1805 2432 Chimaera,

49 2461 94 2496 so
117 2467 270 2512 quam
292 2452 425 2499 infra
447 2451 745 2500 nominavit:
785 2450 1093 2513 serpentibus
1125 2451 1254 2497 enim
1286 2449 1513 2511 plurimis
1544 2448 1804 2495 stridorem

117 2525 391 2573 emittebat.
467 2525 566 2573 fuit
603 2541 720 2590 ergo
757 2527 1034 2573 monstrum
1082 2538 1208 2585 quae
1255 2524 1352 2571 fuit
1395 2522 1529 2570 ultra
1573 2523 1805 2568 naturam

116 2602 413 2660 serpentum.
475 2601 785 2660 flammisque
823 2602 1017 2647 armata
1043 2597 1330 2646 Chimaera:
1368 2611 1493 2657 quae
1531 2610 1621 2656 pro
1653 2594 1803 2643 armis

235 2743 261 2782 2
293 2741 416 2785 venit
445 2739 487 2784 V
517 2745 560 2785 et
587 2755 629 2785 v.
663 2739 734 2783 ed.
838 2743 866 2782 4
891 2738 1170 2795 perindeque
1201 2736 1243 2780 V
1267 2736 1460 2793 perinde
1489 2735 1641 2791 inquit
1670 2734 1741 2779 ed.

116 2801 143 2841 6
173 2812 377 2843 annosae
408 2813 496 2843 om.
523 2799 595 2843 ed.
720 2801 744 2842 7
776 2799 828 2842 in
858 2799 977 2842 hane
1006 2796 1061 2841 V.
1191 2800 1219 2841 8
1251 2794 1505 2853 apparebat
1534 2793 1605 2838 ed.
1634 2796 1640 2847 Ι
1673 2794 1803 2848 fron-

114 2856 245 2902 diwm
276 2857 347 2902 ed.
501 2862 556 2902 10
586 2859 696 2902 haee
723 2857 820 2902 vult
849 2856 891 2899 V
922 2869 1038 2901 corr.
1071 2855 1143 2900 ed.
1289 2858 1344 2899 18
1375 2858 1577 2898 monstra
1607 2851 1648 2895 V
1679 2866 1803 2896 mon-

113 2921 261 2962 strosa
292 2916 363 2961 ed.
487 2921 543 2961 22
575 2917 818 2962 membrum
848 2915 890 2960 V
922 2915 995 2960 ed.
1026 2915 1352 2960 membrorum?
1481 2915 1537 2956 23
1568 2916 1803 2968 «παροίσ-

115 2988 200 3031 que
229 2975 272 3020 V
303 2988 418 3021 corr.
442 2975 571 3021 edF..
675 2979 730 3019 2⁷
761 2973 1129 3033 centumqeminis
1157 2972 1214 3018 V.

1361 3045 1448 3089 35·
