2014 3226
182 162 291 214 534
648 161 880 206 DONATI
911 161 1195 206 INTERPR.
1226 161 1405 206 VERG.

183 302 295 350 ebat
335 305 384 350 et
423 300 545 350 rex?
593 302 896 364 provocabat
932 302 1063 349 hunc
1096 301 1243 350 amici
1275 301 1514 350 memoria
1554 304 1604 350 et
1637 302 1873 351 suadendi

181 377 446 424 necessitas
486 377 683 437 potens;
724 375 935 422 multum
976 376 1159 437 quippe
1199 375 1389 423 accedit
1429 376 1492 423 ad
1533 376 1759 424 effectum
1796 393 1873 424 ex-

181 450 452 511 pediendae
492 450 584 509 rei,
636 451 677 497 si
718 465 918 511 operam
965 464 1127 509 suam,
1179 465 1290 496 cum
1338 449 1527 511 aliquid
1573 449 1875 498 laboriosum

95 528 179 568 185
198 524 399 587 geritur,
440 540 523 570 rex
554 524 660 584 ipse
693 523 975 585 coniungat.
1038 526 1179 583 atque
1209 524 1324 571 haec
1354 525 1458 584 ipse
1489 537 1577 570 suo
1609 525 1736 572 tristi
1767 539 1876 572 cum

184 598 323 646 corde
354 599 538 644 volutat
568 600 820 657 aspectans
850 598 1027 644 silvam
1058 597 1355 644 inmensam:
1392 597 1511 644 licet
1543 599 1670 645 esset
1699 598 1876 659 tristiS,
1921 615 1941 649 ε

184 671 416 733 quoniam
470 687 618 718 causa
665 671 852 718 funeris
901 670 1163 733 gerebatur
1215 672 1264 718 et
1318 670 1423 718 eius
1477 671 1723 733 expeditio
1774 673 1876 720 iam

183 746 347 792 suerat
387 747 536 805 certa,
577 746 806 807 coeperat
846 746 1064 807 cogitare
1106 761 1231 805 quae
1270 744 1335 791 ad
1373 745 1711 793 inventionem
1749 747 1876 793 rami

184 818 515 880 pertinebant.
585 818 818 866 volvebat
850 819 1005 881 igitur
1035 818 1171 879 haec,
1212 820 1261 866 et
1294 834 1404 866 cum
1437 819 1580 867 corde
1613 835 1700 867 suo
1735 820 1876 881 quasi

184 908 295 939 cum
335 893 547 940 secunda
594 908 826 954 persona,
877 891 1191 941 considerans
1239 892 1514 941 inmensam
1560 892 1876 941 latitudinem

182 967 353 1014 silvae.
415 970 456 1014 et
486 968 555 1014 sic
585 969 707 1027 forte
736 970 994 1026 precatur:
1031 966 1084 1012 in
1123 982 1267 1028 prece
1307 982 1396 1015 sua
1437 967 1653 1015 ostendit
1691 967 1875 1030 cogita·
1902 985 1944 1018 10
1970 966 1985 1021 Α

182 1041 341 1088 tiones
396 1055 508 1089 suas
565 1057 686 1103 quas
747 1042 930 1087 tacitus
993 1055 1255 1101 secumque
1310 1042 1637 1101 tractaverat3
1693 1040 1877 1089 auxilio
1956 1065 1985 1091 μ

185 1113 367 1176 quippe
409 1114 576 1162 divino
617 1114 803 1163 sciebat
851 1130 972 1176 opus
1021 1129 1147 1174 esse,
1193 1115 1252 1161 ut
1297 1115 1604 1163 inveniretur
1642 1115 1695 1162 in
1734 1117 1876 1162 tanta

182 1188 471 1250 prolixitate
511 1189 667 1236 silvae
700 1189 846 1236 arbor
877 1204 1005 1250 quae
1037 1190 1263 1250 portaret
1295 1204 1498 1236 aureum
1529 1204 1736 1236 ramum.
1791 1189 1878 1236 ubi

183 1262 341 1325 igitur
379 1263 481 1310 eius
521 1262 702 1310 defecit
739 1261 950 1310 intentio
991 1263 1040 1309 et
1070 1263 1316 1310 tractatus
1349 1262 1621 1310 aestuantis
1654 1262 1878 1310 confudit

182 1338 235 1383 in
273 1335 552 1385 inmensum
583 1337 695 1384 fusa
726 1336 941 1384 latitudo
973 1335 1332 1398 prolixitasque
1366 1337 1619 1398 silvarum,
1658 1336 1734 1384 his
1767 1353 1876 1398 pre·
1902 1353 1944 1387 15

184 1411 323 1458 catus
372 1413 446 1459 est
492 1410 676 1472 verbis,
723 1416 781 1457 ut
830 1409 997 1458 divino
1053 1410 1250 1457 adiutus
1306 1410 1490 1458 auxilio
1546 1410 1877 1458 desideratam

184 1485 398 1546 speciem
436 1487 602 1546 posset
640 1485 868 1547 reperire.
946 1485 989 1531 si
1026 1498 1157 1531 nanc
1194 1498 1245 1532 se
1281 1485 1420 1532 nobis
1458 1485 1539 1532 ille
1578 1499 1757 1533 aureus
1797 1499 1876 1532 ar-

185 1558 295 1606 bore
332 1573 503 1606 ramas
542 1559 761 1607 ostendat
798 1571 990 1605 nemore
1026 1559 1081 1606 iri
1119 1561 1275 1606 tanto:
1320 1559 1539 1620 quando,
1577 1558 1763 1620 inquit,
1803 1558 1876 1605 111-

184 1631 425 1681 veniendo
472 1648 611 1680 ramo
661 1648 808 1680 aureo
855 1634 999 1680 tanta
1046 1647 1303 1679 nemorum
1350 1632 1618 1681 difficultas
1666 1633 1876 1692 obsistit,

183 1706 377 1753 utinam
416 1706 548 1755 ultro
589 1722 639 1754 se
678 1708 784 1768 ipse
823 1705 964 1754 nobis
1005 1705 1247 1754 ostendat.
1325 1708 1520 1766 quando
1562 1708 1728 1754 'omnia
1768 1720 1878 1755 vere
1902 1723 1944 1756 20
1980 1751 1985 1763 .,

183 1781 275 1828 heu
319 1782 528 1828 nimium
574 1781 632 1828 de
670 1785 713 1829 te
757 1784 911 1836 ναΐας,
950 1781 1155 1837 Misene,
1208 1779 1366 1828 locata
1405 1784 1497 1828 est:
1549 1795 1744 1828 necesse
1799 1782 1874 1828 est

186 1854 317 1901 enim
357 1854 508 1902 etiam
549 1854 608 1902 de
646 1870 785 1902 ramo
825 1870 943 1902 vera
991 1869 1094 1903 esse
1143 1854 1298 1914 dicta,
1346 1870 1455 1901 cum
1503 1854 1562 1902 de
1612 1856 1698 1902 tuo
1746 1870 1875 1918 casu,
1980 1896 1985 1914 ‚

98 1931 183 1971 190
199 1928 408 1988 Misene,
454 1928 662 1976 nimium
701 1927 981 1977 miseranda
1011 1943 1130 1976 vera
1167 1928 1334 1976 locuta
1367 1930 1442 1976 est
1479 1930 1630 1976 vates.
1700 1929 1782 1976 vix
1821 1943 1878 1977 ea

184 2004 318 2063 fatus
358 2006 489 2051 erat:
538 2002 710 2051 statim
756 2004 812 2050 ut
850 2002 970 2050 haec
1017 2002 1143 2049 dixit
1182 1995 1295 2068 (nec
1341 2005 1509 2050 tamen
1548 2001 1764 2064 aliquem
1803 2002 1876 2049 in·
1979 2003 1985 2042 Γ

185 2076 469 2137 ploraverat
509 2076 675 2136 deum3
710 2076 892 2138 quippe
930 2076 1024 2124 hoc
1063 2075 1222 2124 solum
1260 2076 1560 2139 protulerat,
1609 2079 1667 2124 ut
1705 2077 1877 2138 optare
1901 2091 1944 2126 εὖ
1981 2071 1986 2090 ᾗ

185 2150 437 2198 videretur
466 2151 633 2212 potius
667 2167 816 2212 quam
839 2143 1055 2217 rogare),
1085 2150 1344 2212 praevenit
1366 2151 1591 2198 materna
1622 2151 1876 2198 miseratio

185 2225 384 2271 euntem
422 2225 476 2271 in
513 2240 682 2286 preces
716 2226 766 2272 et
796 2223 929 2286 quod
960 2223 1335 2272 desiderabatur
1366 2223 1597 2272 ostendit.
1655 2225 1878 2285 ⁴‹Jeminae

183 2312 295 2346 cam
331 2298 455 2357 forte
494 2299 739 2347 columbae
776 2300 888 2359 ipsa
926 2299 1015 2345 sab
1056 2312 1144 2346 ora
1175 2299 1273 2346 viri
1303 2298 1432 2346 caelo
1463 2312 1632 2346 vertere
1661 2298 1876 2346 volantes

186 2375 230 2420 et
266 2371 414 2420 viridi
451 2373 614 2420 sedere
650 2374 776 2420 solo:
822 2373 940 2435 quia
990 2371 1245 2420 columbae
1292 2372 1515 2433 fuerunt,
1570 2371 1689 2434 quia
1735 2371 1875 2432 duae,

1983 2430 1986 2434 .
1978 2307 1988 2376 va·-

306 2502 329 2540 1
363 2497 602 2541 memoriae
631 2497 686 2542 V.
851 2501 876 2541 5
909 2498 1056 2542 tristes
1086 2497 1140 2542 V.
1303 2502 1357 2542 10
1388 2499 1504 2553 forte
1534 2497 1577 2541 V
1607 2511 1682 2542 ore
1713 2497 1784 2541 ed.

186 2560 244 2599 14
274 2557 529 2600 aestuantis
552 2583 608 2589 —
636 2561 689 2600 15
728 2558 836 2611 fusa
872 2559 1046 2601 temere
1084 2558 1198 2600 mut.
1231 2557 1303 2602 ed.
1451 2562 1504 2601 17
1535 2558 1578 2602 si
1615 2571 1702 2601 om.
1729 2557 1783 2601 V.

188 2619 242 2658 19
276 2619 403 2660 tanto
425 2629 658 2660 ‘nemorum
682 2615 723 2658 V
746 2621 878 2660 tanta
908 2631 952 2660 π.
979 2629 1078 2668 nos,
1109 2617 1224 2660 mut.
1250 2615 1321 2661 ed.
1445 2621 1502 2660 20
1532 2617 1626 2673 ipse
1657 2616 1836 2660 om.·ed.
1865 2616 1869 2674 Ι

181 2674 392 2719 ostendat
420 2673 464 2717 V
493 2675 741 2719 ostenderet
770 2674 840 2718 ed.
987 2679 1042 2718 23
1074 2675 1360 2720 miserandae
1391 2675 1452 2720 V:
1484 2675 1736 2721 miserande
1766 2674 1873 2730 ΗΟ,

187 2732 269 2776 sed
299 2746 394 2776 non
426 2733 487 2777 ad
518 2732 749 2778 Misenum
778 2733 998 2790 pertinet,
1030 2733 1288 2779 miserando
1318 2734 1390 2778 ed.
1499 2739 1613 2778 23-—
1619 2738 1674 2778 24
1705 2733 1873 2778 rubrae

182 2790 374 2836 litterae
397 2791 633 2860 lemmatis
657 2793 910 2837 vix—erat
931 2792 1002 2837 ita
1026 2792 1370 2850 superscriptae
1395 2796 1503 2838 sunt
1526 2792 1719 2838 extersis
1743 2792 1873 2848 atris,
1959 2790 1963 2798 “

182 2852 241 2894 ut
270 2863 328 2895 ex
358 2849 430 2894 his
462 2850 512 2895 in
543 2851 635 2896 fine
667 2851 1013 2908 superemineat
1043 2858 1180 2897 verat.
1341 2858 1397 2897 24
1429 2853 1498 2897 ita
1527 2853 1666 2897 timui
1693 2853 1802 2896 haec
1831 2850 1874 2894 V
1950 2856 1990 2904 ’ζ

181 2910 254 2954 ita
284 2910 392 2955 haec
423 2909 494 2954 ed.
525 2911 680 2956 statim
710 2915 763 2954 ut
791 2911 832 2954 h.
865 2924 951 2955 nos
983 2910 1058 2968 (cf.
1078 2915 1119 2966 3,
1138 2913 1255 2968 655).
1284 2913 1291 2968 Ι
1326 2917 1368 2957 et
1397 2916 1548 2956 tamen
1569 2911 1612 2955 V
1635 2911 1706 2956 ed.
1731 2924 1812 2956 nee
1841 2916 1872 2955 t.

1955 2993 1987 3063 {05

181 2981 283 3012 nos
407 2973 461 3012 27
494 2967 781 3015 desiderabat
810 2969 882 3013 ed
1004 2973 1060 3013 28
1090 2971 1214 3015 visae
1242 2984 1328 3027 pro
1358 2971 1452 3016 viri
1479 2970 1536 3017 V.
