2014 3226
771 170 1072 215 AENEIDOS
1106 172 1126 214 Ι
1723 172 1794 223 99

98 318 172 364 ita
223 314 547 361 artificiosum
607 317 679 359 est
738 314 888 373 atque
945 312 1128 359 subtile
1184 311 1497 358 latitudinem
1557 314 1795 360 materiae

99 391 270 437 stricto
311 403 532 435 sermone
574 387 819 449 colligere.
890 388 1058 446 reye'na
1100 387 1165 432 acl
1206 387 1446 444 templum,
1487 389 1649 446 forma
1678 387 1794 445 pul-

99 465 334 511 cherrima
381 462 537 515 Dido,
587 462 776 507 incessit
822 475 1004 519 mayna
1054 462 1279 507 iuvenum
1326 462 1532 519 stipante
1575 464 1791 508 caterva:

99 537 214 583 dum
260 536 452 583 Aeneas
500 534 892 582 consideratione
946 535 1254 594 picturarum
1308 536 1506 580 tenetur
1555 534 1789 595 intentus,

56 630 76 660 r>
100 611 337 673 processit
376 611 551 672 regina
590 608 760 655 visura
800 609 961 669 operis
1003 608 1244 654 currentis
1278 608 1517 669 effectum,
1551 624 1680 669 quae
1712 624 1790 656 res

100 687 148 731 et
187 685 408 730 animum
447 684 645 730 Aeneae
686 685 735 728 et
783 681 1004 728 studium
1054 683 1400 741 commutavit3
1455 699 1571 730 nam
1621 682 1792 729 debuit

0 811 1 822 ἶ
97 760 379 806 convertere
421 772 615 804 omnem
654 755 983 803 intentionem
1023 772 1161 804 suam
1202 756 1266 803 ad
1298 772 1355 803 ea
1389 772 1515 817 quae
1549 757 1791 804 attulerat

0 828 1 877 l
95 832 403 894 procedentis
452 832 658 879 occasio.
738 829 823 878 sed
867 831 1029 892 primo
1079 830 1278 891 conplet
1323 833 1472 891 poeta
1520 831 1789 892 processio-

0 898 1 911 *
96 922 206 953 nem
244 905 470 965 Didonis,
509 907 629 952 tunc
667 904 798 950 redit
846 903 908 951 ad
955 904 1150 951 Aeneae
1197 907 1455 952 tractatus.
1534 906 1788 967 processit,

31 997 73 1030 ιο
95 981 281 1041 inquit,
328 982 500 1042 regina
549 978 611 1026 ad
657 980 900 1040 templum
947 994 1130 1041 magna
1175 978 1410 1026 iuvenum
1451 981 1670 1040 stipante
1709 994 1787 1027 ca-

94 1057 246 1102 terva.
326 1053 504 1115 duplex
543 1052 843 1114 procedendi
881 1052 1147 1100 necessitas
1193 1053 1421 1111 feminae,
1461 1069 1537 1113 ne,
1578 1054 1621 1100 si
1661 1055 1789 1101 esset

94 1128 353 1190 superflua,
393 1128 471 1175 vel
511 1128 723 1174 maxime
763 1127 1009 1174 formosae
1051 1129 1101 1173 et
1141 1127 1244 1174 eius
1286 1143 1414 1188 quae
1454 1143 1565 1175 cum
1613 1128 1786 1174 multis

94 1202 211 1250 viris
257 1201 527 1262 incederet,
574 1202 882 1248 inveniretur
926 1201 1258 1248 inverecunda
1300 1217 1424 1262 quae
1463 1202 1608 1249 facile
1647 1202 1788 1250 nulla

95 1279 296 1339 cogente
344 1291 494 1323 causa
540 1275 753 1337 publicis
795 1290 897 1322 sese
939 1275 1136 1322 offerret
1176 1275 1476 1336 aspectibus:
1531 1276 1786 1336 processit,

29 1367 70 1400 15
92 1351 269 1412 inquit,
309 1349 372 1397 ad
410 1350 675 1411 templum:
728 1365 837 1396 ecce
876 1349 1133 1412 religionis
1175 1352 1224 1396 et
1263 1349 1596 1397 venerationis
1638 1364 1787 1397 causa

91 1424 349 1486 processit3
413 1427 462 1471 et
507 1425 702 1487 regina,
756 1423 884 1471 hanc
932 1425 1063 1470 enim
1110 1439 1199 1484 pro
1246 1425 1496 1485 potestate
1546 1423 1787 1486 tangebat

92 1497 288 1545 videndi
321 1500 370 1546 et
401 1497 743 1546 considerandi
776 1498 1060 1558 necessitas,
1083 1501 1142 1544 ut
1173 1501 1341 1546 nosset
1365 1500 1607 1559 quantum
1632 1513 1784 1560 opera

91 1573 264 1634 templi
302 1573 458 1634 ipsius
499 1572 807 1633 proficerent,
849 1572 982 1633 quod
1012 1573 1162 1633 plena
1193 1573 1513 1619 veneratione
1547 1572 1783 1634 cupiebat

93 1661 194 1695 esse
232 1647 520 1709 perfectum.
585 1646 714 1694 hanc
754 1648 903 1708 poeta
943 1648 1182 1707 conparat
1212 1645 1404 1693 Dianae
1445 1647 1645 1707 eiusque
1685 1647 1783 1694 for-

24 1735 69 1771 2⁰
90 1737 236 1781 mam,
275 1719 636 1781 verecundiam,
675 1735 836 1768 mores
882 1720 1227 1781 iustitiamque
1276 1720 1546 1768 conlaudat
1585 1721 1782 1768 Aeneae

90 1794 187 1842 iam
241 1797 557 1856 praestruens
609 1794 809 1842 laudem
863 1796 952 1856 qui
1007 1793 1067 1841 ab
1125 1810 1182 1842 ea
1236 1795 1421 1856 suscipi
1467 1795 1684 1856 hospitio
1733 1796 1783 1842 et

91 1871 245 1916 amari
295 1870 599 1916 commeruit.
677 1870 836 1928 qualis
883 1870 935 1915 in
974 1869 1192 1916 Eurotae
1237 1871 1361 1928 ripis
1409 1871 1497 1916 aut
1531 1884 1626 1928 per
1663 1871 1782 1929 iaya

93 1941 266 2002 Cynthi
306 1947 486 1991 exercet
522 1943 697 1990 Diana
737 1943 918 1998 choros,
957 1957 1106 2002 qaam
1143 1944 1272 1990 mille
1310 1946 1500 1991 secatae
1545 1943 1657 1990 hinc
1695 1946 1766 1990 at·
1784 1948 1872 1988 500

90 2030 176 2075 que
219 2018 330 2065 hinc
371 2018 705 2078 ylomerantar
746 2016 984 2074 Oreades;
1035 2018 1125 2065 illa
1155 2018 1444 2077 pharetram
1482 2018 1579 2076 fert
1615 2031 1782 2065 umero
1863 2030 1867 2034 ’

28 2105 68 2142 25
87 2091 407 2151 yradiensqae
445 2092 562 2139 deas
600 2093 921 2152 supereminet
958 2093 1137 2147 omnis,
1175 2091 1400 2138 Latonae
1439 2093 1636 2139 tacitam
1664 2105 1780 2150 per-

90 2168 318 2224 temptant
362 2166 550 2226 qaadia
585 2168 779 2225 pectas:
830 2181 886 2212 ex
926 2166 1182 2213 occasione
1223 2165 1593 2226 conparationis
1633 2166 1780 2214 istius

47 2230 327 2299 fexpressit
371 2241 522 2300 poeta
569 2255 718 2301 quam
763 2239 887 2287 laeti
934 2240 1034 2286 sint
1081 2242 1333 2301 parentes,
1382 2255 1493 2286 cum
1531 2241 1780 2302 prosperis

51 2311 53 2314 ⁴
90 2313 390 2361 successibus
442 2314 562 2360 ferri
612 2313 830 2361 viderint
878 2313 1060 2361 liberos
1112 2329 1239 2362 suos.
1319 2314 1433 2361 talis
1481 2317 1585 2362 erat
1628 2313 1779 2369 Dido,

86 2403 384 2413 ffiw—--—
394 2407 439 2410 w..

39 2491 46 2503 ,⁴
207 2458 234 2495 4
266 2460 489 2498 teneretur
521 2454 591 2498 ed.
716 2459 742 2497 ὅ
773 2455 999 2499 currentis
1029 2454 1116 2497 LR
1148 2455 1377 2512 sumentis
1407 2454 1479 2498 ed.
1612 2459 1637 2497 9
1670 2459 1780 2498 tunc

90 2510 172 2554 LR
205 2513 366 2556 deinde
398 2514 470 2558 ed.
498 2514 505 2570 Ι
533 2518 780 2558 tractatum
813 2513 884 2557 ed.
995 2517 1049 2557 10
1082 2515 1296 2558 iuvenum
1329 2527 1416 2557 om.
1445 2514 1516 2559 ed.
1626 2518 1679 2557 11
1711 2514 1776 2568 fe-

37 2571 57 2609 ῐ’-”
89 2572 239 2616 minae
269 2571 354 2614 LR
385 2574 570 2630 reyinae
601 2572 672 2618 ed.
809 2578 862 2616 12
893 2572 1096 2626 formosa
1127 2573 1198 2616 ed.
1250 2575 1256 2629 Ι
1313 2577 1355 2617 et
1385 2575 1484 2618 eius
1521 2586 1610 2616 om.
1644 2572 1715 2616 ed.

36 2618 62 2713 ξ
88 2634 147 2732 ὲΐ
177 2632 334 2686 offerre
365 2632 463 2734 1,ξίίῖ
484 2646 597 2675 corr.
623 2633 754 2735 {dLR}
808 2633 1000 2734 incesta}
1022 2632 1091 2734 (Hi.
1226 2637 1280 2676 16
1311 2637 1364 2675 ut
1393 2633 1556 2734 γερίὲια
1585 2631 1673 2675 LR
1703 2631 1775 2677 ed.

40 2703 196 2808 ἔθαν’
220 2703 338 2794 mle
370 2705 636 2807 agl-225⁰&
663 2750 734 2794 ed.
783 2704 1208 2806 {²⁰2‘23ffioerenffii
1235 2693 1779 2795 mssegessozc'zvldffli'i

42 2812 67 2865 gt
90 2807 317 2852 concludit
345 2823 369 2852 r
397 2809 472 2853 vel
503 2810 738 2854 collaudat
765 2809 803 2852 r'
827 2808 877 2852 in
899 2822 1055 2878 marg.
1078 2809 1362 2878 commendat
1392 2809 1463 2878 ed..
1557 2813 1611 2852 21
1636 2823 1776 2878 prae-

27 2894 67 2960 x
88 2867 665 2972 ‘L‘'n“⁶m'²⁸an¹?ss2²ss'3{2⁶“13²fi
679 2868 796 2972 ‘ital
817 2882 907 2972 3²⁴2
917 2869 973 2971 ἐξ
997 2868 1776 2983 ἕέἱῖεῗὲιὲηίᾚῗαῖῑέωηᾞῗῖ

40 2951 422 3226 ίωωρωναίίοηε
439 2992 480 3030 et
496 2988 727 3032 occasione
740 2986 811 3030 ed.
875 2991 930 3030 27
947 2993 1057 3032 sumt
1068 2987 1139 3031 ed.
1203 2990 1259 3030 28
1274 2986 1484 3041 ferriLR
1489 2986 1690 3042 produci
1701 2987 1773 3031 ed.

1361 3059 1418 3103 7⁸
