2014 3226
763 169 1065 214 AENEIDOS
1099 171 1161 213 III
1706 172 1812 222 293

126 311 320 373 egregie
367 309 629 370 descripsit
678 327 802 370 quae
850 311 1201 373 navigantibus
1250 310 1501 370 accidunt,
1556 326 1666 358 cum
1718 327 1813 357 uno

125 384 326 445 inpulsu
382 385 549 430 omnia
604 385 754 431 simul
811 385 1053 432 elementa
1107 385 1384 432 turbantur.
1462 386 1515 431 in
1563 399 1660 445 qua
1707 386 1816 445 ipsa

126 457 454 518 descriptione
501 459 551 504 et
595 458 796 504 initium
843 460 1006 505 tenuit
1052 462 1101 505 et
1149 461 1415 521 augmenta
1462 457 1722 519 descripsit
1767 460 1817 504 et

126 532 285 578 finem.
365 532 548 592 quippe
595 533 700 578 tum
749 532 871 579 mihi
920 534 1173 580 caeruleus
1221 548 1371 594 supra
1419 534 1571 593 caput
1621 531 1818 579 adstitit

82 619 100 651 5
124 606 282 652 imber
334 605 535 652 initium
590 609 683 666 est,
739 606 915 654 dehinc
962 623 1089 668 quae
1137 608 1505 667 consequuntur
1551 606 1818 654 ostendunt

127 681 396 742 augmenta.
442 679 729 727 violentiae:
785 682 980 728 noctem
1026 681 1335 741 hiememque
1382 680 1558 728 ferens.
1635 695 1693 727 ex
1739 680 1816 727 his

128 769 321 814 quoque
353 769 479 814 quae
512 756 683 801 exorta
715 754 815 801 sint
847 757 1103 801 enumerat
1133 754 1372 802 breviter:
1406 754 1655 801 inhorruit
1684 753 1818 800 unda

125 827 364 887 tenebris,
413 830 649 875 continuo
690 830 827 875 venti
866 829 1074 876 volvunt
1113 845 1246 876 mare
1287 843 1565 891 magnaque
1606 830 1816 891 surgunt

127 917 356 962 aequora.
417 902 627 962 dispersi
658 903 904 949 iactamur
936 902 1132 966 gurgite
1171 905 1336 962 vasto,
1378 901 1652 965 agebantur
1684 903 1815 948 enim

60 990 102 1021 10
126 991 225 1022 non
266 978 371 1022 arte
411 976 703 1038 navigandi,
751 976 835 1024 sed
875 992 972 1037 qua
1012 977 1322 1024 diversorum
1362 979 1622 1023 ventorum
1669 975 1816 1022 flatus

126 1050 369 1113 urgebant
423 1049 681 1097 accedente
737 1052 890 1098 etiam
944 1066 1000 1098 eo
1058 1050 1189 1111 quod
1243 1052 1316 1097 ait
1372 1050 1623 1098 involvere
1686 1049 1816 1096 diem

126 1123 282 1170 nimbi
321 1126 371 1171 et
408 1139 503 1170 nox
542 1124 713 1171 umida
751 1125 941 1172 caelum
982 1125 1204 1172 abstulit.
1266 1139 1373 1171 ecce
1407 1126 1508 1172 iam
1541 1125 1583 1171 si
1615 1126 1818 1185 possent

126 1196 318 1259 aliquid
357 1200 530 1245 contra
567 1200 807 1246 maiorem
847 1200 964 1258 vim,
1003 1199 1262 1260 providere
1302 1214 1401 1246 non
1439 1201 1693 1259 poterant3
1739 1199 1816 1244 tu-

126 1272 287 1319 lerant
333 1271 464 1318 enim
511 1271 640 1319 diem
688 1273 846 1320 nimbi
890 1273 984 1320 hoc
1031 1274 1106 1320 est
1151 1275 1464 1320 removerant
1501 1272 1680 1331 lucem,
1722 1287 1818 1318 nox

60 1360 101 1393 15
126 1361 322 1407 quoque
369 1346 540 1393 umida
587 1346 792 1394 obtentu
839 1347 1045 1394 nubium
1093 1347 1411 1394 abiuraverat
1458 1346 1642 1406 sidera,
1691 1360 1817 1406 quae

127 1421 261 1468 viam
292 1421 344 1466 in
375 1419 605 1468 fiuctibus
637 1423 930 1469 monstrant.
994 1422 1303 1484 ingeminant
1342 1420 1566 1480 abruptis
1607 1418 1817 1466 nubibus

126 1495 265 1557 ignes
303 1494 396 1541 hoc
437 1496 512 1542 est
550 1494 747 1543 crebrae
786 1496 985 1544 fuerant
1025 1495 1401 1556 coruscationes,
1442 1493 1588 1541 sicuti
1619 1493 1675 1540 fit
1707 1508 1818 1541 cum

128 1570 202 1617 est
234 1568 588 1616 elementorum
618 1585 802 1633 magna
833 1569 1067 1618 turbatio.
1119 1570 1394 1617 excutimur
1418 1583 1563 1616 cursu
1587 1569 1637 1614 et
1661 1568 1817 1615 caecis

127 1657 348 1690 erramus
392 1643 446 1689 in
492 1642 660 1691 undis:
715 1645 991 1692 excutimur
1028 1643 1325 1704 ubicumque
1371 1643 1512 1703 ponit
1550 1641 1816 1704 Vergilius,

27 1747 37 1765 ,-
61 1731 104 1763 ‘20
126 1717 332 1764 nimiam
363 1717 487 1764 facti
517 1719 863 1766 necessitatem
894 1717 1142 1780 significat
1172 1719 1229 1764 ut
1269 1710 1343 1782 (1,
1372 1709 1500 1781 115)
1541 1716 1820 1775 „excutitur

125 1806 408 1852 pronusque
446 1792 686 1854 magister
716 1793 936 1841 volvitur
965 1794 1018 1839 in
1051 1789 1244 1854 caput“,
1277 1791 1397 1837 item
1435 1783 1511 1855 (2,
1538 1783 1668 1855 302)
1709 1804 1817 1848 „ex-

127 1865 288 1912 cutior
333 1862 548 1912 somno“.
627 1869 676 1914 et
722 1868 880 1915 caecis
929 1881 1148 1914 erramus
1193 1867 1246 1912 in
1291 1863 1458 1912 undis:
1520 1879 1619 1911 non
1672 1861 1817 1910 undis

128 1940 300 1997 caecis,
340 1938 425 1986 sed
463 1938 766 2002 hominibus,
807 1941 952 1988 undis
992 1940 1114 2002 ipsis
1152 1954 1251 1986 non
1290 1937 1595 1997 videntibuS‚
1642 1938 1693 1984 et
1731 1937 1819 1998 qui

127 2012 264 2060 nullo
305 2027 415 2060 cum
456 2013 655 2062 adfectu
692 2014 1030 2076 rapiebantur.
1109 2028 1345 2074 erramus,
1390 2012 1571 2073 inquit,
1617 2010 1819 2074 pelago:

19 2094 30 2142 ἣ
61 2100 104 2133 25
129 2088 216 2148 qui
254 2088 387 2135 errat
424 2086 476 2133 in
515 2087 801 2149 latitudine,
832 2089 912 2138 vel
950 2090 1162 2136 maxime
1201 2087 1385 2149 pelagi,
1424 2089 1475 2133 et
1511 2086 1624 2148 plus
1666 2085 1821 2132 currit

128 2176 277 2222 quam
315 2175 509 2210 necesse
549 2164 624 2210 est
662 2165 712 2211 et
749 2163 888 2210 inani
926 2162 1094 2210 labore
1135 2162 1427 2222 consumpto
1467 2159 1530 2208 ad
1570 2158 1821 2206 destinata

20 2234 29 2284 ε’
127 2250 227 2282 non
257 2236 497 2297 pervenit.
551 2238 658 2298 ipse
690 2237 823 2284 diem
853 2238 1146 2297 noctemque
1178 2237 1331 2298 negat
1369 2234 1643 2282 discernere
1683 2232 1820 2280 caelo

127 2323 217 2356 nec
254 2310 536 2358 meminisse
573 2311 686 2358 viae
729 2310 892 2359 media
930 2310 1196 2358 Palinurus
1242 2310 1296 2355 in
1341 2307 1496 2356 unda:
1549 2306 1818 2355 violentiae

127 2383 284 2444 ipsius
337 2384 461 2431 mire
514 2385 757 2432 conclusit
810 2386 1076 2448 augmenta
1138 2382 1366 2431 adserens
1418 2383 1615 2430 tantam
1667 2378 1821 2428 fuisse

26 2495 27 2501 ,
61 2472 107 2507 ω
128 2472 292 2504 rerum
346 2457 707 2519 confusionem,
760 2461 818 2506 ut
861 2461 968 2520 ipse
1014 2457 1280 2505 Palinurus
1328 2456 1432 2504 dies
1479 2456 1710 2519 ageretur
1755 2468 1818 2500 an

250 2573 272 2611 1
305 2570 526 2614 accedunt
554 2569 642 2613 LR
673 2583 787 2614 corr.
820 2584 844 2612 r
874 2569 946 2613 ed.
1106 2572 1132 2611 6
1164 2568 1392 2612 videmiae
1420 2566 1509 2610 LR
1539 2564 1767 2610 evidentia
1796 2578 1820 2606 r

127 2628 367 2672 violentiae
397 2628 469 2672 ed.
617 2633 672 2672 10
703 2643 795 2685 qua
826 2627 913 2672 LR
944 2628 1016 2671 ed.
1049 2628 1160 2683 quia
1191 2627 1264 2671 ed.
1296 2628 1416 2682 post.
1556 2629 1610 2668 12
1639 2628 1822 2680 possent

127 2685 171 2729 R.
193 2687 375 2743 possint
404 2687 454 2732 L.
600 2693 653 2732 21
688 2689 909 2733 volvimus
937 2686 980 2730 R
1012 2699 1125 2731 corr.
1159 2701 1194 2729 r.
1317 2690 1374 2729 23
1405 2683 1548 2729 undis
1577 2684 1704 2740 ipsas
1732 2681 1822 2725 LR

127 2746 281 2791 undas
308 2747 436 2803 ipsae
465 2746 538 2792 ed.
562 2748 703 2792 undis
733 2747 850 2803 ipsis
879 2759 964 2790 nos
996 2745 1072 2802 (cf.
1099 2750 1140 2799 2,
1158 2749 1244 2789 453
1277 2744 1339 2787 ad
1369 2757 1527 2789 caecae
1548 2742 1669 2797 fores
1691 2739 1819 2796 quod

129 2804 247 2850 dicit
274 2819 417 2862 neque
447 2807 568 2851 enim
597 2807 750 2851 oculos
779 2805 940 2850 habere
963 2806 1244 2861 potuerunt).
1353 2807 1410 2846 24
1442 2803 1607 2857 affectu
1637 2799 1724 2844 LR
1754 2799 1821 2854 ef-

127 2865 249 2918 fectu
269 2878 312 2910 r:
345 2863 463 2908 mihi
486 2864 631 2909 etiam
654 2870 697 2910 et
719 2866 800 2922 qui
823 2865 1094 2921 suspectum
1118 2865 1191 2908 est
1213 2864 1295 2919 qui
1316 2862 1445 2906 nullo
1464 2875 1566 2906 σωκ
1581 2862 1763 2917 aspectu
1778 2873 1816 2902 r.

129 2922 472 2967 emendandum
500 2926 629 2981 puto.
723 2928 779 2968 25
810 2924 892 2980 qui
921 2928 1020 2968 erat
1049 2922 1135 2966 LR
1167 2937 1207 2979 q.
1232 2925 1356 2966 errat
1383 2935 1408 2964 r
1437 2920 1549 2976 quia
1578 2923 1677 2965 erat
1706 2917 1778 2962 ed.
1808 2928 1815 2975 ι

123 2981 258 3040 playi
286 2981 373 3026 LR
403 2996 519 3028 corr.
550 2998 575 3027 1·
604 2983 676 3027 ed.
