2014 3226
780 155 1083 198 AENEIDOS
1116 155 1157 197 II
1711 157 1818 207 253

128 299 258 344 esset
295 297 348 343 in
387 297 509 355 luce,
544 296 756 342 occurrit
795 295 911 342 talis
950 311 1074 356 quae
1107 296 1277 342 mariti
1309 296 1464 343 oculis
1497 295 1690 356 placere
1723 311 1820 342 non

128 373 308 431 posset,
350 371 564 417 occurrit
604 385 729 430 quae
770 370 991 415 animum
1032 386 1195 416 meum
1234 369 1425 431 ingenti
1465 370 1666 416 horrore
1708 385 1819 415 con-

40 465 48 471 ·
128 444 368 491 funderet.
448 443 658 504 denique
697 446 831 490 totus
873 445 1092 504 corporis
1134 444 1232 490 mei
1271 445 1428 506 vigor,
1471 444 1732 504 repentino
1774 444 1823 490 et

129 520 381 579 insperato
428 532 686 578 percussus
737 520 958 578 aspectU,
1017 519 1219 578 stupore
1267 517 1555 564 succedente
1600 519 1823 564 mutatus

39 635 41 660 ζ
84 608 105 640 15
132 595 227 640 est:
281 588 519 652 [obstipui
566 594 885 650 steteruntque
931 606 1091 638 comae
1139 595 1180 638 et
1224 605 1315 638 vor
1361 592 1589 651 faucibus
1628 589 1821 651 haesit]

130 665 327 728 obrigui
367 665 594 712 omnibus
635 663 882 725 membris,
923 681 1017 712 vox
1059 665 1244 711 dudum
1286 665 1435 725 clara,
1470 680 1579 712 cum
1620 681 1823 725 quaere-

129 756 254 799 rem,
300 740 464 787 haesit
512 742 663 800 atque
713 740 1004 800 consumpta
1053 741 1138 787 est.
1217 742 1359 786 tanta
1405 739 1479 786 vis
1527 740 1663 786 illius
1703 739 1825 786 mali

131 814 242 874 fuit,
275 816 331 860 ut
364 828 532 860 comae
574 828 768 874 quoque
807 815 988 860 natura
1027 813 1215 873 molles,
1256 813 1544 874 prolixitate
1584 813 1824 860 flexibiles

132 890 181 935 et
221 903 414 949 semper
451 887 504 934 in
543 888 646 934 ima
685 887 903 934 deiectae
945 887 1282 935 consisterent.
1346 888 1436 934 illa
1474 890 1642 934 tamen
1678 889 1823 934 amis-

22 1011 24 1014 ,
65 978 108 1010 10
132 961 285 1009 sionis
333 976 450 1008 suae
496 961 792 1024 intellegens
842 975 990 1008 causa
1038 976 1140 1008 esse
1181 960 1433 1008 silentium
1474 963 1523 1008 et
1573 964 1826 1022 stuporem

130 1052 292 1082 meum
331 1035 498 1083 locuta
531 1038 604 1082 est
634 1034 757 1096 ipsa.
820 1035 1004 1082 idcirco
1047 1037 1244 1096 oportet
1284 1029 1442 1098 [post]
1483 1037 1825 1096 steteruntque

132 1125 299 1157 comae
341 1114 390 1156 et
427 1125 523 1156 vox
561 1109 786 1156 faucibus
819 1109 981 1156 haesit
1022 1112 1134 1156 tune
1172 1111 1241 1156 sic
1280 1110 1450 1167 adfari
1490 1113 1531 1156 et
1561 1123 1706 1156 curas
1737 1110 1812 1156 his
1831 1112 1914 1151 775

133 1184 318 1231 demere
356 1185 508 1231 dietis.
572 1183 703 1243 quid,
743 1184 923 1244 inquit,
963 1186 1151 1230 tantum
1189 1185 1364 1230 insano
1403 1185 1541 1230 iuvat
1579 1183 1828 1243 indulyere

25 1314 35 1320 β
133 1259 302 1314 dolori,
342 1271 368 1304 ο
408 1258 562 1305 dulcis
602 1258 845 1305 coniunx?
883 1271 982 1304 uon
1019 1258 1136 1305 haee
1165 1259 1270 1304 sine
1300 1258 1498 1305 numine
1529 1258 1696 1304 divum
1728 1271 1827 1305 eve-

70 1348 110 1380 15
133 1334 278 1379 munt
321 1346 407 1379 nec
454 1335 496 1379 te
533 1332 644 1378 hine
682 1332 896 1379 comitem
935 1334 1188 1391 asportare
1231 1330 1466 1379 Creusam
1503 1332 1585 1390 fas
1624 1334 1711 1378 aut
1747 1332 1828 1378 ille

133 1407 251 1454 smit
287 1408 453 1466 superi
491 1408 718 1465 requator
760 1405 965 1465 Olympi.
1028 1405 1165 1453 locus
1204 1406 1299 1452 iste
1339 1406 1614 1454 necessario
1646 1405 1826 1452 missus

136 1482 231 1540 est,
276 1481 494 1541 primum
539 1481 597 1526 ut
642 1479 878 1540 probaret
922 1479 1117 1527 Aeneas
1164 1494 1323 1540 neque
1370 1495 1420 1527 se
1466 1479 1606 1526 illam
1662 1479 1827 1542 negle-

135 1555 304 1617 gentia
365 1554 637 1615 perdidisse
693 1555 781 1601 aut
833 1554 978 1600 illam
1032 1569 1119 1601 suo
1176 1553 1382 1600 arbitrio
1444 1554 1682 1600 maritum
1741 1554 1829 1600 aut

31 1678 33 1682 ,
134 1628 294 1675 filium
323 1627 596 1689 perdidisse
630 1626 962 1689 Creusamque
992 1629 1154 1689 ipsam
1185 1627 1440 1674 induceret
1477 1627 1826 1675 consolantem.

70 1717 112 1750 so
135 1702 222 1750 illo
271 1704 454 1764 quippe
501 1704 724 1764 tempore
772 1704 923 1764 atque
970 1702 1058 1749 illo
1106 1702 1214 1750 loco
1263 1703 1373 1763 quis
1414 1717 1661 1764 emergere
1701 1701 1828 1748 alius

135 1779 327 1838 posset,
373 1775 469 1824 nisi
513 1777 623 1838 ipsa
662 1792 786 1824 uxor
826 1777 1106 1824 amissionis
1146 1791 1263 1823 suae
1302 1774 1528 1822 redderet
1568 1790 1740 1822 causas
1780 1777 1829 1822 et

137 1850 385 1898 dolentem
429 1852 667 1898 maritum
715 1850 774 1897 ab
813 1851 956 1912 ipsis.
977 1849 1284 1898 maeroribus
1325 1849 1626 1897 consolantis
1666 1848 1828 1896 officio

137 1923 450 1973 sublevaret?
525 1925 637 1986 ipsa
683 1925 839 1987 igitur
885 1926 1104 1986 suscepit
1143 1925 1332 1983 omnia,
1380 1923 1602 1971 fabulam
1641 1923 1829 1971 scilicet

138 1999 368 2046 fortunae
409 2014 543 2059 suae,
583 1999 804 2047 solamen
844 1998 1082 2062 coniugis,
1122 1997 1339 2046 officium
1379 1998 1524 2045 vatis.
1589 1996 1724 2058 quid,
1756 1998 1830 2043 in-

33 2082 37 2107 '·
73 2086 115 2120 25
140 2074 271 2134 quit,
327 2072 550 2135 prodest,
605 2072 784 2120 marite
839 2073 1019 2134 dulcis,
1074 2071 1209 2134 quod
1261 2073 1460 2120 tantum
1513 2071 1699 2118 doloris
1753 2071 1831 2118 tui

260 2203 281 2241 1
324 2202 416 2254 qua
447 2197 534 2241 LR
573 2213 687 2255 quae
716 2213 740 2242 r
771 2212 855 2242 nos
894 2199 1016 2255 quod
1055 2198 1126 2242 ed.
1279 2203 1305 2241 5
1346 2197 1519 2242 lemma
1558 2197 1828 2252 obstipui—

138 2257 282 2302 haesit
312 2257 444 2301 cuius
474 2271 585 2314 pars
617 2257 812 2301 inferius
843 2257 1075 2314 repetitur
1103 2257 1291 2300 inserui.
1428 2261 1452 2300 7
1484 2258 1713 2301 haesetata
1744 2255 1830 2298 LR

138 2316 283 2361 haesit
312 2322 445 2373 atque
475 2332 498 2359 r
528 2318 735 2362 haeserat
764 2321 808 2361 et
836 2317 908 2360 ed.
1061 2321 1087 2360 9
1120 2321 1161 2360 et
1190 2330 1362 2372 semper
1392 2316 1480 2359 LR
1510 2321 1553 2360 et
1582 2330 1670 2360 om.
1697 2315 1768 2360 ed.

142 2380 197 2419 10
228 2389 414 2420 eausam
444 2375 532 2418 LR
563 2377 634 2420 ed.
668 2376 871 2420 absurde
902 2390 1044 2420 eausa
1074 2389 1172 2419 nos.
1306 2380 1358 2419 11
1392 2380 1564 2432 oportet
1592 2378 1831 2419 steterunt-

139 2449 223 2492 que
253 2434 340 2477 LR,
378 2436 490 2492 quia
527 2437 596 2480 ait
633 2436 855 2492 interposi.
894 2450 919 2478 1·
956 2435 1071 2479 addi
1108 2435 1323 2491 obstupui
1360 2434 1431 2478 ed.
1471 2437 1723 2489 utrumque
1760 2433 1829 2476 in-

141 2495 321 2551 eptum:
354 2499 528 2550 oportet
558 2495 619 2538 ad
649 2507 835 2539 versum
860 2498 944 2538 775
977 2496 1191 2551 spectare
1222 2495 1369 2551 patet,
1401 2507 1540 2549 quem
1565 2493 1644 2548 „in
1666 2492 1829 2549 pleris-

142 2566 232 2608 que
254 2567 349 2598 non
371 2553 545 2598 fuisse“
564 2553 749 2598 Servius
765 2552 978 2598 Danielis
1001 2553 1162 2607 tradit,
1188 2553 1491 2609 quamobrem
1511 2558 1615 2609 post
1641 2550 1829 2596 inserui.

233 2617 286 2655 12
318 2627 469 2658 comae
500 2627 588 2658 om.
614 2613 702 2656 LR
732 2613 839 2658 add.
870 2627 895 2655 r
926 2613 998 2656 ed.
1130 2617 1184 2656 13
1217 2613 1370 2669 inquit
1401 2626 1488 2656 om.
1516 2611 1586 2655 ed.
1639 2614 1643 2664 Ι
1701 2612 1832 2655 iuvat

141 2672 308 2715 insano
345 2673 477 2716 iuvat
505 2672 593 2715 LR
633 2671 823 2729 (omisso
862 2673 1058 2727 tantum)
1108 2671 1238 2728 prius
1259 2673 1409 2716 'iuvat
1438 2685 1540 2727 exp.
1573 2671 1614 2713 R
1651 2674 1830 2714 tantum

143 2729 367 2774 substitui
398 2745 504 2775 cum
536 2731 608 2775 ed.
762 2737 817 2775 14
848 2731 998 2775 dolori
1027 2730 1114 2774 LR
1144 2731 1293 2776 labori
1323 2731 1395 2774 ed.
1542 2734 1596 2773 15
1629 2730 1832 2774 comitem

141 2789 249 2834 hine
278 2788 365 2832 LR
403 2790 750 2834 conversionem
787 2790 880 2834 feci
919 2803 1061 2845 quam
1088 2789 1259 2845 fservio
1299 2791 1489 2834 auctore
1528 2789 1599 2832 ed.
1633 2801 1689 2832 30
1719 2786 1831 2831 Rib-

141 2846 338 2893 beckius
369 2851 663 2906 acceperunt.
715 2850 720 2907 Ι
770 2854 854 2894 aut
882 2848 970 2892 LR
998 2850 1127 2894 haud
1157 2849 1229 2893 ed.
1354 2853 1408 2892 19
1438 2848 1537 2903 filio
1567 2847 1654 2891 LR
1682 2847 1832 2902 filium

142 2920 167 2950 r
197 2906 268 2951 ed.
361 2912 418 2952 20
449 2922 665 2966 emerqere
688 2907 775 2951 LR
805 2908 1033 2953 consolari
1062 2908 1134 2952 ed.
1228 2911 1400 2952 20—21
1434 2908 1558 2952 alius
1574 2910 1725 2963 posset
1747 2905 1833 2949 LR

144 2965 370 3021 afflictum
400 2969 604 3012 Aeneam
633 2966 851 3024 interpol.
885 2966 955 3011 ed.
1079 2971 1135 3011 24
1166 2967 1371 3022 officium
1401 2965 1488 3010 LR
1518 2971 1558 3010 et
1589 2980 1627 3010 ο.
1662 2965 1732 3010 ed.
