2014 3226
767 179 1071 224 AENEIDos
1104 180 1124 223 1
1688 184 1790 236 135

101 324 279 385 posset,
331 320 409 367 vel
451 321 568 380 quia
606 319 741 367 ultra
780 319 1048 367 liberorum
1089 321 1338 368 adfectum
1379 325 1581 383 nepotes
1622 322 1791 370 haberi

102 396 343 442 dicuntur.
422 409 481 440 ne
533 395 700 441 autern
748 392 934 441 diceret
984 393 1172 456 Cupido
1221 411 1332 446 oum
1380 412 1470 460 ego
1518 413 1791 457 perrexero,

103 468 221 530 quid
269 467 373 528 fiet,
424 467 466 514 si
519 470 757 528 sequatur
803 467 1080 515 Ascanius?
1130 469 1200 516 ait
1253 470 1380 517 hunc
1436 484 1515 530 eqo
1568 473 1777 530 sopitum
1796 476 1880 514 680

99 556 263 591 somno
301 555 449 601 super
487 542 589 589 alta
637 540 843 600 Cythera
882 545 970 589 aut
1005 557 1151 601 super
1182 543 1404 591 Idalium
1442 549 1638 592 sacrata
1683 546 1792 593 sede

56 633 78 666 5
100 617 379 671 recondam,
433 630 493 662 nc
546 630 645 675 qua
699 617 821 663 scire
868 616 1000 663 dolos
1046 618 1292 665 mediusve
1338 632 1583 666 occurrere
1620 621 1790 678 possis.

99 690 219 738 bene
258 705 429 737 somno
469 704 519 737 se
559 689 686 736 dixit
725 691 983 751 capturam
1029 706 1260 751 puerum,
1320 692 1373 738 in
1428 691 1606 754 quibus
1661 695 1793 740 enim

99 763 289 812 actibus
335 763 427 810 illa
474 765 610 810 aetas
657 765 825 825 posset
870 763 1110 811 retineri?
1186 766 1267 812 vel
1315 767 1446 814 certe
1493 768 1611 827 quia
1651 769 1794 828 pueri

100 839 235 886 omni
267 854 383 886 eura
416 839 563 885 vacui
596 838 746 885 altius
779 839 830 885 et
861 837 1049 886 diutius
1082 838 1336 886 dormiunt
1368 842 1417 887 et
1448 856 1588 888 mora
1629 841 1791 888 fuerat

98 913 388 972 necessaria,
420 911 538 959 dum
574 910 763 973 Cupido
803 912 1028 960 iniuncta
1067 913 1242 960 matris
1282 914 1506 976 inpleret.
1572 914 1792 963 adnectit

33 1002 76 1035 10
97 984 322 1033 mandati
361 1000 619 1046 summam,
660 986 807 1033 simul
841 988 995 1034 etiam
1026 987 1243 1034 faciendi
1274 988 1538 1036 eonsilium
1568 990 1792 1053 suggerit

97 1061 436 1122 oportunitate
475 1061 713 1122 temporis
755 1060 1039 1122 expeditum
1079 1065 1128 1108 et
1165 1061 1400 1109 idoneum
1446 1063 1568 1110 satis
1610 1062 1673 1110 ad
1712 1079 1791 1111 ca-

96 1134 301 1196 piendos
348 1132 571 1181 mulieris
620 1136 834 1197 animos3
897 1134 1079 1182 mulier
1126 1136 1308 1197 quippe
1355 1136 1625 1185 mandabat
1665 1153 1790 1199 quae

46 1206 52 1212 ’
97 1208 394 1256 feminarum
440 1211 603 1257 motus
644 1209 832 1270 optime
871 1211 1052 1257 nosset.
1131 1209 1361 1273 designat
1398 1212 1556 1273 igitur
1593 1212 1789 1273 tempus

98 1282 228 1344 quod
268 1281 519 1330 amoribus
560 1284 862 1346 oportunum
903 1285 992 1343 est,
1031 1282 1260 1347 designat
1300 1285 1453 1331 etiam
1491 1285 1678 1333 locum:
1723 1289 1788 1340 tu,

33 1371 74 1404 15
96 1357 281 1418 inquit,
328 1357 504 1416 facicm
548 1357 684 1404 illius
729 1360 910 1404 noctem
948 1372 1047 1405 non
1086 1358 1299 1418 amplius
1336 1373 1490 1406 unam
1527 1359 1645 1417 falle
1684 1360 1790 1407 dolo

97 1433 141 1478 et
181 1434 317 1478 notos
353 1432 503 1491 pueri
539 1446 671 1490 puer
708 1432 859 1479 indue
895 1432 1079 1487 cultae,
1127 1434 1201 1487 ut,
1251 1446 1359 1479 cum
1398 1435 1440 1480 tc
1475 1435 1658 1492 yrcmio
1697 1448 1774 1480 ac·
1792 1437 1879 1477 685

96 1506 235 1565 cipiet
257 1505 523 1553 laetissima
538 1504 672 1553 Dido
696 1505 877 1566 reyalis
898 1507 1026 1554 inter
1047 1520 1241 1554 mensas
1259 1505 1539 1566 labiccmque
1550 1506 1788 1567 Isyaemn,

94 1576 231 1639 [cum
270 1578 406 1626 dabit
440 1579 693 1639 amplexus
725 1583 868 1639 atquc
898 1580 1065 1628 oscula
1096 1579 1261 1628 dulcia
1290 1582 1418 1641 ἤρα,
1451 1580 1684 1629 occultum
1715 1582 1790 1628 in-

93 1653 248 1713 spires
286 1655 446 1713 iynem
483 1654 727 1714 fallasque
765 1651 988 1716 veneno]
1050 1654 1165 1702 huic
1205 1655 1480 1702 sententiae
1513 1656 1665 1702 etiam
1698 1655 1789 1702 Te·

25 1735 74 1776 ἰο
94 1727 281 1775 rentius
323 1728 608 1787 attestatur,
649 1728 738 1789 qui
777 1727 905 1775 dixit
945 1727 1073 1788 (eun.
1108 1730 1156 1787 4,
1184 1729 1230 1790 5,
1259 1721 1315 1795 6)
1357 1730 1492 1790 „sine
1526 1727 1699 1776 Cerere
1740 1732 1790 1776 et

93 1799 270 1848 Libero
310 1801 462 1864 friget
493 1800 704 1849 Venus“.
771 1801 900 1850 unde
931 1802 1014 1850 hic
1045 1802 1243 1850 facilior
1274 1818 1378 1851 esse
1410 1804 1578 1865 potuit
1608 1802 1788 1850 mentis

92 1875 375 1936 inclinatiO,
431 1877 550 1937 quia
602 1879 868 1938 utrumque
925 1875 1219 1939 suppetebat
1267 1879 1439 1938 utpote
1486 1877 1540 1924 in
1587 1878 1788 1940 reginae

94 1949 334 1998 convivio.
412 1952 608 1998 noctem
654 1966 755 1998 non
803 1950 1017 2012 amplius
1057 1966 1228 2012 unam,
1274 1952 1331 1998 ut
1370 1951 1650 1999 ostenderet
1687 1966 1787 1999 non

92 2022 230 2086 longi
282 2024 520 2086 temporis
575 2039 778 2086 operam
838 2025 1169 2072 necessariam
1223 2025 1274 2071 et
1326 2027 1520 2072 mature
1575 2024 1628 2072 id
1681 2024 1789 2073 fieri

26 2110 72 2146 25
94 2095 288 2159 debere,
345 2097 464 2159 quia
509 2097 753 2146 Ascanius
807 2114 908 2146 non
958 2099 1125 2160 potuit
1169 2098 1364 2160 prolixo
1414 2098 1578 2161 spatio
1627 2100 1789 2147 somni

75 2171 502 2234 ,occupationibus
548 2171 774 2221 detineri.
854 2173 1096 2234 conpletis
1144 2172 1373 2221 omnibus
1430 2188 1557 2235 quae
1609 2173 1788 2221 artifex

95 2245 144 2292 et
189 2245 406 2294 sollicita
452 2245 750 2307 loquebatur
795 2246 1052 2295 videamus
1101 2245 1222 2308 quid
1269 2245 1498 2310 adsignet
1547 2261 1786 2309 personae

43 2311 80 2364 4-
93 2317 178 2365 fili.
262 2319 456 2367 nullum
509 2319 598 2368 dat
649 2320 736 2368 ille
789 2335 1095 2383 responsum.
1187 2319 1308 2382 quid
1362 2322 1494 2368 enim
1546 2336 1787 2383 personae

93 2394 268 2441 matris
306 2393 387 2441 vel
424 2395 637 2442 maxime
676 2396 730 2441 in
769 2394 864 2442 tali
903 2409 1053 2443 eausa
1091 2392 1445 2457 responderet?
1509 2396 1560 2443 et
1588 2397 1785 2457 tempus

94 2465 242 2527 facta,
281 2483 379 2515 non
418 2467 569 2516 verba
608 2468 690 2517 vel
727 2468 924 2517 fabulas
965 2467 1207 2532 exigebat.
1265 2472 1415 2528 paret
1449 2467 1607 2516 Amor
1643 2469 1785 2517 dictis

33 2540 53 2635 ζιζ
93 2553 236 2588 carae
281 2543 533 2601 ycnctricis
585 2546 628 2590 et
676 2542 786 2591 alas
836 2544 965 2590 exuit
1016 2546 1060 2591 et
1103 2556 1276 2602 yressu
1325 2543 1547 2604 yaudcns
1595 2543 1773 2590 incedit
1786 2546 1873 2586 690

35 2656 60 2744 1
213 2700 239 2740 6
270 2702 510 2754 capturum
543 2697 615 2741 ed.
666 2699 672 2754 Ι
729 2698 851 2743 enim
883 2711 971 2743 om.
997 2698 1069 2742 ed.
1193 2702 1219 2741 9
1251 2698 1464 2743 iniuncta
1495 2697 1582 2741 LR
1613 2696 1684 2741 ed.
1718 2697 1786 2754 (in

43 2753 130 2811 L
168 2755 256 2799 ead
258 2767 332 2799 em
370 2769 490 2813 quae
531 2769 673 2813 supra
709 2769 876 2801 manus
913 2755 1099 2802 litterae
1139 2757 1369 2813 quasdam
1407 2757 1457 2800 in
1494 2769 1596 2800 mar
1675 2755 1782 2800 add.

38 2787 66 2891 Ξ
93 2825 210 2869 quas
239 2813 396 2873 legere
427 2829 521 2860 non
551 2815 717 2873 potui).
768 2817 775 2873 Ι
831 2829 960 2873 comp
961 2817 1067 2861 leret
1098 2816 1169 2861 ed.
1336 2820 1390 2860 13
1422 2820 1564 2860 metue
1638 2814 1680 2858 R
1710 2815 1782 2860 ed

92 2877 239 2917 motus
265 2887 291 2916 r
319 2887 403 2918 nos
436 2874 494 2919 of
530 2879 569 2929 2,
594 2879 695 2918 547.
813 2880 868 2919 14
899 2875 1046 2921 locum
1076 2875 1163 2919 LR
1195 2876 1224 2920 l.
1256 2875 1411 2920 dicen-s
1441 2873 1513 2919 ed.
1624 2877 1679 2918 15
1711 2875 1783 2918 in-

153 2931 191 2976 it
220 2945 308 2977 0111.
334 2933 405 2977 ed.
501 2937 556 2977 18
587 2938 836 2979 cum-19
868 2948 1038 2980 veneno
1069 2934 1202 2979 deest
1232 2932 1283 2977 in
1305 2933 1392 2976 LR
1415 2933 1498 2977 sed
1522 2931 1785 2990 explicatur

113 3002 195 3034 oco
226 2989 446 3036 Terentii.
569 2997 627 3036 20
657 2997 902 3038 attestatur
931 2993 1018 3037 LR
1048 2994 1298 3039 assentitur
1328 2992 1399 3036 ed.
