2014 3226
779 153 1083 210 AENEIDOS
1118 154 1179 197 VI
1722 159 1830 211 533

140 293 356 348 stabula,
402 293 590 354 inquit,
638 294 737 340 alta
785 295 1019 353 ferarum.
1099 294 1421 357 significando
1475 297 1579 344 alta
1635 298 1836 345 stabula

142 366 359 413 ostendit
405 366 508 413 illic
552 367 682 413 feras
724 369 1016 414 commorari
1058 383 1311 416 consuesse
1352 370 1584 430 maiores,
1626 387 1834 431 quarum

141 443 300 487 metus
356 442 545 487 arceret
591 441 778 488 incolas
826 458 885 488 ne
932 442 1058 488 hanc
1104 444 1308 503 propter
1355 443 1651 491 abscidenda
1697 444 1835 507 ligna

142 513 535 562 conscenderent.
617 517 858 575 quantum
906 515 1108 562 Troiani
1162 516 1433 564 laudantur
1488 519 1573 578 qui
1627 534 1724 564 non
1772 519 1835 565 ti-

98 603 117 635 5
141 589 373 635 muerunt
412 590 630 635 evertere
672 588 869 636 stabula
909 590 1012 636 alta
1047 590 1283 636 ferarum!
1348 590 1477 652 quod
1513 594 1676 638 autem
1712 591 1838 640 dixit

143 661 246 708 itur
285 661 336 708 in
378 663 636 722 antiquam
678 662 855 710 silvam
893 667 941 710 et
973 663 1098 710 hanc
1133 666 1204 710 ait
1237 663 1434 712 stabula
1466 665 1571 712 alta
1604 666 1837 726 ferarum,

144 735 432 783 continuam
471 736 698 799 intellegi
737 736 896 783 voluit
936 737 1133 784 stabula
1165 737 1394 785 habuisse
1426 740 1476 784 in
1512 738 1691 800 quibus
1724 755 1837 787 con-

143 811 311 871 gestae
367 810 499 857 ferae
556 813 924 858 commanerent
977 811 1186 871 potioris
1241 812 1451 872 formae,
1515 815 1570 859 ut
1631 812 1839 860 stabulis

142 885 324 932 nostris
374 883 576 931 redacta
622 885 674 931 in
720 901 875 931 unum
927 885 1165 932 animalia
1220 886 1466 946 simplicia
1521 886 1837 948 colliguntur.

75 973 118 1005 10
144 957 479 1018 appellatione
528 958 836 1005 stabulorum
885 959 1104 1006 ostendit
1151 959 1208 1006 de
1257 960 1486 1020 qualibus
1537 961 1838 1021 loqueretur,

144 1034 356 1079 ceterum
416 1031 599 1079 cubilia
654 1033 860 1092 diceret,
912 1034 955 1081 si
1000 1033 1214 1080 minores
1263 1033 1540 1095 significare
1587 1034 1836 1082 voluisset.

133 1106 462 1164 procumbunt
497 1108 692 1166 piceae:
753 1122 862 1154 ecce
907 1123 1064 1154 unum
1111 1122 1265 1169 genus
1310 1107 1437 1170 ligni
1483 1108 1693 1155 fovendo
1744 1108 1816 1154 in·
1837 1112 1923 1153 180

143 1179 315 1227 cendio
378 1180 732 1241 necessarium3
800 1180 952 1228 habet
1014 1181 1145 1228 enim
1208 1181 1452 1241 quendam
1515 1196 1685 1229 sucum
1740 1197 1838 1243 quo

142 1255 335 1301 nutriat
388 1253 652 1301 flammam.
729 1257 872 1302 soozat
918 1257 1014 1302 icta
1060 1255 1308 1302 securibus
1362 1255 1479 1302 ilex:
1542 1270 1648 1303 ecce
1702 1255 1840 1303 aliud

76 1343 119 1376 15
145 1343 300 1389 genus
341 1328 466 1392 ligni
508 1328 765 1376 silvestris.
827 1330 1174 1388 frctoeineaeque
1213 1328 1397 1376 trabes:
1435 1331 1491 1375 ut
1530 1329 1727 1376 fuerant
1764 1329 1838 1376 in-

142 1404 314 1466 tegrae
346 1402 687 1450 volvebantur.
755 1404 919 1450 cuneis
945 1406 986 1449 ct
1008 1403 1160 1462 fissile
1182 1403 1331 1450 robur
1352 1403 1613 1450 scinditur:
1644 1404 1839 1466 lignum

8 1468 19 1544 ζ
145 1475 275 1537 quod
315 1476 466 1524 robur
506 1477 791 1538 appellatur
829 1477 933 1524 eius
974 1478 1050 1524 est
1088 1477 1310 1538 naturae,
1349 1478 1406 1524 ut
1445 1475 1601 1524 scindi
1641 1476 1838 1524 facilius

142 1550 313 1611 possitL
392 1552 657 1598 advolvunt
694 1551 900 1610 lomentis
937 1551 1178 1597 monte'bus
1228 1564 1397 1597 ornos:
1450 1565 1594 1598 ornos
1642 1566 1838 1612 quoque

6 1546 21 1716 f
140 1622 322 1672 robora
360 1620 633 1688 †facitidia
672 1640 797 1686 quae
829 1626 1033 1686 propter
1064 1623 1290 1672 effectum
1323 1625 1396 1671 rei
1427 1623 1631 1672 Troiani
1662 1624 1837 1672 deicie-

6 1717 16 1818 ξ
75 1713 118 1746 20
141 1696 276 1745 bant.
354 1699 645 1760 provolvere
702 1700 797 1759 est,
849 1700 907 1745 ut
962 1697 1092 1759 quod
1147 1700 1249 1745 stat
1302 1713 1450 1759 porro
1505 1698 1737 1746 volvatur
1786 1697 1838 1745 id

5 1823 16 1843 ἱ
142 1773 218 1820 est
256 1771 415 1820 cadat.

4 1850 16 1913 ᾖ
254 1847 360 1894 Nee
395 1861 494 1894 non
531 1845 728 1894 Aeneas
766 1860 913 1906 opera
951 1847 1077 1893 inter
1114 1846 1258 1893 talia:
1304 1844 1430 1892 talia
1467 1845 1558 1892 hoc
1598 1846 1673 1893 est
1711 1861 1836 1906 quae

4 1907 14 1946 ⁸
144 1921 455 1982 pertinerent
486 1919 549 1968 ad
582 1922 730 1968 amici
759 1920 924 1967 funus.
979 1921 1175 1979 primus
1199 1920 1418 1966 hortatur
1440 1921 1590 1966 socios
1605 1919 1838 1979 paribus—

0 1965 15 2054 }
145 2009 235 2054 que
274 1996 544 2055 aeeinqitur
582 1996 760 2042 armis:
800 1993 979 2056 duplex
1020 1992 1228 2040 curabat
1258 1992 1491 2052 officium,
1529 1994 1586 2039 ut
1617 1993 1837 2040 omnium

76 2083 120 2117 25
145 2069 274 2116 esset
325 2068 554 2117 hortator
606 2071 658 2116 et
710 2084 911 2130 operum
968 2068 1229 2129 particeps.
1324 2082 1460 2114 arma
1515 2065 1641 2114 dixit
1693 2067 1837 2128 paria

145 2142 317 2204 qualia
350 2143 439 2191 alii
471 2142 738 2206 gestabant
768 2141 854 2204 qui
887 2140 1158 2190 caedebant
1190 2139 1387 2188 arbores
1420 2142 1508 2188 aut
1538 2141 1640 2187 iam
1671 2154 1836 2189 caesas

145 2215 437 2264 scindebant
483 2218 663 2266 cuneis.
741 2218 908 2278 potest
961 2216 1012 2262 et
1067 2215 1158 2275 sic,
1212 2216 1269 2262 ut
1318 2229 1415 2262 non
1469 2213 1620 2262 verba
1674 2216 1838 2262 essent

41 2320 46 2323 —
143 2289 475 2352 hortamento,
515 2291 602 2340 sed
640 2291 789 2338 facta.
861 2290 970 2351 quis
1012 2290 1144 2336 enim
1183 2304 1281 2336 non
1322 2288 1507 2336 faceret
1546 2287 1677 2349 quod
1714 2286 1836 2335 faci-

265 2495 291 2534 ‘3
323 2504 598 2536 commorare
621 2489 674 2534 V.
770 2493 796 2533 3
829 2489 1138 2534 abscindenda
1170 2487 1240 2531 ed.
1335 2491 1361 2530 6
1391 2487 1510 2531 hanc
1532 2485 1575 2529 V
1603 2487 1677 2530 hic
1702 2485 1774 2529 ed.

148 2554 202 2593 10
235 2551 541 2606 appellatione
572 2549 614 2592 V
643 2550 728 2594 hac
758 2562 864 2605 app.
897 2548 969 2592 ed.
998 2551 1005 2603 Ι
1042 2551 1085 2591 et
1114 2547 1177 2591 ad
1207 2547 1353 2591 locum
1376 2545 1418 2589 V
1450 2545 1520 2589 ed.
1553 2545 1616 2589 ad
1646 2543 1736 2588 del.
1762 2543 1834 2587 ed.

179 2611 288 2653 ests:
319 2610 604 2655 stabulorum
626 2622 725 2652 nos.
754 2609 760 2666 Ι
788 2607 982 2652 ostendit
1005 2606 1059 2650 de
1082 2605 1125 2650 V
1147 2611 1189 2650 et
1211 2604 1433 2662 inter-pos.
1451 2603 1524 2648 ed.
1618 2607 1672 2647 14
1704 2602 1838 2648 aliud

145 2623 188 2711 V
218 2683 364 2713 unum
394 2667 466 2713 ed.
576 2671 631 2712 18
662 2667 829 2712 montis
857 2666 912 2709 V.
1022 2669 1076 2708 19
1108 2665 1273 2709 robora
1301 2663 1518 2720 facitidia
1548 2661 1591 2706 V
1620 2676 1657 2706 r.
1681 2661 1836 2717 sia-ilia

23 2754 26 2758 -
145 2725 288 2771 HOU
303 2728 472 2783 fissilia
486 2728 581 2773 ed.:
614 2739 708 2771 non
731 2726 822 2770 hoc
838 2724 989 2769 solum
1012 2724 1296 2780 corruptum,
1313 2722 1457 2767 etiam
1477 2720 1733 2778 provolvere
1754 2723 1832 2764 ete.

94 2788 97 2791 ’
146 2785 345 2844 abrupte
376 2786 615 2832 adiectum
639 2786 729 2830 eet:
762 2784 962 2829 fortasse
985 2783 1075 2828 sic:
1107 2796 1243 2828 ornos
1265 2795 1438 2838 quoque
1459 2786 1513 2826 ut
1533 2781 1697 2825 robora
1718 2778 1838 2833 facit

146 2845 298 2900 caedi,
336 2853 452 2903 quae
483 2850 675 2902 propter
711 2844 916 2900 effectum
952 2843 1021 2887 rei
1056 2841 1250 2887 Troiani
1280 2840 1556 2894 deiciebam&
1602 2837 1837 2883 advolvere

146 2904 268 3008 emiza
292 2906 554 3008 pyrovolvere
560 2908 648 3008 1ἔπι
678 2904 766 2948 etc.
787 2961 818 3005 d
873 2907 931 2946 26
954 2906 1014 3004 gg
1043 2901 1137 2945 iam
1167 2899 1325 3004 {321¹
1339 2900 1433 3004 ι’ἑιᾶη
1464 2897 1538 2944 ed.
1652 2901 1707 2943 27
1739 2909 1836 2941 non

146 2976 222 3007 ver
250 2978 281 3008 a
383 2979 559 3010 naman
610 2975 732 3020 rpos
759 2975 785 3007 e
820 2996 830 3006 .
1039 2959 1172 3005 horta
1416 2994 1426 3004 .
