2014 3226
207 149 280 191 XL
872 143 1214 187 PRAEFATIO

207 289 399 335 circiter
440 289 567 346 440,
609 301 735 346 quae
778 300 873 331 non
915 285 1187 345 supplevit,
1236 282 1480 343 quaedam
1519 282 1623 343 ipse
1663 281 1893 343 deliquit.

206 363 323 408 haec
363 363 505 408 tanta
545 358 827 415 multitudo,
864 358 1095 418 quoniam
1128 355 1281 404 HOU
1320 356 1466 418 longe
1505 354 1731 417 plurimis
1772 356 1892 403 locis

205 438 451 497 integrum
498 436 685 479 textum
733 432 991 491 praebent,
1047 431 1152 478 fieri
1199 446 1298 477 non
1346 431 1510 490 potest
1559 431 1620 476 ut
1674 429 1891 477 eiusdem

205 508 423 555 familiae
479 506 654 565 codici,
706 505 935 552 editionis
991 502 1335 565 „archetypo“,
1389 503 1679 563 imputetur.
1759 503 1891 564 quod

207 585 370 629 autem
426 583 661 641 quattuor
716 579 834 626 locis
888 579 1038 639 primi
1092 577 1206 624 libri
1261 593 1305 624 v.
1342 580 1386 623 1.
1439 578 1557 623 214.
1609 578 1726 625 310.
1782 578 1887 623 474

206 657 383 702 omissa
418 670 445 700 a
479 654 649 700 Flavio
677 652 929 700 Fabricius
963 652 1192 713 suppleta
1225 651 1389 711 habet,
1421 650 1567 698 facile
1601 651 1892 711 explicatur,

209 731 251 775 Si
284 745 339 774 ea
373 729 421 773 in
456 726 721 786 exemplari
754 726 883 786 quod
917 725 1127 786 Neapoli
1159 726 1359 786 paravit
1390 723 1442 770 in
1475 724 1697 786 margine
1730 740 1891 771 emen-

206 803 321 848 data
362 802 510 848 fuisse
550 803 705 860 putes.
763 799 988 846 breviora
1022 815 1147 860 quae
1179 799 1258 846 vel
1290 797 1492 845 Flavius
1525 798 1604 846 vel
1635 797 1892 845 Fabricius

206 877 372 923 omisit
410 873 790 920 innumerabilia
830 873 1023 920 dixeris.
1102 873 1231 919 inter
1271 874 1454 919 omissa
1493 872 1655 919 locum
1697 887 1892 932 quoque

208 948 430 995 Sallustii
472 947 768 1008 deprehendi
805 950 849 1005 9,
877 948 999 1006 225,
1031 947 1230 994 mallem
1263 945 1585 993 historiarum
1618 961 1768 1007 quam
1801 945 1893 992 Ca·-

210 1023 391 1069 tilinae.
471 1020 808 1067 additamenta
856 1020 1087 1068 editionis
1134 1020 1374 1082 principis
1421 1019 1580 1067 tribus
1620 1021 1760 1066 auxit
1798 1019 1892 1066 Fa-

205 1096 382 1142 bricius
429 1099 471 1154 1,
500 1095 639 1140 3462.
685 1096 730 1150 2,
758 1096 877 1142 429.
927 1097 1008 1152 1⁶2,
1039 1095 1156 1141 101.
1237 1109 1556 1155 quaecunque
1593 1093 1740 1153 idem,
1781 1109 1891 1140 cum

204 1170 254 1215 in
303 1170 517 1216 editione
558 1168 889 1229 Neapolitana
940 1171 1026 1215 aut
1073 1184 1194 1215 sana
1241 1172 1405 1215 essent
1453 1169 1540 1214 aut
1584 1168 1788 1229 propius
1829 1166 1892 1213 ad

205 1259 373 1290 verum
421 1242 752 1302 adspirarent,
798 1243 876 1289 vel
915 1241 1274 1289 transcribendi
1315 1242 1629 1305 neglegentia
1667 1241 1747 1289 vel
1785 1257 1891 1287 mu-

204 1316 343 1363 tandi
389 1315 667 1363 temeritate
716 1316 792 1363 vel
842 1311 1103 1363 omittendi
1149 1315 1342 1362 incuria
1387 1316 1608 1377 corrupit
1646 1316 1698 1362 in
1738 1330 1891 1376 appa-

204 1392 316 1436 ratu
350 1389 533 1436 notavi.
593 1389 816 1436 videmus
850 1406 965 1452 ergo
1006 1406 1155 1451 quam
1186 1405 1300 1437 vere
1333 1389 1524 1437 Hiobus
1556 1388 1891 1452 Madeburgus

206 1463 596 1525 Annebergensis
615 1457 730 1528 (sic)
749 1463 965 1511 Fabricii
989 1463 1252 1511 familiaris
1278 1464 1329 1510 in
1355 1465 1712 1526 epigrammate
1738 1463 1889 1510 titulo

206 1537 434 1584 editionis
467 1537 788 1585 Fabricianae
820 1538 1008 1598 primae
1047 1539 1232 1585 inserto
1272 1536 1475 1585 mendas
1516 1553 1622 1584 eam
1663 1552 1764 1584 non
1802 1536 1888 1583 ha-

204 1610 316 1657 bere
363 1614 689 1672 praeconatus
736 1611 815 1658 sit.
892 1611 1164 1659 rectissime
1203 1611 1303 1658 iam
1343 1629 1388 1659 v.
1422 1611 1466 1658 d.
1500 1611 1704 1658 Hoeven
1750 1610 1890 1658 nullo

206 1684 299 1731 nisi
332 1683 642 1731 Harlemensi
674 1685 837 1732 codice
871 1686 1051 1732 collato
1078 1684 1301 1745 ,‚habet“,
1326 1685 1505 1746 inquit,
1531 1682 1887 1745 „innumeras“.

207 1756 433 1818 equidem
472 1773 643 1805 vereor
682 1774 742 1805 ne
781 1759 906 1806 nulli
946 1760 1242 1820 scriptorum
1291 1759 1608 1820 antiquorum
1648 1774 1678 1805 a
1715 1758 1890 1820 primis

207 1830 475 1878 editoribus
529 1834 633 1878 tam
687 1832 815 1879 male
870 1833 1151 1881 consultum
1206 1833 1283 1882 sit.
1369 1849 1506 1894 nam,
1560 1834 1618 1880 ut
1669 1834 1889 1893 praeter-

206 1906 403 1951 mittam
456 1907 587 1952 recte
643 1906 887 1953 scribendi
946 1907 1191 1955 rationem
1254 1906 1537 1968 similiaque
1600 1906 1788 1953 leviora
1841 1909 1892 1952 et

207 1978 514 2039 frequentem
575 1978 906 2028 distinctionis
975 1981 1377 2042 perversitatem,
1447 1979 1607 2029 decies
1678 1979 1890 2040 amplius

207 2051 340 2098 mille
387 2051 507 2099 loeis
554 2052 785 2100 editionis
831 2054 979 2101 lectio
1027 2054 1322 2119 corrigenda
1369 2054 1476 2102 fuit.
1557 2053 1799 2115 quaedam
1837 2054 1891 2100 in

208 2124 504 2172 editionibus
553 2141 677 2186 quae
725 2126 866 2174 annis
910 2128 1065 2187 1561,
1110 2129 1266 2189 1575,
1310 2128 1449 2175 1586
1501 2144 1557 2175 ex
1595 2129 1758 2189 prima
1796 2126 1890 2175 Fa-

206 2197 428 2245 briciana
466 2200 705 2260 repetitae
745 2203 861 2247 sunt
900 2201 1158 2248 emendata
1195 2203 1435 2261 invenias,
1469 2201 1554 2249 sed
1583 2216 1744 2262 pauca
1775 2203 1892 2250 sunt

209 2273 258 2318 et
310 2286 465 2318 novae
518 2287 685 2320 rursus
739 2274 944 2322 mendae
998 2276 1315 2336 irrepserunt.
1391 2275 1523 2323 idem
1569 2275 1628 2322 de
1675 2275 1891 2325 editione
1987 2279 1990 2281 ’

209 2343 469 2391 dicendum
523 2361 670 2406 quam
723 2346 904 2396 Lucius
957 2349 1255 2397 Basileensis
1311 2364 1439 2396 anno
1498 2349 1638 2396 1613
1695 2349 1892 2396 curavit

209 2432 316 2464 cum
366 2418 476 2466 aliis
523 2420 659 2466 vitiis
705 2422 811 2467 tum
850 2421 1072 2482 pluribus
1112 2423 1305 2470 omissis
1344 2424 1531 2470 notata.
1609 2425 1723 2484 post
1761 2422 1891 2470 hunc
1988 2478 1990 2485 Ι

207 2506 348 2538 nemo
399 2491 647 2539 Donatum
695 2493 851 2540 edidit
883 2511 992 2542 non
1041 2497 1143 2543 sine
1194 2512 1305 2544 mea
1358 2496 1715 2559 gratulatione,
1771 2497 1892 2557 quia
1966 2515 1993 2558 ,1

209 2579 318 2611 cum
359 2564 566 2612 aliorum
606 2568 863 2616 sententiis
902 2569 1025 2615 mihi
1062 2585 1159 2616 non
1199 2569 1582 2617 conflictandum
1619 2569 1729 2616 fuit.
1986 2570 1995 2623 ζ

319 2636 392 2684 De
426 2653 536 2686 mea
567 2638 782 2687 editione
814 2641 934 2689 haec
964 2642 1122 2690 habeo
1156 2658 1282 2704 quae
1313 2642 1586 2705 praefanda
1609 2646 1792 2704 putem.
1820 2669 1889 2675 —-
1973 2634 1996 2711 j

208 2709 680 2772 Interpretationum
730 2715 919 2761 textum
966 2714 1287 2764 Laurentiani
1334 2720 1385 2764 et
1422 2716 1656 2764 Vaticani
1702 2719 1751 2764 et
1797 2717 1890 2765 Re-

210 2783 428 2845 ginensis
461 2787 756 2834 auctoritate
789 2788 1185 2836 constituendum
1216 2790 1368 2838 fuisse
1400 2806 1459 2837 ex
1488 2790 1550 2838 iis
1575 2806 1709 2851 quae
1740 2805 1891 2851 supra

209 2858 411 2917 exposui
455 2858 575 2906 satis
626 2861 846 2921 apparet.
922 2863 975 2908 in
1029 2863 1255 2912 lectionis
1308 2865 1550 2912 varietate
1606 2863 1893 2914 adnotanda

209 2928 441 2977 dilectum
487 2930 661 2993 habui3
714 2948 830 2981 nam
869 2935 911 2982 si
950 2950 1144 2983 omnem
1181 2937 1495 2998 recepissem,
1543 2938 1594 2984 et
1637 2936 1892 2985 infinitum
1981 2931 1997 2969 ·-·’“
