2014 3226
182 178 291 229 284
648 176 878 220 DONATI
910 175 1189 220 INTERPR.
1222 175 1400 218 VERG.

182 320 455 378 coynomme
498 321 704 376 flentem,
752 317 808 362 ut
854 315 1112 378 Pergamei
1159 318 1458 363 vocarentur
1505 315 1681 375 quibus
1722 315 1873 362 Troia

182 392 385 438 dederat
439 406 628 436 nomen.
712 391 874 436 hortor
925 404 1092 437 amare
1145 392 1296 449 focos:
1357 391 1417 436 ut
1469 389 1707 436 haberent
1761 404 1871 436 cum

182 466 367 512 laribus
422 464 563 511 novis
620 463 882 510 adfectum.
962 478 1212 522 arcemque
1266 463 1478 510 attollere
1531 464 1682 510 tectis:
1746 478 1872 523 quae

180 541 443 599 praecipue
477 539 665 584 amavit
694 539 747 583 in
773 537 922 584 Troia
949 537 1070 584 haec
1101 553 1332 598 reparare
1366 537 1597 597 cupiebat
1629 538 1678 582 et
1711 551 1871 583 arcem

95 618 177 655 135
196 613 245 658 in
274 613 429 659 altum
454 612 645 658 ducere.
696 613 888 669 fiamque.
918 613 1019 671 fere
1050 613 1171 659 sicco
1203 612 1465 658 subductae
1496 611 1633 658 litore
1662 624 1871 669 puppes:

180 687 265 732 ubi
314 701 443 746 aqua
490 686 640 732 maris
688 684 862 731 finitur
907 685 1027 732 litus
1076 685 1278 746 dicitur,
1334 685 1407 731 ita
1454 686 1503 731 et
1549 683 1660 731 finis
1710 685 1872 731 terrae

182 776 304 820 quae
359 760 495 806 litori
550 758 774 822 iungitur
827 759 996 821 pelagi
1050 759 1170 806 litus
1225 759 1363 805 dixit.
1441 760 1707 819 propterea
1761 757 1871 805 sub-

180 834 351 880 ductas
405 834 546 880 navis
602 832 723 879 dicit
777 833 927 880 fuisse
976 834 1025 879 et
1070 833 1123 879 in
1178 834 1306 880 sicco
1361 833 1509 879 litore
1562 832 1874 891 constitutas,

182 908 312 968 quia,
352 909 408 953 ut
448 906 634 954 dictum
675 909 763 967 est,
803 909 878 954 est
918 909 966 954 et
1004 906 1157 953 udum
1197 907 1331 954 litus.
1398 906 1616 954 conubiis
1648 907 1874 964 arv-isque

180 983 314 1028 novis
347 984 545 1039 operata
575 983 824 1028 iuventus:
864 980 1117 1028 subductis
1149 980 1358 1028 navibus
1391 983 1648 1041 tamquam
1679 981 1732 1026 in
1763 979 1872 1026 loco

179 1056 399 1102 mansuri
446 1054 668 1102 conubiis
709 1058 758 1102 et
796 1055 867 1101 rei
906 1055 1122 1102 rusticae
1162 1070 1365 1116 operam
1404 1053 1612 1115 dabant,
1659 1054 1751 1100 hoc
1800 1056 1874 1100 est

181 1131 265 1190 qui
319 1131 521 1176 iuvenes
578 1132 720 1175 erant
772 1128 1109 1191 iungebantur
1162 1128 1395 1176 uxoribus
1451 1129 1530 1175 vel
1576 1127 1875 1175 insistebant

180 1204 405 1250 culturae
454 1218 710 1266 agrorum,
759 1218 883 1263 quae
923 1218 1001 1250 res
1042 1202 1367 1250 ostendebant
1405 1202 1606 1263 plenam
1643 1201 1874 1248 fiduciam

181 1276 532 1324 commanendi.
609 1277 726 1323 iura
765 1277 1021 1335 domosque
1060 1277 1263 1324 dabam:
1303 1279 1391 1323 aut
1429 1277 1563 1338 leges
1594 1275 1792 1323 vivendi
1826 1278 1876 1322 et

180 1351 350 1398 domos
398 1353 486 1397 aut
531 1351 755 1412 ipsarum
803 1351 1062 1397 domorum
1099 1351 1210 1397 iura
1248 1350 1341 1398 hoc
1381 1352 1455 1397 est
1495 1349 1713 1397 dominia
1752 1349 1872 1411 legi-

179 1425 268 1472 bus
302 1425 559 1486 deputans.
628 1425 759 1485 quod
797 1427 1004 1485 paratae
1043 1424 1155 1471 urbi
1195 1424 1421 1471 defuerat
1459 1424 1550 1471 hoc
1591 1424 1755 1471 solum
1795 1423 1874 1470 de-

181 1501 403 1546 creverat
455 1498 651 1546 Aeneas
706 1497 1008 1559 addendum,
1070 1513 1258 1558 muros,
1322 1513 1506 1558 arcem,
1561 1496 1875 1560 Pergamum,

181 1573 318 1619 aliud
363 1573 618 1633 pertinens
667 1572 729 1619 ad
775 1573 1042 1619 tuitionem
1087 1574 1509 1632 commanentum,
1559 1571 1695 1618 aliud
1745 1570 1876 1632 quod

182 1646 432 1694 adfectum
477 1647 700 1694 locorum
747 1662 874 1708 quae
919 1646 972 1693 in
1017 1646 1168 1693 Troia
1214 1646 1454 1694 dilexerat
1500 1645 1874 1694 demonstraret.

181 1722 335 1768 subito
375 1735 483 1768 cam
514 1721 682 1768 tabida
711 1721 939 1768 membris
972 1724 1195 1780 corrupto
1227 1721 1347 1768 caeli
1378 1723 1535 1768 tracta
1572 1719 1874 1767 miseranda-
1942 1751 1966 1775 a

182 1809 271 1853 que
308 1795 437 1842 venit
475 1795 824 1854 arboribusque
862 1796 1076 1854 satisque
1115 1795 1217 1842 lues
1248 1798 1292 1842 et
1322 1795 1478 1853 letifer
1508 1808 1692 1841 annas:
1733 1808 1875 1855 gene-

181 1868 302 1916 ralis
350 1867 549 1929 quidem
598 1869 845 1916 malorum
891 1869 1189 1930 propositio,
1243 1868 1328 1916 sed
1385 1868 1606 1929 aperitur
1651 1866 1877 1928 sequenti

185 1942 494 2003 specialitate
535 1943 766 1990 discussa.
831 1943 1031 2003 securis,
1061 1942 1241 2004 inquit,
1275 1958 1332 1990 ac
1364 1942 1618 2003 dispositis
1650 1940 1876 1988 omnibus

184 2016 444 2076 repentina
490 2016 649 2063 morbi
696 2017 956 2064 calamitas
1003 2018 1170 2080 gravis
1218 2015 1447 2064 omnibus
1491 2015 1588 2063 fuit
1628 2018 1677 2062 et
1715 2014 1876 2076 perni—

186 2089 343 2136 ciosas
377 2089 552 2137 attulit
585 2105 782 2154 eausas3
821 2106 938 2137 nam
971 2106 1028 2137 ex
1060 2091 1189 2138 aeris
1221 2090 1536 2152 corruptione
1568 2089 1675 2136 lues
1708 2090 1878 2136 exorta

187 2163 531 2226 contagionem
578 2163 827 2212 inflixerat
866 2164 1026 2211 diram
1063 2180 1162 2212 non
1201 2166 1398 2212 tantum
1438 2163 1669 2211 humanis
1709 2178 1878 2223 corpo-

186 2236 325 2284 ribus
371 2253 540 2284 verum
590 2239 742 2285 etiam
782 2237 1038 2286 arboribus
1079 2239 1129 2284 et
1166 2238 1243 2285 his
1283 2237 1512 2285 omnibus
1552 2252 1678 2299 quae
1717 2237 1878 2284 victus

188 2325 336 2358 causa
367 2311 566 2358 fuerant
593 2312 925 2359 'Proianorum
955 2311 1208 2359 laboribus
1241 2314 1372 2373 sata3
1408 2327 1558 2373 supra
1590 2310 1722 2358 enim
1753 2309 1880 2357 dixit

312 2456 439 2494 1-2
485 2452 626 2496 Troia
670 2453 823 2496 deerat
859 2452 895 2495 L
947 2453 1023 2496 Tr.
1065 2453 1251 2497 deerant
1288 2452 1331 2496 R
1367 2467 1402 2496 re,
1440 2451 1528 2495 del.
1569 2451 1672 2508 ipse
1717 2451 1880 2494 Troiae

189 2511 343 2554 deerat
365 2510 408 2553 H
433 2511 504 2554 ed.
536 2511 676 2555 Troia
706 2512 892 2556 dederat
915 2510 952 2555 Ο
978 2512 1067 2555 hoc
1089 2511 1413 2568 recipiendum
1443 2510 1620 2568 putavi.
1714 2514 1739 2552 6
1770 2509 1881 2564 finis

189 2582 285 2612 acc.
311 2569 395 2622 est,
421 2569 503 2613 sed
534 2571 670 2623 tinem
702 2569 884 2614 malim:
918 2570 976 2614 de
1008 2571 1146 2615 litore
1177 2571 1320 2614 maris
1346 2570 1403 2614 cf.
1424 2574 1493 2624 10,
1511 2574 1611 2613 223.
1707 2573 1730 2612 7
1764 2582 1880 2624 quae
1934 2576 1939 2580 ’

189 2627 276 2671 LR
306 2634 428 2683 qua?
474 2630 480 2684 Ι
530 2629 659 2672 litore
690 2629 777 2672 LR
807 2629 880 2672 011.Δ
913 2630 1038 2674 litori
1067 2645 1102 2674 r.
1256 2633 1282 2672 9
1315 2634 1379 2674 est
1408 2635 1471 2674 est
1502 2629 1538 2672 L
1578 2628 1778 2672 alterum
1817 2631 1881 2671 est

190 2700 279 2731 om.
303 2687 346 2730 R
377 2687 484 2730 add.
517 2702 552 2731 r.
685 2691 738 2730 13
770 2689 969 2732 cultores·
992 2688 1078 2732 LR
1107 2689 1314 2733 culturae
1344 2703 1368 2731 r
1398 2687 1508 2732 edF.
1639 2691 1692 2730 17
1727 2699 1880 2730 muros
1943 2743 1946 2746 ἢ

189 2759 338 2790 arcem
354 2760 623 2804 perqamam
646 2746 732 2789 LR
754 2762 811 2791 m.
830 2753 871 2791 et
893 2763 936 2791 a.
960 2753 1014 2792 ut
1036 2748 1091 2793 P.
1117 2748 1190 2793 ed.
1215 2748 1394 2792 addens
1416 2747 1583 2802 referre
1604 2746 1880 2801 viderentur,

191 2805 318 2859 quod
355 2819 447 2848 non
488 2804 666 2849 habent
703 2805 800 2850 LR.
852 2808 859 2863 Ι
909 2821 1132 2864 peryanza
1169 2812 1223 2851 ut
1258 2822 1294 2851 r.
1448 2810 1502 2850 18
1542 2805 1759 2849 tationem
1794 2802 1882 2847 ΕΒ,

191 2877 304 2908 corr.
329 2862 379 2908 r‘.
410 2866 416 2920 Ι
443 2865 824 2910 commanentium
855 2865 926 2910 ed.
1028 2870 1084 2910 24
1113 2867 1209 2921 fait
1239 2871 1281 2911 et
1309 2866 1352 2909 R
1379 2865 1542 2920 fuisset
1572 2864 1607 2907 L
1640 2878 1727 2908 om.
1747 2863 1818 2908 ed.

191 2927 368 3024 {4523
401 2924 682 3026 perpitwsas
722 2938 763 2967 a.
798 2937 964 2970 causas
994 2925 1081 2968 LR
1112 2924 1184 2970 ed.
1218 2939 1310 2970 -808
1347 2939 1390 2969 a.
1423 2927 1585 2970 casas?
1722 2926 1776 2966 27
1808 2923 1881 2978 7²²2?
1951 2918 1957 2922 ’

309 2994 334 3025 0
371 3016 380 3024 .
413 2995 474 3026 228
