2014 3226
157 182 267 234 370
625 179 857 223 DONATI
887 178 1166 221 INTERPR.
1201 177 1378 221 VERG.

158 321 385 369 audierat
425 321 601 382 Tyrias
642 320 762 367 olim
805 334 929 379 quae
968 320 1185 365 verteret
1223 313 1401 365 a1·ces“.
1465 317 1557 365 hoc
1590 332 1705 380 ergo
1739 333 1848 364 cum

156 398 398 443 metueret
428 394 568 453 Iuno,
606 393 814 455 optabat
844 392 1049 439 Aenean
1089 392 1220 452 apud
1255 390 1607 454 Carthaginem
1645 392 1851 438 retineri

158 473 207 518 et
255 485 363 517 cum
411 470 518 530 ipso
560 468 800 515 Troianos
846 460 1028 526 omnis,
1074 467 1131 512 ut
1168 465 1270 512 illis
1310 480 1399 512 nec
1438 466 1721 526 proveniret
1759 465 1848 511 im-

155 545 347 605 perium
393 542 572 589 Italiae
626 556 716 587 nec
771 556 827 587 ex
880 541 1004 601 ipsis
1059 541 1344 587 nasceretur
1395 540 1480 599 qui
1527 539 1713 586 deleret
1759 539 1850 586 ali-

159 616 353 678 quando
397 615 762 677 Carthaginem.
836 614 968 674 quod
1007 629 1120 660 cum
1157 616 1323 660 nosset
1361 612 1542 674 Venus,
1592 613 1695 675 egit
1737 612 1848 660 sub·
1896 629 1917 661 5

155 691 339 738 tilitate
385 689 615 748 mirifica,
663 690 720 735 ut
755 687 951 753 'diceret
999 704 1088 751 ego
1138 687 1337 748 quidem
1375 687 1512 747 volo,
1559 686 1644 733 sed
1682 687 1849 734 nescio

157 781 219 811 an
267 765 374 812 fata
422 763 734 810 consentiant
782 764 869 809 aut
906 761 1134 823 Iuppiter
1172 761 1307 808 velit.
1384 762 1442 808 ut
1482 762 1648 807 autem
1687 762 1849 808 osten-

158 838 294 885 deret
332 837 440 884 fieri
479 852 579 883 non
616 851 782 897 posse,
831 835 1023 883 dimisit
1062 851 1172 882 eam
1213 835 1275 881 ad
1313 834 1506 894 Iovem,
1545 836 1602 881 ut
1642 849 1701 880 ex
1739 836 1849 895 ipso

155 913 321 974 potius
370 911 617 958 contraria
664 912 943 971 reportaret
991 911 1041 956 et
1087 910 1307 971 gemeret
1353 924 1403 956 se
1451 908 1699 956 destinata
1749 923 1850 955 non

156 985 375 1048 potuisse
424 985 665 1046 conplere.
743 988 817 1040 tu,
862 985 1050 1046 inquit,
1098 985 1331 1038 coniunx,
1368 977 1463 1048 {tibi
1507 984 1589 1042 fas
1628 983 1848 1030 animum
1874 999 1918 1031 10

155 1063 384 1119 temptare
406 1059 670 1119 preeaudo.
710 1056 895 1118 [perya
926 1056 1132 1118 sequar]
1140 1075 1155 1103 :
1197 1056 1434 1118 quicquid
1474 1057 1730 1115 secretum,
1748 1057 1849 1120 =ait,

154 1135 371 1181 retinent
423 1134 520 1180 viri
572 1132 719 1180 facile
775 1132 1071 1180 confitentur
1124 1131 1372 1178 uxoribus.
1449 1133 1642 1192 tempta
1694 1130 1851 1191 igitur

156 1210 259 1255 eius
323 1208 643 1267 sententiam,
707 1205 943 1267 quicquid
1000 1222 1056 1252 ex
1109 1207 1218 1266 ipso
1275 1204 1490 1253 audieris
1543 1203 1653 1250 fieri
1706 1218 1850 1264 posse

154 1282 365 1329 libenter
404 1281 679 1342 amplectar
718 1282 767 1327 et
807 1296 905 1341 qua
945 1279 1294 1341 dispositiones
1333 1280 1450 1325 tuae
1492 1278 1850 1340 praecesserint

156 1357 423 1417 sequentur
462 1357 512 1401 et
550 1370 704 1402 meae.
781 1358 883 1401 tum
920 1355 991 1401 sie
1031 1355 1209 1413 aceepit
1246 1354 1380 1412 reyia
1419 1352 1575 1399 quo:
1627 1367 1727 1398 non
1773 1352 1917 1400 in-15

68 1437 152 1476 115
170 1431 369 1477 tellecto
401 1429 608 1477 Veneris
649 1428 762 1476 dolo
802 1428 854 1475 in
893 1428 1015 1475 haec
1053 1428 1178 1474 Iuno
1217 1426 1495 1488 respondit:
1537 1440 1722 1472 meeum
1761 1427 1849 1472 erit

154 1506 241 1551 iste
296 1505 455 1559 labor,
508 1517 640 1550 nuuc
694 1517 791 1562 qua
844 1504 1034 1550 ratione
1088 1501 1214 1561 quod
1259 1503 1412 1548 instat
1457 1501 1654 1558 confieri
1691 1500 1851 1559 possit

145 1579 339 1638 paucis,
381 1578 589 1632 adverte,
630 1577 814 1624 docebo.
891 1576 1013 1623 haec
1052 1576 1264 1635 dimitte,
1304 1576 1390 1633 ait,
1429 1574 1656 1636 partibus
1702 1574 1873 1620 meis:-

153 1668 326 1701 verum
366 1651 484 1713 quia
523 1650 657 1712 quod
686 1651 858 1710 instat,
888 1650 982 1697 hoc
1014 1652 1088 1698 est
1119 1649 1254 1711 quod
1284 1650 1444 1711 urget,
1477 1647 1621 1695 debet
1651 1647 1848 1709 inpleri,

154 1725 371 1774 faciendi
410 1741 466 1773 ac
503 1723 791 1787 perficiendi
830 1724 1091 1772 consilium
1131 1724 1306 1771 dicam.
1374 1721 1677 1784 properabat
1716 1722 1848 1768 enim
1872 1737 1918 1768 20

154 1802 317 1862 ipsam
349 1800 569 1862 conpleri
600 1800 1012 1858 coniunctionem,
1035 1799 1210 1859 utpote
1244 1812 1369 1858 quae
1393 1795 1600 1844 Veneris
1633 1795 1847 1843 dictione

157 1877 403 1922 commota
455 1875 700 1921 metueret
752 1889 812 1919 ne
860 1873 1053 1920 Aeneas
1107 1872 1304 1919 infectis
1357 1870 1503 1918 rebus
1552 1869 1846 1916 abscederet.

156 1947 388 2009 sperabat
426 1950 594 1995 autem
631 1947 776 1994 illum
807 1948 973 2008 ipsum
1003 1948 1118 2008 post
1147 1945 1420 2007 perfectam
1451 1943 1848 1991 coniunctionem

155 2021 365 2069 Didonis
403 2022 779 2069 matrimonium
809 2036 909 2068 non
939 2020 1252 2068 relicturum:
1290 2019 1475 2066 idcirco
1507 2017 1635 2064 dixit
1665 2016 1846 2064 curabo

158 2111 247 2159 ego
290 2111 414 2156 quae
454 2098 503 2143 te
543 2095 838 2155 sollicitant3
892 2097 1087 2142 tantum
1131 2093 1412 2141 coniunctio
1452 2091 1695 2153 disposita
1734 2106 1847 2138 con-
1871 2105 1916 2138 25

155 2169 368 2231 pleatur.
444 2185 603 2231 usque
650 2169 772 2217 adeo
821 2168 1053 2230 cupiebat
1097 2168 1191 2216 hoc
1240 2181 1552 2228 quacumque
1591 2166 1847 2213 occasione

156 2243 277 2304 fieri,
308 2245 366 2290 ut
402 2244 514 2304 ipsa
551 2242 840 2304 perficiendi
878 2242 1139 2290 consilium
1178 2240 1332 2289 daret.
1394 2243 1622 2287 venatum
1652 2238 1848 2286 Aeneas

156 2331 350 2376 imaque
394 2318 673 2365 miserrima
709 2317 843 2364 Dido
889 2318 944 2364 iu
987 2330 1158 2364 uemus
1195 2317 1268 2363 ire
1296 2316 1501 2375 parant,
1540 2313 1626 2361 ubi
1654 2313 1846 2373 primos

157 2391 400 2438 crastinus
452 2393 586 2438 ortus
639 2391 860 2438 eoetulerit
907 2391 1056 2438 Titan
1106 2390 1357 2449 radiisque
1407 2389 1629 2436 retexerit
1672 2387 1846 2434 orbem.

67 2468 155 2509 120
171 2465 247 2512 his
287 2478 368 2525 eqo
405 2466 679 2525 niqrantem
716 2465 971 2512 commixta
1005 2464 1249 2524 yraudiue
1285 2463 1518 2518 nimbum,
1549 2461 1666 2508 dum
1704 2460 1846 2519 trepi-
1870 2475 1916 2507 30

158 2538 280 2586 daut
316 2539 426 2586 alae
462 2538 709 2598 saltusque
746 2539 978 2598 indayine
1016 2539 1228 2598 eiuyumt,
1268 2538 1473 2596 desuper
1509 2534 1774 2595 infundam
1805 2536 1849 2581 et

158 2614 339 2660 tonitru
384 2612 571 2660 eaelum
618 2626 755 2659 omne
793 2612 933 2661 ciebo,
1012 2611 1268 2672 diffuyieut
1305 2611 1496 2658 comites
1535 2612 1576 2657 et
1612 2611 1745 2655 noete
1782 2610 1845 2654 te-

1958 2586 1967 2609 ὅ

1958 2643 1971 2687 Ξ

278 2757 300 2795 1
334 2753 442 2796 olim
473 2766 602 2809 quem
631 2751 681 2795 L.
783 2756 809 2795 5
840 2766 936 2796 non
965 2757 1073 2797 esset
1094 2751 1130 2794 L
1156 2750 1237 2795 edI
1266 2751 1406 2794 ‘nollet
1426 2749 1468 2793 R
1496 2754 1644 2793 nosset
1675 2748 1783 2792 edF.
1957 2737 1997 2810 ξ

160 2814 215 2855 10
246 2812 400 2868 inquit
430 2826 517 2855 om.
545 2811 616 2854 ed.
741 2815 794 2854 11
821 2825 959 2869 perye
987 2825 1153 2868 sequar
1188 2810 1320 2854 deest
1348 2809 1399 2852 in
1430 2807 1536 2863 LR,
1577 2807 1659 2852 sed
1697 2805 1847 2863 expli·
1961 2807 1996 2860 ἐξ

158 2872 303 2914 catur.
451 2875 506 2915 14
537 2870 855 2926 despositiouis
884 2870 933 2914 L.
1079 2875 1134 2912 21
1167 2870 1364 2913 dictione
1393 2867 1480 2911 LR
1511 2867 1682 2912 ditione
1712 2866 1783 2909 ed.
1947 2864 1986 2923 ἦε·

158 2933 214 2972 25
244 2929 555 2975 sollicitabant
583 2928 654 2973 ed.
684 2930 690 2986 Ι
725 2934 902 2973 tautum
935 2929 1023 2972 LR
1053 2929 1294 2973 dummodo
1325 2927 1396 2971 ed.
1519 2931 1576 2970 26
1608 2939 1846 2982 quaecum·
1992 2931 1998 2942 '

157 3001 242 3044 que
271 2987 359 3031 LR
390 3002 504 3033 corr.
536 3003 560 3031 r
592 2987 663 3032 ed.
787 2992 841 3031 27
873 2989 967 3045 ipsi
997 2988 1106 3032 edF.
1591 3004 1594 3007 ⁴
