2014 3226
750 150 1050 195 AENEmos
1083 151 1145 194 V1
1687 156 1791 206 571

99 292 281 352 petiere
319 292 463 344 rates,
501 303 629 349 pars
668 290 829 337 tollere
871 305 1025 337 rocem
1065 294 1308 351 emonam,
1357 294 1570 351 inceptus
1616 293 1797 340 clmnor

106 365 379 424 frustratur
420 364 626 410 hiantis:
665 363 925 426 fugiebant
965 366 1091 412 sicut
1130 366 1181 412 in
1222 366 1370 413 Troia
1411 367 1647 426 fecerunt,
1687 382 1795 413 cum

110 438 173 486 ad
210 438 352 484 navis
401 440 747 484 concurrerent
795 438 970 486 salutis
1023 438 1363 500 desperatione
1412 440 1658 501 conpulsi,
1710 441 1795 487 alii

107 528 223 560 vero
262 510 497 558 volebant
535 510 800 557 clamorem
840 512 1037 571 tollere,
1089 529 1198 559 cum
1246 528 1343 561 non
1385 516 1510 561 esset
1550 513 1797 561 clamandi

61 601 85 635 s
108 585 406 644 substantia,
445 583 656 645 denique
695 586 746 631 in
786 586 893 646 ipso
934 589 1114 634 conatu
1156 586 1446 634 deficiebant
1487 587 1660 635 dantes
1700 603 1795 635 non

107 674 299 718 vocem,
354 658 438 706 sed
486 659 721 721 exiguum
761 674 948 707 sonum.
1042 659 1306 721 descriptio
1348 660 1644 709 Graecorum
1699 677 1796 708 non

61 794 67 799 .
106 734 322 782 inaniter
368 733 532 794 posita
581 734 676 792 est,
723 734 884 793 primo
936 735 1156 780 omnium
1197 736 1250 780 ut
1297 734 1638 782 ostenderetur
1677 738 1798 796 quot

107 807 247 855 milia
298 806 450 853 etiam
501 821 558 852 ex
609 806 730 867 ipsis
782 807 1014 854 cecidisse
1062 807 1365 867 viderentur,
1422 808 1560 855 nulla
1615 809 1796 870 quippe

22 904 29 911 ·
106 882 318 929 victoria
365 882 440 928 est
485 881 590 927 sine
641 880 928 928 calamitate
984 882 1208 940 victorisg
1259 881 1468 943 denique
1524 882 1798 943 apparebat

42 970 86 1006 ιο
107 955 345 1003 mansisse
385 969 495 1002 cum
533 953 656 1015 ipsis
688 956 874 1001 metum
916 972 1061 1016 quem
1101 954 1231 1015 apud
1271 970 1473 1017 superos
1520 956 1798 1003 habuerunt

109 1044 220 1077 cum
255 1030 623 1091 expugnaretur
646 1028 809 1075 Troia.
872 1029 1162 1075 meminerat
1194 1030 1325 1075 enim
1356 1032 1504 1091 poeta
1535 1045 1584 1076 se
1618 1030 1796 1077 dixisse

31 1130 34 1133 >
110 1098 183 1169 (2,
218 1095 347 1168 399)
390 1101 688 1165 „diffugiunt
728 1102 815 1149 alii
857 1102 919 1149 ad
958 1104 1099 1149 navis
1140 1104 1188 1149 et
1225 1102 1375 1150 litora
1408 1118 1552 1150 cursu
1585 1102 1681 1150 fida
1713 1119 1796 1164 pe-

106 1179 235 1239 tunt,
266 1191 382 1238 pars
406 1177 660 1238 ingentem
686 1176 950 1223 formidine
974 1177 1112 1237 turpi
1144 1175 1386 1224 scandunt
1417 1193 1583 1224 rursus
1617 1193 1797 1238 equum

17 1303 33 1310 ,
109 1254 157 1299 et
195 1253 316 1298 nota
354 1250 634 1298 conduntur
671 1251 724 1296 in
764 1248 921 1298 alvo“.
998 1250 1179 1311 ubique
1217 1249 1382 1297 firmat
1414 1250 1664 1312 Vergilius
1703 1250 1798 1297 diis

43 1339 85 1373 ιε
109 1324 501 1384 adversantibus,
540 1340 640 1371 non
678 1326 864 1372 virtute
899 1322 1198 1372 Graecorum
1237 1327 1523 1386 superatum
1564 1339 1666 1373 esse
1706 1325 1797 1371 im-

106 1400 299 1461 perium
338 1398 532 1458 Troiae,
572 1398 783 1459 denique
824 1400 872 1446 et
909 1398 990 1445 hic
1028 1397 1229 1445 timidos
1269 1400 1318 1444 et
1358 1398 1547 1461 fugacis
1588 1397 1798 1446 Graecos

16 1533 20 1540 .
108 1473 356 1536 adsignat,
397 1472 575 1534 quibus
615 1488 771 1534 usque
812 1472 933 1519 adeo
973 1474 1133 1519 metus
1173 1473 1359 1519 statum
1399 1472 1578 1519 mentis
1610 1473 1796 1533 praeri-

106 1548 299 1609 puerat,
339 1549 396 1594 ut
435 1545 690 1594 crederent
713 1546 917 1594 Aenean
955 1545 1138 1594 idcirco
1171 1545 1304 1607 apud
1334 1546 1516 1593 inferos
1550 1548 1797 1592 armatum

0 1619 29 1666 ¹.
106 1620 354 1681 incedere,
399 1623 456 1668 ut
495 1619 709 1669 Graecos
750 1621 903 1669 etiam
942 1621 1162 1667 mortuos
1207 1621 1564 1681 insequeretur.
1641 1618 1797 1683 fugie-

11 1709 85 1759 *no
107 1696 244 1755 bant,
283 1694 470 1757 inquit,
509 1695 621 1754 alii,
660 1694 749 1742 alii
787 1694 1054 1742 mittebant
1093 1694 1322 1758 exiguam
1360 1707 1530 1740 vocem
1570 1697 1640 1752 et,
1687 1709 1797 1740 cum

18 1764 21 1767 ’
107 1769 293 1818 vellent
332 1768 527 1830 aliquid
567 1769 750 1829 dicere,
799 1770 852 1816 in
898 1767 1007 1830 ipso
1047 1767 1180 1815 vocis
1228 1765 1424 1815 defectu
1470 1768 1664 1828 patenti
1714 1781 1796 1815 ore

105 1843 431 1892 remanebant
482 1859 582 1890 non
636 1846 871 1905 sequente
926 1841 1058 1890 vocis
1113 1840 1290 1889 officio.
1385 1840 1625 1888 Troianos
1680 1855 1797 1904 ergo

12 1971 14 1973 ,
106 1916 335 1966 laudavit
374 1919 425 1965 et
463 1917 680 1966 ostendit
725 1915 929 1964 timidos
970 1914 1180 1963 Graecos
1228 1914 1528 1976 perindeque
1574 1913 1798 1975 inbellis3

9 1986 21 2031 ῗ
107 1991 274 2040 nullus
314 1993 446 2040 enim
483 1991 678 2040 hostem
716 1990 815 2039 nisi
853 1989 1050 2038 inbellis
1089 1988 1233 2052 fugit.

3 2072 16 2102 :-
41 2079 85 2114 ιι
217 2063 378 2126 Atque
414 2067 505 2114 hic
522 2065 811 2114 Priamiden
848 2065 1091 2112 laniatum
1121 2076 1317 2122 corpore
1356 2065 1447 2109 toto
1478 2061 1783 2122 Deiphobum
1800 2063 1885 2103 495

0 2132 18 2193 ,ἑ
107 2132 231 2188 vidit
259 2141 474 2189 lacerum
504 2139 761 2188 crudeliter
791 2153 895 2194 ora,
933 2151 1022 2185 ora
1053 2149 1322 2196 manusque
1345 2136 1516 2184 ambas
1538 2135 1799 2195 populata-

0 2198 17 2269 }
108 2227 199 2275 que
220 2217 433 2274 tempera
455 2214 612 2274 raptis
636 2213 842 2262 auribus
866 2215 909 2259 et
930 2215 1130 2259 truncas
1151 2211 1396 2258 ‘inhomsto
1420 2209 1615 2256 vulnere
1637 2222 1797 2257 nares,

0 2269 46 2325 ἶ
108 2289 192 2335 vix
229 2288 349 2336 adeo
388 2289 586 2350 aynovit
612 2288 916 2348 pavitantem
964 2288 1008 2332 et
1044 2285 1157 2332 dira
1205 2286 1430 2345 teqentem
1475 2282 1718 2342 supplicia
1757 2285 1800 2329 et

0 2355 11 2396 i
107 2363 236 2411 notis
273 2361 512 2423 conpellat
548 2361 744 2410 vocibus
780 2361 934 2408 ultro:
969 2360 1114 2407 tanta
1151 2358 1205 2405 in
1236 2355 1495 2420 Deiphobo
1535 2354 1798 2403 detrimen·

0 2399 89 3226 {a
109 2435 276 2484 torum
315 2435 534 2499 corporis
575 2435 866 2484 deformitas
903 2433 1026 2491 fuit,
1077 2434 1135 2479 ut
1173 2431 1303 2478 hunc
1350 2430 1472 2479 civis
1511 2431 1674 2489 notuS,
1713 2427 1798 2476 ad-

230 2610 256 2649 6
287 2606 356 2650 rei
376 2605 420 2650 V
444 2609 518 2662 (ex
539 2609 607 2650 set
628 2602 874 2660 archetypi
883 2607 920 2659 9)
943 2602 1021 2647 secl
1045 2615 1158 2646 corr.
1177 2600 1248 2645 ed.
1341 2603 1369 2644 8
1399 2600 1535 2644 etiam
1559 2611 1647 2642 om.
1665 2598 1737 2641 ed.

112 2669 167 2708 12
199 2665 269 2710 dii
296 2665 490 2723 suffiunt
518 2665 666 2709 alnme
695 2662 751 2708 V.
868 2665 923 2705 14
954 2661 1048 2706 alio
1078 2674 1164 2717 pro
1195 2661 1298 2704 alvo
1328 2658 1383 2703 V.
1499 2661 1552 2702 17
1585 2661 1728 2702 metus
1765 2654 1799 2699 V

109 2724 244 2768 timor
274 2723 352 2768 ed.'
448 2727 503 2768 19
535 2723 736 2768 incidere
765 2721 808 2765 V
840 2734 954 2765 corr.
980 2719 1052 2764 ed.
1161 2724 1215 2763 22
1246 2733 1293 2763 se
1430 2717 1450 2760 i
1480 2715 1534 2760 V.
1562 2716 1569 2775 Ι
1604 2715 1800 2760 troianis

92 2780 154 2827 'V
183 2796 296 2827 corr.
323 2782 395 2828 ed.
423 2783 432 2841 Ι
465 2795 569 2840 erqo
599 2795 688 2827 om.
714 2780 787 2825 ed.
916 2783 972 2823 25
996 2778 1276 2836 priamidem
1371 2775 1459 2829 ed„
1491 2778 1542 2820 at
1570 2777 1718 2829 8‚295
1748 2773 1798 2817 in

109 2841 302 2899 interpr.
328 2841 450 2886 -dm
550 2845 607 2885 26
631 2839 872 2886 crudeliter
888 2864 944 2871 —
962 2842 1018 2882 29
1042 2838 1164 2883 ultro
1195 2851 1284 2882 om.
1302 2835 1374 2880 ed.
1390 2837 1512 2892 pout.
1604 2836 1660 2877 29
1691 2832 1799 2878 inde

109 2913 219 2945 cum
255 2914 337 2945 sex
372 2899 472 2946 fere
505 2899 772 2945 litterarum
802 2912 823 2941 s
860 2897 958 2942 atio
981 2896 1024 2940 V
1055 2897 1106 2940 in
1132 2894 1369 2952 Deiphobo
1399 2892 1579 2950 scripsi,
1610 2905 1698 2937 om.
1724 2889 1796 2936 ed.

201 2963 258 3004 30
288 2960 430 3016 asinis
457 2958 501 3002 V
530 2964 572 3004 et
602 2958 764 3014 affinis
793 2970 818 3001 e
856 2992 865 3001 .
