2014 3226
773 182 1075 226 AENEIDos
1109 182 1150 226 V
1703 186 1810 237 497

114 324 364 370 constaret
402 322 599 370 falsitas
640 338 699 368 ex
731 338 810 382 eo,
853 323 895 369 si
935 323 1035 370 alio
1075 325 1296 384 tempore
1338 325 1584 370 mortuam
1625 323 1811 371 diceret

113 398 273 443 visam
313 410 416 444 esse
455 396 534 443 vel
582 395 819 443 auditam.
898 398 1050 443 refert
1095 398 1199 443 iam
1238 397 1377 444 velut
1415 396 1642 444 mandati
1682 413 1812 445 sum—

112 486 267 517 mam:
322 473 477 530 errat,
528 470 716 530 inquit,
772 471 926 517 vestri
978 473 1224 518 tractatus
1276 472 1514 530 intentio,
1564 487 1664 518 non
1713 472 1812 518 alia

113 543 253 592 vobis
285 559 436 605 quam
467 544 588 591 haec
620 546 754 591 terra
787 542 1006 603 debetur,
1047 544 1234 592 frustra
1267 544 1426 592 adhuc
1458 545 1810 608 peregrinandi

69 634 89 667 5
115 618 384 679 suscipitur
436 617 599 678 labor,
653 618 734 665 hic
794 617 1078 679 quaerenda
1132 621 1207 666 est
1263 619 1412 667 Troia
1464 619 1553 666 ubi
1607 619 1812 667 Troiani

113 691 298 754 reperti
339 695 456 739 sunt
494 693 639 739 cives.
713 691 936 753 quaerite
968 692 1060 740 hoc
1093 692 1354 755 significat,
1397 694 1516 754 quia
1549 692 1680 754 quod
1711 708 1807 740 non

114 767 372 826 quaeritur
403 781 502 813 non
532 767 700 827 potest
731 765 968 813 inveniri:
1008 765 1119 813 ideo
1145 766 1236 814 hoc
1259 768 1442 828 posuit,
1482 767 1613 828 quod
1643 767 1811 828 potuit

113 839 211 886 dici
235 839 371 901 quid,
412 839 452 886 si
486 855 585 887 non
615 838 931 887 invenietur?
965 841 1137 887 contra
1164 840 1236 887 ait
1267 841 1345 888 hic
1377 843 1544 902 potest
1583 842 1812 902 quaesita

113 929 430 977 consurgere3
469 913 550 961 hic
590 913 722 961 enim
753 913 893 961 vobis
927 917 1001 961 est
1033 913 1220 962 domus.
1292 930 1320 962 o
1354 915 1664 962 commodum
1698 930 1810 962 con-

45 1004 89 1038 ιο
113 987 281 1035 silium
320 987 467 1048 vatis,
508 1004 536 1035 o
576 987 697 1036 civis
738 987 1020 1034 veneranda
1058 988 1306 1036 consulta!
1354 988 1651 1050 loquebatur
1690 988 1811 1050 quid

113 1061 243 1110 effici
283 1063 570 1110 conveniret
609 1062 659 1109 et
697 1077 796 1123 qua
834 1062 919 1109 via
956 1063 1124 1123 posset
1162 1063 1344 1123 inpleri
1390 1077 1490 1110 non
1529 1062 1701 1123 dubia,
1753 1065 1811 1110 ut

111 1135 216 1183 fieri
258 1136 397 1197 solet,
437 1135 523 1183 sed
562 1138 737 1197 aperta
775 1136 970 1183 ratione
1010 1136 1339 1184 monstrabat.
1415 1135 1681 1184 videbatur
1718 1136 1810 1184 illa

110 1210 242 1258 faces
266 1210 391 1257 mihi
421 1209 725 1257 flammantis
758 1209 947 1270 offerre,
979 1212 1036 1257 ut
1066 1210 1349 1258 ostenderet
1380 1211 1593 1258 miseriis
1626 1211 1808 1259 nostris

30 1319 34 1323 .
112 1283 259 1331 aliter
303 1285 524 1346 prospici
571 1299 627 1331 ac
673 1283 926 1346 provideri
971 1299 1071 1331 non
1117 1299 1282 1346 posse:
1344 1299 1430 1332 uec
1475 1286 1624 1332 tantis
1669 1299 1809 1333 mora

41 1374 84 1408 15
99 1358 360 1419 prodiyiis‚
400 1373 460 1406 cu
505 1361 733 1418 quattuor
775 1373 894 1406 arae
924 1358 1168 1418 Neptuno,
1206 1359 1324 1406 deus
1360 1360 1463 1418 ipsc
1508 1360 1639 1418 faces
1686 1361 1794 1407 wm'·
1811 1364 1896 1404 640

107 1447 334 1492 mumque
357 1434 630 1480 ministrat:
669 1434 969 1480 concurrunt
992 1431 1319 1494 probamenta
1343 1432 1459 1479 fidei
1499 1434 1548 1480 et
1580 1433 1807 1480 veritatis

107 1506 459 1568 supplementa
497 1521 597 1554 non
629 1506 829 1567 desunt3
868 1506 1099 1554 incendia
1131 1506 1315 1569 quippe
1347 1507 1552 1554 navium
1585 1507 1806 1570 cogitan-

107 1579 241 1629 tibus
282 1595 420 1628 sacer
457 1581 589 1643 ignis
631 1582 860 1628 occurrit.
938 1580 1082 1628 offert
1122 1596 1234 1628 aras
1282 1582 1388 1642 ipse
1428 1581 1692 1643 Neptunus
1732 1582 1807 1628 in-

106 1653 301 1715 plendis
340 1654 485 1702 rebus
526 1654 824 1718 porrigendo
864 1654 1220 1716 substantiam3
1262 1671 1377 1702 nam
1415 1657 1610 1702 nostros
1643 1670 1673 1702 a
1705 1654 1807 1702 suis

14 1753 17 1767 ι
39 1744 85 1779 oo
106 1729 271 1791 regnis
303 1728 534 1790 prohibet
567 1731 719 1790 atque
746 1730 881 1776 arcet
906 1744 1140 1777 accessus.
1203 1728 1294 1776 fiat
1317 1744 1434 1791 ergo
1461 1743 1575 1775 cum
1600 1728 1806 1776 deorum
1860 1742 1861 1745 ’

106 1804 224 1850 voto
265 1802 401 1864 quod
440 1802 640 1863 dicitur,
679 1802 770 1850 fiat
810 1802 942 1864 quod
973 1804 1106 1851 vatis
1137 1805 1310 1851 tantae
1348 1802 1598 1864 praedixit
1637 1806 1806 1851 aucto-

105 1877 230 1924 ritas
271 1878 321 1924 et
358 1877 565 1924 numina
611 1876 895 1939 praesentia
941 1877 1291 1939 probaverunt.
1369 1878 1485 1925 hacc
1530 1889 1806 1925 memorans

97 1951 272 2010 prima
309 1951 558 2010 infensum
596 1953 647 1999 vi
678 1952 882 2012 corripit
910 1952 1070 2012 ique‘m
1108 1952 1396 2011 sublataque
1426 1952 1604 2010 procul
1635 1951 1806 1999 dextra

107 2026 284 2073 conixa
306 2029 528 2073 coruscat
558 2029 601 2073 et
629 2027 772 2074 iacit:
809 2041 871 2072 ne
897 2025 1228 2073 Troianorum
1252 2025 1468 2072 feminae
1494 2025 1553 2072 de
1578 2024 1804 2073 faciendo

11 2113 83 2149 2-25
105 2099 187 2147 vel
232 2115 333 2147 non
378 2099 604 2147 faciendo
651 2101 952 2160 tractarent,
1000 2099 1167 2147 omnia
1214 2099 1567 2161 disputationis
1614 2100 1806 2148 incerta

106 2172 201 2220 Iris
239 2174 564 2235 praeveniens
596 2174 765 2237 ignem
794 2174 973 2236 prima,
1013 2173 1131 2221 dum
1168 2173 1407 2235 loquitur,
1446 2173 1617 2235 rapuit
1655 2173 1804 2220 simul

25 2243 32 2249 ”
105 2248 158 2295 et
187 2247 339 2295 misit.
410 2247 632 2295 subitum
664 2249 797 2295 enim
829 2263 886 2296 ac
917 2248 1234 2310 repentinum
1267 2262 1370 2295 esse
1402 2246 1641 2295 debuerat
1672 2247 1804 2309 quod

106 2320 368 2383 displicere
399 2321 610 2369 forsitan
642 2321 809 2384 potuit
841 2323 892 2369 et
923 2321 1121 2369 obiectu
1153 2320 1562 2369 contradictionis
1595 2321 1802 2370 excludi.

107 2399 323 2443 arrectae
352 2397 531 2444 mentes
561 2397 927 2456 stupefactaque
958 2396 1107 2443 corda
1129 2395 1379 2443 Iliadum:
1417 2396 1679 2457 stupuerat
1709 2395 1803 2444 hoc

29 2459 84 2519 ἰο
106 2469 239 2516 facto
277 2469 623 2518 universarum
660 2484 812 2517 menS.
881 2470 958 2518 hic
988 2484 1093 2517 wna
1124 2483 1180 2517 ex
1209 2470 1390 2526 multis,
1429 2484 1554 2530 quac
1583 2471 1802 2517 maxima

25 2545 36 2605 -ζ
104 2547 249 2599 natu,
293 2543 476 2604 Pyr-90,
531 2546 597 2592 tot
633 2544 826 2592 Priami
869 2547 1099 2591 natorum
1144 2545 1281 2604 reyia
1317 2545 1512 2592 nutrix:
1565 2542 1787 2591 dicturus
1804 2546 1892 2587 645

108 2632 165 2664 ex
204 2617 378 2665 multis
417 2618 575 2666 solam
612 2617 820 2665 insidias
861 2618 1070 2666 sensisse
1117 2616 1254 2665 dedit
1293 2618 1340 2665 ei
1378 2633 1436 2666 ex
1477 2617 1657 2665 aetatis
1698 2631 1801 2663 ma-

20 2711 32 2742 a
107 2691 318 2739 turitate
342 2690 674 2753 prudentiam,
712 2693 771 2739 ut
803 2694 972 2739 autem
996 2690 1150 2754 digna
1172 2690 1426 2740 videretur
1451 2706 1579 2753 quae
1601 2690 1802 2738 deberet

24 2764 30 2789 ‘
109 2763 293 2826 audiri,
347 2766 540 2826 nutrix,
593 2766 783 2827 inquit,
829 2764 928 2812 fuit
972 2764 1283 2814 infinitorum
1332 2764 1551 2813 filiorum
1597 2763 1801 2823 Priami,

227 2939 252 2978 3
292 2941 450 2981 errant
486 2935 573 2978 LR
609 2949 643 2977 n
682 2947 783 2991 exp.
824 2934 860 2978 L
890 2934 934 2978 11
963 2948 1087 2980 man.
1119 2950 1154 2981 r.
1309 2939 1364 2978 13
1404 2935 1570 2990 afferre
1608 2933 1680 2977 ed..

39 3056 41 3058 Ι
106 2997 163 3037 23
188 2995 343 3051 primo
373 2994 428 3039 R.
579 2997 637 3038 30
668 3008 691 3038 e
721 2994 879 3040 multis
909 2994 982 3039 ed.

195 3077 293 3110 Don.
318 3077 475 3117 interpr.
492 3077 606 3118 Vorg.
642 3077 717 3109 vol.
733 3077 765 3110 Ι.
1387 3071 1442 3110 32
