2014 3226
183 170 290 222 288
652 168 881 211 DONATI
912 167 1192 211 INTERPR.
1227 166 1405 211 VERG.

182 312 432 372 praesenti
463 310 541 356 vel
572 308 741 355 futura
780 310 1059 355 narrantur.
1125 309 1389 354 mutandae
1420 306 1579 354 sedes:
1618 307 1874 355 suffecerat

183 386 274 431 hoc
314 385 469 431 solum
513 383 715 442 dixisse,
754 384 810 428 ut
850 382 998 428 sciret
1037 380 1134 428 sibi
1174 396 1276 430 esse
1316 380 1655 443 migrandum,
1703 381 1875 428 dicunt

182 462 349 504 tamen
397 472 596 504 causam
642 470 731 502 nec
779 470 942 515 suam,
997 455 1083 502 sed
1129 454 1379 516 Apollinis
1434 469 1537 502 esse
1592 456 1872 502 iussionem.

183 532 312 592 quod
359 534 414 577 ut
461 531 704 589 nosceret,
757 543 855 575 nori
901 530 1037 584 haec,
1092 530 1350 590 inquiunt,
1398 529 1483 576 tibi
1528 528 1674 576 litora
1717 530 1876 576 suasit

184 606 356 652 Delius
410 608 495 651 aut
545 603 712 651 Cretae
764 604 910 650 iussit
954 603 1198 650 considere
1243 601 1433 662 Apollo.
1513 617 1622 650 ecce
1667 602 1767 649 iam
1816 618 1874 649 ex
1919 618 1938 651 5

184 682 355 739 aperto
402 678 458 724 fit
506 678 705 736 certior,
760 692 821 723 ne
867 691 1064 724 rursum
1110 680 1373 724 vexaretur
1418 676 1641 738 incertis,
1698 678 1747 723 et
1799 677 1875 723 in-

183 753 409 799 sinuatur
455 752 589 813 regio
637 750 846 811 imperio
895 750 999 797 eius
1046 752 1096 798 et
1133 753 1443 812 posterorum
1483 749 1873 798 successionibus

184 826 350 872 debita
383 825 451 872 sic
483 825 726 872 instructa
758 827 807 871 et
838 825 986 885 plena
1017 824 1302 872 narratione
1335 825 1610 886 perspicua,
1643 827 1699 871 ut
1730 839 1873 871 voca·

183 899 329 958 bulis,
370 899 539 962 signis,
572 898 820 946 uberrimo
859 898 1079 946 locorum
1112 898 1226 959 situ,
1257 898 1532 945 incolarum
1565 898 1874 958 fortitudine,

182 973 387 1020 decursa
440 988 634 1033 quoque
688 973 998 1020 saeculorum
1051 974 1273 1019 omnium
1328 972 1517 1034 origine
1571 972 1873 1034 signaretur:
1900 987 1943 1020 ιο

183 1051 247 1094 est
286 1048 431 1101 loeus,
464 1047 759 1106 Hespere‘am
793 1046 920 1094 Grai
959 1048 1235 1106 eoynomine
1273 1048 1453 1100 dieunt,
1485 1049 1617 1093 terra
1656 1046 1873 1105 antiqua,

95 1124 361 1179 165poterzs
393 1122 547 1167 armis
579 1124 719 1179 atque
748 1121 892 1168 ubere
919 1121 1098 1179 ylebae.
1165 1120 1358 1167 Oenotri
1389 1121 1573 1167 comere
1602 1121 1712 1175 viri,
1744 1135 1875 1168 nime

180 1196 318 1253 fama
371 1197 580 1241 minores
633 1194 838 1241 Italiam
892 1196 1074 1242 dixisse
1128 1194 1265 1241 ducis
1319 1195 1377 1242 cle
1429 1195 1622 1242 reomiiie
1672 1196 1871 1254 yentem.

182 1284 331 1329 quam
377 1269 536 1315 multa
583 1268 716 1316 dicta
763 1271 878 1315 sunt
923 1268 1116 1330 paucis!
1165 1268 1249 1316 sed
1286 1268 1408 1316 haec
1446 1270 1664 1316 veterem
1702 1270 1874 1315 tenent

181 1342 402 1389 ordinem
446 1358 626 1390 rerum.
704 1344 912 1391 veniunt
958 1342 1135 1389 dehinc
1183 1341 1246 1389 ad
1293 1358 1402 1389 eam
1448 1344 1644 1403 partem
1681 1342 1734 1389 in
1775 1357 1873 1403 qua
1898 1356 1963 1390 15·

181 1417 334 1464 falsus
374 1416 615 1463 Anchises
663 1417 824 1464 simile
866 1416 1086 1477 quidem,
1134 1416 1219 1464 sed
1258 1432 1358 1464 non
1396 1416 1726 1463 necessarium
1766 1431 1871 1462 sen-

181 1493 325 1550 serat,
364 1493 420 1537 ut
460 1490 773 1538 ostenderent
811 1506 911 1538 non
949 1490 1198 1552 Apollinis
1237 1491 1291 1537 in
1330 1505 1479 1537 causa
1517 1491 1755 1551 responsi,
1789 1489 1873 1538 sed

180 1564 555 1625 interpretantis
596 1579 758 1612 errore
798 1564 982 1612 laboris
1021 1565 1168 1611 vacui
1198 1565 1379 1612 vitium
1413 1580 1515 1612 esse
1549 1565 1871 1611 contractum.

179 1639 269 1685 hae
306 1639 445 1685 nobis
474 1640 713 1697 propriae
750 1639 907 1686 sedes:
949 1638 1072 1690 bene
1111 1638 1348 1699 inquiunt
1385 1638 1478 1685 hae
1517 1638 1683 1699 nobis,
1723 1653 1872 1699 supra

181 1713 310 1758 enim
349 1712 576 1759 dixerant
615 1715 701 1772 „tu
738 1713 935 1760 moenia
974 1714 1168 1776 magnis
1206 1727 1390 1775 magna
1427 1710 1595 1773 para“.
1666 1714 1716 1759 et
1753 1712 1872 1774 quia
1897 1726 1950 1758 20v

179 1801 412 1846 responso
451 1785 714 1834 tenebatur
751 1802 910 1847 „quae
955 1801 1043 1834 vos
1091 1786 1153 1834 ab
1201 1787 1355 1847 stirpe
1401 1788 1664 1848 parentum
1710 1786 1872 1847 prima

179 1859 298 1906 tulit
335 1860 483 1908 tellus
524 1860 697 1907 eadem
734 1876 821 1908 vos
860 1859 1010 1908 ubere
1047 1860 1180 1908 laeto
1222 1859 1434 1921 accipiet
1471 1859 1696 1920 reduces,
1744 1859 1870 1907 anti-

182 1949 328 1993 quam
392 1935 635 1994 exquirite
695 1936 908 1982 matrem
917 1933 967 1994 “,
1027 1934 1156 1982 hanc
1215 1935 1411 1996 partem
1470 1933 1872 1982 manifestissime

182 2007 429 2055 disserunt
474 2007 712 2056 dicentes:
766 2009 879 2056 hinc
915 2009 1194 2056 Dardanus
1239 2011 1374 2055 ortus
1411 2008 1675 2067 Iasiusque
1710 2010 1871 2068 pater,

177 2095 329 2140 aerius
361 2095 393 2128 a
424 2095 516 2140 quo
538 2083 765 2141 principe
793 2085 1026 2129 nostrwm.
1076 2082 1167 2130 hos
1199 2081 1372 2130 dicunt
1401 2081 1455 2129 in
1478 2081 1629 2130 Italia
1661 2083 1869 2146 genitos,
1894 2094 1939 2130 25
1979 2131 1987 2143 .-

181 2153 266 2201 sed
303 2153 489 2201 Iasium
527 2157 767 2217 temporis
807 2156 1126 2217 antiquioris:
1164 2158 1326 2203 mater
1365 2171 1481 2218 ergo
1521 2155 1673 2203 Italia
1712 2158 1787 2203 est
1821 2157 1872 2203 et
1984 2145 1985 2154 ¹

180 2229 392 2275 maiores
438 2227 598 2277 Iasius
646 2231 696 2277 et
740 2229 1026 2291 Dardanus,
1081 2245 1111 2277 a
1158 2245 1255 2291 quo
1301 2229 1527 2278 Dardani
1581 2229 1703 2278 dicti
1755 2231 1872 2277 sunt

182 2301 398 2349 Troiani.
473 2315 617 2363 swrye
661 2318 750 2363 aye
797 2307 840 2351 et
882 2305 999 2352 haee
1044 2304 1198 2352 laetus
1245 2305 1473 2364 longaevo
1512 2305 1641 2352 dicta
1670 2303 1872 2364 parenti

95 2379 179 2418 170
195 2376 316 2423 haut
358 2375 630 2424 dubitcmda
674 2378 818 2436 refer,
861 2375 1123 2438 Corythum
1168 2381 1416 2437 terrasque
1456 2379 1676 2438 requirat
1710 2376 1871 2425 Auso-

179 2450 314 2504 nia&
360 2449 568 2498 Dictaea
619 2454 762 2510 πεῖραί
806 2452 894 2499 tibi
938 2453 1164 2511 Iuppiter
1209 2467 1356 2500 arva:
1416 2451 1566 2511 refer,
1619 2450 1890 2513 inquiunt,

181 2522 314 2584 patri
344 2524 447 2584 tuo,
479 2524 559 2571 cui
590 2525 907 2586 antiquitatis
931 2526 1092 2587 perito
1119 2541 1175 2573 ac
1198 2525 1293 2574 tali
1315 2541 1415 2574 non
1438 2527 1737 2574 convenerat
1753 2524 1872 2573 falli

299 2681 325 2720 3
357 2691 543 2722 causam
567 2691 649 2722 ‘nec
670 2679 766 2723 iam
788 2681 868 2724 sed
890 2679 978 2723 LR
1008 2695 1045 2725 e.
1069 2695 1115 2725 η.
1139 2695 1273 2726 suam
1293 2695 1329 2726 s.
1354 2695 1378 2724 r
1407 2694 1444 2724 e.
1469 2685 1511 2724 et
1533 2680 1605 2724 ed.
1705 2685 1732 2724 5
1764 2693 1868 2724 eon-

179 2736 329 2781 sedere
351 2736 439 2780 LR
463 2750 576 2781 corr.
602 2751 637 2782 r.
732 2742 787 2782 10
816 2739 1078 2796 siynaretwr
1100 2739 1188 2783 LR
1210 2740 1282 2784 ed.
1306 2741 1541 2798 siqnetuoe?
1625 2743 1681 2783 12
1713 2739 1871 2790 enutri

180 2795 428 2839 LR.13
459 2797 650 2840 minoris
679 2795 779 2840 LR.
873 2802 927 2841 21
961 2799 1019 2842 ab
1050 2812 1140 2844 om
1165 2798 1253 2842 LR
1283 2813 1313 2843 a
1342 2798 1461 2843 red.
1551 2802 1608 2842 24
1640 2798 1871 2843 disserunt
1923 2813 1927 2816 ·

179 2853 267 2897 LR.
295 2854 515 2899 dixerwnt
544 2854 616 2899 ed.
708 2859 764 2899 26
796 2861 862 2900 est
883 2869 971 2900 om
990 2857 1062 2901 ed.
1154 2861 1211 2901 29
1242 2858 1448 2914 requirat
1470 2857 1557 2900 LR
1586 2858 1764 2913 require
1794 2856 1866 2901 ed.

268 2917 323 2956 31
357 2915 439 2970 qui
467 2915 763 2970 antiquitatis
789 2917 948 2960 merito
978 2917 1121 2961 aetati
1150 2916 1238 2960 LR
1268 2916 1350 2961 edI
1387 2917 1465 2962 cui
1495 2931 1538 2960 a.
1571 2930 1628 2960 m.
1660 2919 1807 2960 aetate
1843 2929 1871 2959 r

179 2985 307 3027 quem
338 2987 380 3016 a.
405 2987 462 3017 m
487 2978 530 3018 et
559 2977 704 3019 aetate
736 2973 831 3018 edF
862 2975 939 3018 eui
968 2989 1011 3019 a.
1038 2977 1187 3032 perito
1219 2989 1275 3020 ac
1303 2977 1390 3020 tali
1418 2988 1517 3020 nos.
