2014 3226
779 138 1083 181 AENEIDOS
1116 139 1135 180 I
1734 139 1799 190 31

114 281 279 340 Aeoli,
321 279 673 338 Troianorum,
712 278 968 340 penatium
1009 279 1268 338 victorum,
1308 278 1530 338 Veneris,
1570 278 1802 339 Helenae,

113 354 319 414 Paridis,
352 352 615 414 Deiopeae,
644 354 740 400 loci
772 355 975 414 propter
1006 352 1333 401 mobilitatem
1371 352 1617 414 Tyrrheni
1651 354 1803 400 maris

114 432 162 476 et
207 427 383 478 Italiae
434 427 826 488 proximitatem,
882 428 1118 488 temporis
1173 442 1313 486 vero,
1369 443 1427 472 ne
1482 426 1803 487 multiloquio

112 505 325 551 tractum
357 503 553 563 tempus
586 502 976 562 oportunitatem
1009 500 1219 548 nocendi
1251 503 1599 562 corrumperet.
1667 500 1802 548 deni-

56 597 90 629 ‚5
114 591 207 637 que
246 575 462 622 breviter
496 574 620 622 Iuno
662 574 960 622 desiderium
1000 591 1143 623 suum
1182 578 1443 635 prosecuta
1482 576 1571 635 est,
1603 574 1802 622 brevius

111 649 367 711 respondit
405 649 588 696 Aeolus
630 652 680 696 et
718 648 949 710 promisit
988 649 1229 697 effectum.

222 723 360 772 Haec
402 724 482 770 ubi
521 724 650 770 dieta
689 725 738 770 et
778 726 942 770 cetera
973 739 1100 784 quae
1134 725 1430 784 sequuntur:
1471 722 1564 770 hoc
1597 726 1684 783 est,
1718 722 1804 769 ubi

110 799 232 845 Iuno
267 801 317 845 et
347 797 532 845 Aeolus
564 797 685 844 haec
718 796 961 857 dixerunt,
995 798 1160 858 coepit
1190 796 1375 844 Aeolus
1399 796 1534 845 iussa
1558 796 1802 858 conplere,

113 888 236 934 quae
275 873 476 918 fuerunt
515 872 656 919 haec:
695 872 861 918 incute
901 872 1004 918 vim
1043 871 1206 919 ventis
1237 870 1616 932 submersasque
1650 871 1802 918 obrue

49 966 89 1000 ι.
111 947 291 1009 puppis
333 948 383 993 et
421 945 598 993 dissice
647 961 855 1007 corpora
894 948 1047 1007 ponto
1088 948 1175 992 aut
1215 961 1305 1008 age
1353 943 1587 993 diversos.
1664 947 1802 1006 pate-

110 1022 230 1068 fecit
259 1019 417 1083 igitur
448 1020 635 1067 exitum
666 1021 828 1067 ventis
861 1022 911 1067 et
940 1019 1186 1081 plurimos
1218 1019 1366 1067 simul
1399 1021 1547 1080 atque
1580 1019 1803 1067 diversae

110 1097 334 1154 naturae,
365 1094 458 1142 hoc
489 1096 564 1141 est
595 1094 899 1141 contrarium
938 1093 1104 1142 flantis
1145 1096 1295 1155 atque
1327 1094 1651 1156 inpugnant-is
1684 1108 1803 1153 sese,

37 1200 44 1206 -
110 1170 228 1216 fecit
274 1167 428 1228 exire,
475 1170 531 1215 ut
578 1167 957 1232 confligentibus
1004 1167 1136 1215 inter
1188 1183 1240 1216 se
1293 1167 1524 1215 fluctibus
1575 1167 1802 1230 regendis

110 1242 319 1290 navibus
368 1242 630 1290 consilium
677 1258 775 1293 non
823 1244 1111 1304 suppeteret
1157 1244 1206 1289 et
1253 1241 1510 1289 deficiente
1556 1241 1803 1290 industria

46 1335 87 1369 ιε,
110 1317 306 1364 facilius
345 1317 699 1380 mergerentur,
737 1316 911 1364 mersis
950 1316 1160 1364 navibus
1199 1331 1408 1399 corpora
1439 1315 1801 1364 dissicerentur.

112 1395 200 1438 aut
247 1406 339 1454 age
385 1390 604 1439 diversos
643 1390 826 1452 inpleri
863 1406 964 1438 non
1002 1392 1182 1452 posset,
1222 1391 1322 1438 nisi
1359 1389 1511 1451 venti,
1554 1392 1611 1436 ut
1650 1405 1803 1452 supra

111 1465 296 1513 dictum
344 1467 440 1525 est,
487 1464 823 1528 inpugnantes
871 1480 976 1513 sese
1023 1464 1259 1513 discretos
1307 1465 1548 1512 Troianos
1594 1480 1684 1525 per
1730 1463 1802 1511 di-

111 1555 253 1588 versa
284 1539 629 1586 distraherent.
701 1538 914 1601 denique
948 1541 1021 1587 ait
1050 1540 1309 1587 incubuere
1339 1540 1470 1586 mari
1500 1540 1740 1598 totumque
1770 1554 1803 1586 a

110 1614 304 1662 sedibus
341 1615 456 1661 imus·
492 1629 597 1661 una
635 1614 900 1672 Eurusque
937 1613 1188 1673 Notusque
1225 1615 1379 1661 ruunt
1408 1614 1661 1672 creberque
1682 1627 1800 1672 pro-

44 1705 89 1741 80
113 1688 242 1735 cellis
281 1685 500 1747 Africus.
578 1689 636 1734 ut
681 1688 832 1735 simul
879 1688 1227 1749 conplerentur
1266 1703 1392 1748 quae
1432 1687 1556 1734 Iuno
1596 1686 1802 1734 manda-

111 1762 272 1821 verat,
321 1762 530 1809 accessit
576 1762 639 1809 ad
685 1761 977 1811 violentiam
1023 1763 1177 1810 maris
1217 1761 1430 1809 aliorum
1469 1777 1666 1823 quoque
1706 1761 1802 1809 ele-

109 1838 388 1887 mentorum
442 1835 731 1897 plenissima
783 1835 1116 1898 perturbati03
1180 1835 1307 1883 dixit
1358 1835 1541 1898 quippe
1589 1837 1803 1895 eripimzt

109 1911 265 1958 subito
304 1911 456 1958 nubes
487 1910 764 1969 caelumque
795 1911 1014 1969 diemque
1048 1911 1343 1958 Teucrorum
1374 1924 1430 1958 ex
1460 1910 1625 1964 oeulis,
1654 1913 1801 1969 ponto

110 1998 206 2033 nox
243 1985 443 2031 incubat
481 1987 605 2032 atra.
671 1983 793 2031 haec
830 1984 950 2032 solis
982 1984 1183 2032 Teucris
1217 1983 1500 2032 acciderant
1531 1986 1581 2031 et
1610 1985 1663 2030 in
1695 1983 1801 2032 solo

25 2068 90 2127 Ἴμε
111 2059 239 2106 mari
284 2059 484 2106 fuerant
529 2057 773 2106 tenebrae.
852 2058 1078 2106 confusio
1127 2059 1310 2120 quippe
1357 2058 1713 2107 elementorum
1752 2059 1803 2106 et

113 2134 275 2182 taetra
321 2132 487 2196 pelagi
533 2132 684 2181 facies
733 2132 1005 2181 sustulerat
1050 2132 1181 2180 diem
1221 2132 1450 2180 Troianis
1499 2134 1550 2180 et
1596 2132 1800 2180 caelum.

38 2236 42 2238 v
70 2206 74 2210 ’
112 2205 447 2266 conf-mitur,
483 2205 666 2268 inquit,
712 2221 824 2254 cum
861 2206 1078 2254 tenebris
1118 2205 1238 2267 dies,
1278 2205 1590 2254 subtrahitur
1626 2207 1716 2255 lux
1753 2208 1803 2254 et

30 2299 48 2313 ν
111 2279 285 2329 alienis
323 2280 628 2342 temporibus
667 2295 763 2328 nox
801 2281 1069 2343 inportune
1107 2280 1341 2341 succedit,
1371 2297 1433 2328 ne
1466 2282 1638 2329 contra
1669 2280 1803 2329 mala

111 2353 316 2416 reperiri
363 2355 624 2402 consilium
670 2356 850 2416 posset.
929 2354 1141 2417 eripitur
1186 2354 1400 2415 caelum,
1446 2357 1504 2403 ut
1550 2370 1700 2415 quam
1747 2355 1803 2402 in

230 2544 256 2582 2
290 2540 488 2596 eiopeiae
518 2539 606 2582 LR
637 2553 751 2584 corr.
782 2554 819 2583 r.
936 2545 962 2583 5
987 2544 1230 2596 prosecuta
1261 2544 1324 2583 est
1354 2539 1389 2582 L
1417 2553 1489 2596 pr.
1523 2544 1564 2583 et
1594 2539 1636 2582 R
1667 2539 1739 2583 ed.

22 2640 24 2645 .
51 2612 65 2633 ³<
113 2601 142 2641 ⁶
169 2599 407 2655 respondet
437 2598 508 2643 ed.
693 2603 716 2642 7
749 2605 791 2644 et
820 2604 967 2644 cetera
996 2613 1114 2656 quae
1140 2603 1396 2655 sequuntur
1423 2611 1573 2654 usque
1604 2597 1665 2642 ad
1695 2611 1799 2654 per-

110 2657 228 2712 flant
262 2657 481 2714 pertinet.
663 2663 692 2703 8
726 2659 838 2703 haec
874 2657 963 2702 LR,
999 2659 1083 2705 hoc
1118 2657 1191 2702 cd.
1377 2662 1430 2702 11
1463 2663 1505 2703 et
1544 2671 1633 2702 om.
1668 2657 1740 2702 ed.

71 2734 73 2737 ·
113 2719 169 2759 15
198 2717 356 2762 mersis
385 2716 474 2761 LR
502 2722 546 2762 et
574 2731 632 2761 m.
665 2717 736 2762 ad.
885 2721 938 2761 17
970 2717 1186 2763 discretos
1221 2717 1447 2762 Troianos
1475 2716 1563 2762 LR
1599 2716 1675 2761 Tr.
1707 2715 1799 2762 dis-

69 2775 74 2779 ’
110 2781 284 2831 ooo-ptos
314 2775 424 2820 edF.
576 2781 633 2820 20
663 2776 859 2831 Asticus
887 2776 994 2821 finis
1024 2775 1262 2821 lemmatis
1291 2775 1380 2819 LR
1416 2789 1504 2820 nec
1542 2775 1802 2832 quidquam

111 2832 307 2880 ulterius
345 2834 608 2892 explicatur
644 2849 795 2892 usque
833 2835 895 2880 ad
934 2837 1149 2892 eripiunt.
1303 2839 1359 2879 27
1392 2840 1434 2879 et
1463 2834 1552 2879 LR
1579 2848 1638 2880 ex
1666 2834 1738 2880 ed.

71 2931 74 2933 Α
113 2895 170 2938 28
200 2907 307 2995 ’ἔστι
334 2893 546 2997 ΒὲΒηοη
575 2909 599 2938 r
629 2909 723 2997 noir
753 2894 827 2942 ed,
876 2897 885 2952 Ι
940 2901 1100 2940 contra
1131 2896 1255 2940 ηιαῑα
1285 2893 1372 2937 La
1415 2899 1480 2938 tot
1509 2893 1731 2950 interpoa.
1761 2908 1800 2939 r.

231 2956 257 2996 9
290 2957 341 2997 ut
488 2959 531 2999 et
558 2958 613 2998 ut
642 2966 668 2998 e
704 2989 713 2997 .

1833 1620 1888 1658 85
