2014 3226
200 168 310 220 490
668 167 901 211 DONATI
932 167 1211 211 INTERPR.
1247 168 1424 212 VERG.

201 305 233 369 [
229 310 432 367 infensi,
473 309 606 367 facta
637 309 830 367 pariter
867 323 999 354 nunc
1027 321 1154 366 pace
1192 306 1449 368 feruntur]
1457 326 1473 355 .·
1521 309 1787 370 aliquando
1829 311 1893 357 si-

202 382 393 429 mulata
431 382 552 444 fuga
591 382 913 429 vertebantur
953 383 1199 430 conversis
1247 381 1396 428 lentis
1447 383 1649 443 spiculis
1688 383 1781 430 hoc
1821 387 1894 431 est

200 456 454 515 mollibus⁷
506 455 692 502 nudato
741 455 885 503 dorso
935 448 1038 520 (hic
1086 457 1217 502 enim
1271 456 1577 518 fugientibus
1625 471 1730 503 mos
1780 451 1892 523 est),

202 529 468 590 aliquando
525 530 659 576 facta
712 544 833 590 pace
887 529 1176 576 remeabant
1231 530 1508 579 concordes.
1593 531 1686 578 hoc
1741 546 1894 593 genus
1946 571 1958 579 x

202 603 483 650 certaminis
516 603 798 664 pyrrhicam
832 604 1027 662 vocant,
1058 603 1110 649 in
1143 619 1242 664 qua
1274 604 1403 650 inest
1434 605 1718 652 verisimilis
1750 605 1896 669 ratio,
1940 621 1960 654 5

204 678 286 724 sed
326 677 468 724 bellis
508 679 637 724 veris
686 679 735 725 et
781 676 984 739 proeliis
1031 678 1320 724 necessaria.
1400 677 1610 739 denique
1660 679 1897 739 quicquid

201 752 304 798 illic
346 752 537 813 geritur
575 751 786 798 militari
826 750 1034 798 artificio
1075 750 1270 812 proficit
1318 753 1366 798 et
1407 754 1579 812 aperto
1621 753 1894 799 certamini.
1991 801 1993 811 ,

202 841 309 872 ecce
348 826 460 887 ipsi,
502 824 618 871 dum
658 825 854 886 ludunt,
893 825 1073 871 faciem
1112 825 1300 872 imitati
1332 827 1448 872 sunt
1487 825 1606 873 belli
1636 841 1766 873 nunc
1806 843 1895 873 nu·
1989 825 1994 887 ξ

202 899 374 946 dantes
414 901 555 962 terga
593 899 686 946 hoc
727 901 802 946 est
839 899 978 946 velut
1014 899 1067 945 in
1116 899 1287 960 fugam
1325 899 1479 960 versi,
1527 914 1657 946 nunc
1705 900 1896 961 spicula
1964 893 1995 964 fi

202 974 475 1032 exerentes,
515 989 646 1020 nunc
685 974 820 1021 facta
859 988 981 1034 pace
1021 974 1072 1019 in
1114 972 1429 1020 concordiam
1467 973 1743 1021 redeuntes.
1821 974 1896 1020 in·
1920 975 1984 1023 ιαθῖἶ.

201 1047 337 1094 ducit
376 1047 688 1108 parabolam,
742 1049 798 1094 ut
838 1047 1067 1095 ostendat
1108 1062 1206 1108 qua
1254 1047 1532 1095 subtilitate
1582 1063 1740 1108 quave
1789 1050 1894 1095 arte
1957 1022 1986 1113 ξ’

200 1122 343 1182 pueri
388 1122 442 1168 in
487 1121 677 1169 ludicro
726 1123 993 1169 certamine
1043 1123 1092 1167 et
1137 1121 1438 1185 imaginaria
1485 1137 1655 1184 pugna
1701 1121 1896 1170 ordines
1963 1112 1986 1200 ᾖ.

201 1195 429 1242 duxerint
469 1198 518 1243 et
558 1197 887 1256 expresserint
924 1196 1203 1256 veritatem,
1243 1196 1487 1258 fregerint
1524 1195 1700 1255 flexus,
1751 1196 1896 1243 colle·
1962 1204 1981 1250 ³5

201 1268 366 1332 gerint
404 1269 536 1317 orbis
584 1271 634 1316 et
687 1269 884 1317 ordines
930 1284 1130 1316 rursum
1175 1285 1531 1331 numerumque
1570 1269 1896 1318 confuderint.
1967 1271 1977 1289 '

200 1346 255 1390 ut
284 1344 543 1402 quondam,
575 1345 755 1405 inquit,
784 1342 927 1391 C'reta
957 1344 1115 1403 fertur
1144 1343 1483 1403 Labyrinthus
1513 1345 1568 1390 in
1598 1344 1701 1390 alta
1730 1346 1898 1403 parie—
1922 1333 1995 1408 1stle

112 1422 198 1462 590
215 1418 342 1465 tibus
382 1420 558 1464 textum-2
607 1420 759 1466 caecis
803 1419 893 1464 iter
939 1419 1290 1477 ancipitemque
1342 1417 1474 1465 mille
1526 1418 1619 1464 viis
1672 1418 1898 1466 habuisse

201 1492 381 1547 dolum,
420 1507 517 1552 qua
555 1494 700 1551 siqna
730 1493 961 1551 sequendi
991 1492 1240 1551 franqeret
1268 1493 1590 1552 indeprensus
1623 1495 1665 1539 et
1695 1494 1896 1540 inreme-
1989 1500 1993 1505 ’

201 1566 346 1614 abilis
387 1580 547 1613 error:
583 1567 703 1614 haut
741 1567 882 1613 aliter
925 1566 1164 1613 Teucrum
1201 1567 1307 1613 nati
1345 1567 1546 1626 vestigia
1579 1580 1727 1613 cursu
1764 1567 1898 1626 inpe-

201 1641 344 1687 diunt
388 1643 643 1700 texuntque
689 1641 837 1701 fuqas
885 1642 926 1686 ct
956 1640 1150 1699 proelia
1195 1640 1326 1696 ludo,
1374 1640 1656 1699 delphinum
1701 1640 1896 1696 similes,

113 1720 198 1758 595
218 1716 300 1773 qui
352 1729 447 1773 per
500 1716 664 1762 maria
717 1715 889 1762 umida
949 1715 1115 1761 nando
1181 1712 1505 1773 Carpathium
1565 1713 1898 1774 Libycumque
1921 1729 1996 1763 ποι

201 1792 366 1836 secant
401 1785 698 1848 [luduntque
727 1803 821 1848 per
859 1786 1076 1848 undas]:
1122 1789 1172 1835 et
1209 1789 1415 1849 propter
1451 1787 1752 1849 Labyrinthi
1789 1803 1897 1850 per·

201 1862 371 1923 plexas
410 1863 606 1910 viarum
644 1863 829 1910 formas
879 1864 928 1909 et
965 1863 1171 1923 propter
1216 1861 1463 1910 ludicrum
1511 1863 1758 1909 certamen
1797 1861 1898 1910 del-

202 1935 467 1998 phinorum
492 1936 867 1984 similitudinem
901 1936 1057 1996 dedit3
1097 1951 1214 1983 nam
1244 1936 1548 1998 multiplices
1580 1935 1899 1984 ostenderant

201 2010 368 2073 flexus,
407 2014 465 2058 ut
508 2010 871 2072 Labyrinthum
908 2009 1196 2058 viderentur
1233 2009 1420 2057 imitati
1461 2012 1510 2056 et
1549 2009 1897 2071 delphinorum

203 2084 449 2131 laetitiam
488 2084 898 2148 demonstrarent,
938 2083 1131 2145 quibus,
1172 2099 1286 2131 curn
1324 2085 1378 2131 in
1416 2084 1692 2145 tranquillo
1732 2084 1898 2148 pelagi
1920 2075 1978 2142 zi„

205 2158 399 2219 ludunt,
437 2158 564 2206 nihil
604 2160 679 2206 est
718 2159 923 2221 gratius.
999 2158 1127 2205 hunc
1171 2173 1352 2206 morem
1391 2172 1564 2205 cursus
1604 2161 1746 2217 atque
1783 2159 1898 2206 haee

203 2234 469 2280 certamina
507 2234 706 2292 primus
745 2230 1017 2287 Ascanius,
1057 2231 1285 2292 Lonqam
1333 2233 1490 2279 muris
1536 2246 1646 2279 cum
1692 2233 1900 2292 cinqeret
1944 2217 1979 2271 Τ

202 2303 406 2363 Albam,
452 2307 654 2363 rettulit,
706 2307 801 2354 hoc
841 2308 915 2354 est
955 2305 1147 2366 attulit,
1194 2305 1412 2354 ostendit
1459 2320 1516 2352 ac
1562 2305 1759 2366 docuit,
1805 2318 1896 2366 quo
1942 2303 1982 2370 ’Ῐξζῃ

112 2385 200 2425 600
209 2395 340 2440 puer
375 2381 480 2440 ipse
516 2381 678 2437 modo,
724 2395 885 2428 secum
923 2393 1015 2439 quo
1057 2379 1209 2428 Troia
1241 2380 1424 2439 pubes;
1472 2377 1660 2427 Albani
1697 2379 1897 2427 docuere

1992 1125 1995 1139 V

326 2510 348 2549 1
383 2506 556 2560 infensi
574 2532 627 2538 —
644 2507 861 2560 feruntur
892 2506 1024 2550 deest
1054 2505 1103 2548 in
1128 2505 1227 2559 LR,
1253 2505 1336 2548 sed
1368 2504 1632 2562 explicatur
1662 2504 1786 2560 (add.
1810 2503 1895 2558 ed.,
1945 2492 1973 2519 Τ·

204 2565 287 2608 sed
319 2565 490 2609 omisso
515 2565 697 2621 pariter
727 2567 776 2609 et
804 2566 1032 2619 fruuntur
1063 2564 1300 2621 scribens).
1395 2569 1420 2607 2
1455 2564 1513 2608 de
1546 2565 1679 2608 lentis
1707 2562 1897 2619 spiculis
1951 2559 1957 2606 i

202 2624 319 2668 Don.
359 2623 603 2668 fabulatur
641 2623 703 2667 ad
744 2628 783 2679 7,
818 2628 904 2667 164
943 2623 1178 2668 aberrans.
1333 2627 1358 2667 5
1398 2623 1657 2680 pyrrhicam
1699 2622 1786 2665 LR
1812 2620 1894 2666 ed.
1939 2623 1974 2683 ξ’ᾗ,

196 2685 419 2741 pyrrhica
448 2683 499 2726 in
528 2696 675 2740 marg.
709 2681 744 2726 r'
770 2683 1070 2740 pyrrhicham
1102 2681 1399 2727 scribendum
1430 2682 1628 2726 videtur.
1759 2685 1785 2724 6
1819 2679 1898 2725 sed

204 2742 291 2786 LR.
322 2743 394 2787 ed.
427 2747 469 2787 et
498 2742 674 2786 malim.
839 2746 863 2784 7
896 2742 1138 2786 certamini
1167 2741 1254 2784 LR
1285 2756 1361 2786 -ne
1393 2741 1463 2785 ed.
1627 2744 1683 2784 14
1713 2753 1896 2785 rua-sum
1943 2747 1985 2797 'vv

204 2815 293 2846 om.
319 2802 428 2846 edF.
554 2805 607 2845 17
638 2802 872 2859 franyeret
901 2800 987 2844 LR
1017 2801 1198 2856 falleret
1228 2800 1300 2845 ed.
1329 2803 1336 2857 Ι
1370 2801 1669 2857 indeprensus
1699 2799 1740 2842 R
1769 2798 1894 2843 inde·
1931 2794 1999 2851 ss'g'

196 2875 415 2916 praessus
453 2860 488 2903 L
527 2860 879 2917 indeprehensus
917 2860 988 2903 ed.
1175 2863 1228 2902 18
1267 2859 1457 2916 vestiyia
1501 2860 1607 2903 nati
1643 2871 1802 2903 cursus
1838 2855 1893 2900 R.
1960 2861 1978 2906 ,“;

294 2925 348 2964 21
384 2921 637 2975 luduntque
669 2933 754 2977 per
791 2920 942 2963 undas
983 2918 1114 2963 deest
1151 2918 1202 2962 in
1233 2918 1340 2974 LR,
1381 2918 1463 2962 sed
1502 2916 1776 2974 explicatur.
1936 2919 1973 2938 ²'‘

205 2983 261 3022 26
293 2993 457 3024 morem
489 2978 576 3022 LR
605 2993 662 3023 m.
695 2979 775 3022 hos
806 2977 914 3022 edF.
