2014 3226
185 148 293 200 552
655 146 886 191 DONATI
916 146 1197 191 INTERPR.
1231 146 1411 191 VERG.

185 304 334 350 quam
373 290 542 335 iurant
583 288 651 334 dii
691 288 961 349 plurimum
995 303 1104 334 eam
1134 289 1425 347 metuentes,
1465 303 1525 333 ne
1559 287 1664 334 eius
1698 287 1881 335 fallant

94 368 179 407 325
199 379 394 408 numen.
457 363 572 409 haee
610 364 767 409 omnis
807 376 953 420 Quam
991 363 1146 408 cernis
1181 363 1319 420 inops
1350 362 1696 420 inhumataque
1735 362 1881 409 turba

184 440 279 484 est:
317 437 538 496 ipsorum
579 438 651 483 est
690 435 838 482 turba
877 450 1004 496 quae
1043 434 1217 496 procul
1248 435 1509 496 repellitur
1540 436 1627 496 qui
1659 437 1775 482 sunt
1805 436 1878 481 in-

182 510 391 556 humati.
454 511 663 569 portitor
686 509 769 557 ille
797 508 1019 557 Charon:
1059 507 1254 556 Charon
1287 509 1469 556 dicitur
1501 509 1588 570 qui
1618 508 1877 570 portitoris

183 585 395 631 sustinet
449 599 631 630 curam.
724 584 774 630 111
824 597 942 642 91103
991 583 1119 630 vehit
1163 583 1300 631 unda
1345 583 1543 642 sepulti:
1614 584 1700 643 qui
1744 583 1878 630 unda
1922 599 1961 634 5.-

182 659 447 719 portantur
502 659 551 704 et
596 659 856 704 transeunt
905 656 1088 718 sepulti
1134 659 1262 704 sunt.
1339 657 1470 704 redit
1508 672 1705 704 rursum
1750 658 1878 704 inse-

182 732 440 792 pultorum
496 733 682 778 exitum
737 731 920 778 dicere:
981 745 1068 778 1166
1120 732 1259 790 ripas
1312 731 1460 778 datur
1511 731 1780 778 horrendas
1837 733 1882 778 et

182 819 336 853 rauca
390 806 574 864 fluenta
630 808 991 864 transportare:
1043 820 1142 852 non
1196 804 1316 852 licet
1368 805 1642 852 inhumatis
1697 820 1879 865 aquam

127 878 132 883 ’
183 879 331 926 istam
361 879 588 926 transire.
650 880 799 937 prius
838 894 986 938 quam
1028 878 1221 926 sedibus
1260 892 1372 926 ossa
1403 880 1643 938 quierunt
1680 878 1773 926 hoc
1806 882 1880 926 est

185 953 339 1000 donec
380 968 492 1000 ossa
530 955 754 1014 ipsorum
801 952 1073 1014 sepulchris
1121 952 1409 1000 condantur.
1487 956 1674 1000 eentum
1714 955 1881 1000 errant
1902 946 1983 1030 m}
2010 979 2011 983 =

94 1031 181 1071 330
200 1041 356 1074 annos
395 1028 690 1086 volitantque
719 1028 836 1075 haee
867 1027 1012 1074 litora
1050 1028 1244 1074 circum.
1317 1030 1418 1073 tum
1449 1027 1642 1074 demum
1673 1027 1880 1074 admissi
1954 1013 1985 1110 ¹}

181 1105 358 1161 stayna
406 1104 628 1161 eoeoptata
674 1102 914 1148 veiisunt:
967 1102 1154 1148 tractat
1198 1100 1452 1164 Vergilius
1506 1101 1879 1148 inhumatorum
1951 1128 1987 1236 ¹

1960 1261 1986 1317 l

1961 1330 1989 1401 }

182 1190 444 1236 corporum
495 1176 686 1223 animas
733 1174 942 1223 fluvium
986 1174 1200 1222 transire
1247 1191 1346 1222 non
1385 1189 1549 1236 posse,
1595 1174 1692 1222 nisi
1738 1175 1879 1236 prius

181 1249 491 1311 sepulturam
522 1249 708 1297 fuerint
740 1251 1046 1309 consecutae,
1087 1251 1137 1296 et
1160 1251 1327 1297 tantos
1353 1249 1460 1296 illic
1485 1264 1639 1297 annos
1665 1248 1874 1296 errando

181 1323 355 1370 ducere
397 1327 609 1385 quantos
650 1339 739 1371 sua
779 1337 988 1384 corpora
1027 1324 1132 1370 sine
1171 1322 1476 1370 humationis
1515 1323 1701 1370 honore
1741 1323 1962 1373 iacu-15

181 1399 323 1444 erint.
403 1397 532 1459 quod
563 1397 748 1445 idcirco
778 1396 1037 1458 praemisit
1067 1399 1231 1458 poeta,
1273 1399 1390 1458 quia
1419 1396 1624 1445 Aenean
1656 1397 1876 1444 dicturus

181 1473 256 1518 est
294 1471 488 1532 aliquos
526 1471 631 1518 illic
672 1471 960 1534 cognovisse
1001 1470 1059 1517 de
1101 1472 1200 1518 31113
1241 1486 1365 1533 quos
1404 1471 1611 1518 humare
1650 1486 1750 1518 non
1789 1486 1877 1532 po-
1959 1464 1989 1539 ssj!

178 1545 292 1592 tuit.
363 1547 568 1593 constitit
591 1544 812 1593 Anchisa
843 1549 981 1592 satus
1013 1548 1056 1593 61
1084 1547 1286 1606 0631191111
1302 1547 1487 1605 pressit
1507 1546 1663 1592 multa
1686 1547 1876 1628 putans
1957 1523 1991 1626 ‚3¹

179 1623 444 1678 sortemque
483 1621 646 1668 animo
685 1622 945 1667 miseratus
982 1621 1229 1679 iniquam:
1280 1619 1448 1667 dolens
1498 1634 1580 1667 603
1622 1634 1744 1681 quos
1782 1619 1877 1666 ini·
1956 1606 1991 1643 *⁴

181 1709 282 1754 qua
318 1693 442 1742 haec
481 1694 703 1742 condicio
750 1693 993 1742 tenuisset
1039 1693 1276 1741 constitit.
1355 1695 1506 1740 cernit
1553 1694 1621 1741 ibi
1666 1697 1873 1741 maestos
1897 1710 1932 1742 2

181 1771 224 1814 61
270 1770 438 1816 mortis
486 1769 663 1815 honore
713 1769 921 1816 carentis
966 1767 1263 1827 Leucaspim
1314 1771 1357 1815 et
1401 1767 1587 1828 Lyciae
1633 1767 1875 1814 duetorem
1948 1776 1951 1778 ’

180 1842 351 1889 classis
392 1841 641 1890 Orontem:
688 1841 958 1889 adsertioni
994 1841 1280 1890 huiusmodi
1325 1857 1424 1889 non
1463 1841 1725 1890 defuerunt
1762 1857 1876 1903 pro·
1968 1834 1974 1844 “

178 1916 434 1978 bamenta3
489 1915 617 1964 vidit
664 1916 846 1978 quippe
894 1916 998 1963 illic
1036 1914 1332 1977 Leucaspim
1379 1918 1427 1963 et
1467 1913 1706 1964 Orontem
1753 1930 1875 1976 quos

90 1994 177 2033 335
195 1993 402 2038 noverat
424 1991 723 2039 inhumatos
780 2004 898 2049 91103
920 1989 1069 2038 simul
1092 2005 1124 2038 a
1151 1990 1302 2037 Troia
1325 1992 1522 2038 ventosa
1536 2005 1632 2050 per
1662 2003 1876 2049 aequora

178 2067 333 2111 vectos
387 2065 547 2111 obruit
599 2068 764 2112 auster
817 2079 948 2123 aqua
1002 2062 1252 2111 involvens
1307 2077 1574 2124 navemque
1626 2063 2001 2124 virosque:

179 2137 273 2185 hoc
312 2137 501 2185 dictum
538 2138 661 2186 duas
700 2139 865 2185 tenuit
910 2153 1106 2198 causas,
1151 2153 1253 2185 una
1301 2139 1375 2186 est
1412 2139 1470 2185 ut
1507 2137 1763 2201 legentum
1799 2153 1875 2185 re-
1972 2132 1986 2186 ’.

179 2214 381 2259 vocaret
418 2213 472 2258 in
510 2211 801 2260 memoriam
842 2213 928 2274 qui
967 2213 1130 2259 essent
1174 2212 1263 2260 isti
1300 2212 1381 2260 vel
1419 2211 1506 2259 ubi
1546 2213 1635 2259 aut
1673 2211 1872 2273 quando

181 2287 268 2332 aut
315 2301 414 2347 qua
452 2285 503 2333 vi
548 2286 777 2334 interisse
823 2285 1134 2346 viderentur,
1189 2285 1348 2333 altera
1394 2301 1455 2333 ne
1504 2288 1630 2334 esset
1677 2285 1875 2334 Aeneae

179 2360 382 2420 vitium,
432 2359 564 2421 quod
610 2375 723 2408 suos
764 2350 1052 2421 Sepulturae
1089 2375 1189 2407 non
1227 2359 1530 2407 tradidisset.
1599 2358 1697 2420 ipsi
1744 2360 1873 2419 sunt,
1973 2411 1990 2426 Ὗ

178 2433 359 2494 inquit,
398 2448 521 2494 quos
554 2433 615 2480 ab
645 2433 754 2495 ipso
788 2435 1146 2496 separaverunt
1177 2449 1326 2482 saeva
1349 2433 1614 2497 naufragia
1644 2433 1872 2494 perinde·
1895 2447 1950 2482 ao.

302 2549 323 2586 1
358 2545 700 2601 plna-imumque
739 2553 837 2589 eam
874 2549 1083 2589 metuunt
1119 2544 1191 2588 ed
1345 2549 1370 2587 3
1407 2545 1488 2600 qui
1517 2549 1626 2588 sunt
1654 2543 1696 2587 V
1734 2557 1873 2599 quum
1957 2587 2004 2593 ,

178 2604 274 2647 sint
311 2603 382 2646 ed.
535 2607 649 2648 6-7
681 2604 1012 2660 insepultorum
1042 2604 1215 2648 exitum
1245 2603 1391 2648 dicere
1422 2603 1465 2646 V
1503 2604 1567 2648 ad
1595 2603 1875 2659 sepultorum

180 2664 353 2707 exitum
391 2662 634 2707 dicendum
672 2661 908 2708 sententia
945 2662 995 2706 in
1028 2662 1314 2707 contrarium
1345 2662 1607 2707 deformata.
1638 2661 1732 2706 ed.·
1779 2661 1873 2704 for·
1967 2662 1974 2666 ”

179 2723 307 2766 tasse
351 2722 490 2766 rediit
526 2737 563 2766 r.
603 2727 656 2766 ut
700 2722 916 2778 11136116.
959 2722 1126 2766 diceret
1162 2721 1238 2778 (cf.
1272 2723 1376 2779 510)
1543 2726 1598 2764 14
1640 2726 1792 2765 tantos
1815 2746 1872 2753 ——

182 2785 238 2823 15
270 2785 465 2838 quantos
495 2780 538 2824 V
567 2785 703 2825 tot—
721 2786 830 2848 quot
859 2780 930 2824 ed.
1070 2784 1126 2825 14
1157 2781 1355 2826 errando
1385 2780 1428 2825 V
1458 2781 1678 2826 errandos
1709 2779 1780 2823 ed.
1995 2836 1997 2838 ¹

181 2843 235 2887 21
269 2840 505 2896 leucaspin
533 2839 651 2884 item
680 2839 731 2883 in
754 2839 946 2896 interpr.
963 2839 1043 2884 V
1029 2855 1079 2884 m
1109 2839 1333 2884 lemmate
1357 2839 1548 2893 correxi,
1573 2839 1686 2896 quia
1710 2841 1876 2883 contra

179 2899 394 2942 metrum
517 2902 573 2942 26
606 2899 818 2966 legentem
847 2898 890 2942 V
922 2899 1085 2956 leyenti
1115 2899 1174 2943 ed
1220 2899 1441 2957 leyentum
1471 2912 1570 2953 1103,
1607 2911 1701 2953 qua
1731 2911 1875 2955 gene·
1962 2895 1988 2946 ·‘‚

180 2956 267 3000 tivi
298 2957 449 3001 forma
479 2957 533 3001 D
567 2971 707 3014 saepe
737 2957 900 3002 utitur.
1874 2974 1882 2982 ·
1979 2973 1983 2981 ·
