2014 3226
805 159 1110 204 AENEIDos
1143 161 1206 203 IV
1754 165 1860 215 375

168 300 360 347 Aeneas
399 301 452 347 in
491 299 581 346 illa
621 299 965 348 coniunctione
1005 317 1104 347 non
1144 301 1453 349 voluntatem
1494 302 1736 363 habuisse,
1778 304 1861 350 sed

168 376 271 421 vim
317 373 566 435 quandam
611 388 785 434 passus
834 388 938 420 esse
984 373 1256 422 videretur:
1310 374 1436 422 fiunt
1480 376 1617 423 velut
1657 378 1860 437 nuptiae

167 464 280 495 cum
317 447 627 508 turpitudine
675 448 811 493 omni
859 450 907 494 et
955 448 1151 495 volente
1192 448 1379 496 Iunone
1427 449 1559 497 solus
1598 451 1741 498 testis
1782 466 1860 496 ex-

167 523 276 569 titit
322 520 554 581 mundus,
602 520 935 581 nympharum
978 538 1171 583 quoque
1212 524 1351 570 festis
1391 523 1663 570 ululatibus
1703 526 1861 571 omnis

122 612 144 643 5
168 596 254 643 ille
293 596 429 642 locus
468 596 768 656 personavit.
839 595 920 642 ille
958 596 1059 643 dies
1090 598 1286 655 primus
1325 598 1403 644 leti
1433 599 1721 656 primusque
1759 614 1862 646 ma-

166 671 326 716 lorum
378 683 530 716 causa
578 669 687 726 fuit.
766 667 862 715 duo
917 672 1200 730 proposuit,
1256 686 1382 731 quae
1436 686 1493 718 ex
1547 687 1645 717 una
1700 677 1950 719 031133170

165 743 455 804 profiuxisse
493 742 803 803 videbantur,
843 742 1002 789 letum
1042 746 1091 790 et
1129 744 1284 791 mala:
1340 745 1510 804 letum,
1551 745 1668 806 quia
1708 761 1758 793 se
1799 745 1860 794 ob

167 834 277 865 eam
316 832 516 864 causam
548 816 678 864 Dido
717 817 986 877 interemit,
1024 817 1172 877 mala,
1214 818 1331 878 quia
1371 834 1427 866 ex
1468 819 1599 866 facto
1640 821 1775 880 turpi
1812 822 1862 866 et

166 891 427 939 inhonesto
475 889 723 938 contraxit
770 889 1112 938 detestabilem
1160 891 1346 938 famam
1386 909 1510 953 quae
1550 894 1681 939 inter
1719 909 1859 954 prae·

100 982 143 1014 10
168 965 339 1026 cipuas
386 965 617 1012 mulieres
666 965 913 1011 castitatis
968 966 1146 1012 merito
1194 967 1359 1026 potior
1406 965 1673 1013 dicebatur.
1752 981 1860 1014 ecce

166 1039 363 1086 Aeneae
409 1039 611 1086 fortuna
658 1040 708 1086 et
754 1038 1075 1086 consih'orum
1123 1040 1281 1087 exitus
1331 1055 1455 1101 quae
1499 1039 1674 1087 habuit
1713 1040 1860 1089 Iuno:

166 1113 283 1159 dum
330 1112 438 1161 vult
485 1127 602 1160 suae
647 1111 880 1173 prodesse
928 1115 976 1160 et
1017 1113 1274 1160 commoda
1313 1114 1486 1161 fulcire
1528 1112 1860 1177 Carthaginis,

164 1188 370 1234 Aenean
408 1202 525 1234 vero
566 1186 627 1234 ab
663 1186 844 1233 Italiae
883 1186 1111 1247 partibus
1152 1203 1397 1249 separare,
1437 1189 1507 1235 sic
1538 1187 1724 1235 Didoni
1762 1203 1860 1236 non

29 1318 36 1322 ι
165 1261 472 1323 coniugium,
520 1260 605 1309 sed
647 1261 883 1308 ultimum
920 1262 1207 1323 procuravit
1246 1261 1504 1308 interitum
1543 1277 1631 1308 nec
1670 1262 1860 1323 profuit

98 1351 140 1384 15
168 1333 462 1399 Carthagini
493 1337 542 1382 et
574 1335 826 1382 aemulum
858 1349 1003 1382 suum
1032 1337 1200 1382 tenere
1232 1351 1331 1383 non
1361 1336 1539 1396 potuit.
1606 1339 1661 1382 ut
1694 1338 1860 1384 autem

164 1408 427 1470 probemus
465 1409 558 1456 hac
598 1409 801 1457 ductam
839 1408 1116 1456 intentione
1155 1408 1416 1468 Iunonem,
1459 1411 1516 1456 ut
1554 1409 1757 1456 Aenean
1797 1409 1860 1457 ad

163 1483 366 1530 Italiam
411 1483 568 1530 nollet
605 1483 886 1545 pervenire,
931 1483 1236 1530 ostendimus
1276 1483 1435 1545 ipsam
1474 1482 1714 1531 Iunonem
1753 1498 1858 1531 sese

163 1557 438 1618 professam
492 1573 550 1605 ex
605 1556 795 1605 duobus
859 1557 1072 1604 alterum
1125 1557 1367 1617 voluisse,
1421 1557 1609 1605 scilicet
1661 1557 1858 1605 Aeneae

162 1631 321 1692 ipsius
374 1633 635 1678 interitum
681 1633 771 1678 aut
817 1631 922 1679 eius
971 1630 1032 1678 ab
1080 1631 1232 1678 Italia
1285 1630 1671 1693 separationem:
1733 1630 1860 1678 dixit

93 1721 140 1754 20
165 1705 297 1752 enim
330 1697 403 1771 (1,
431 1699 524 1772 38)
557 1720 676 1766 „nec
705 1720 850 1767 posse
882 1704 1034 1752 Italia
1063 1705 1363 1753 Teucrorum
1394 1706 1615 1752 avertere
1646 1703 1857 1768 regem“.

163 1779 280 1841 quia
326 1780 484 1843 igitur
528 1780 668 1827 iuxta
712 1778 984 1840 perniciem
1037 1779 1215 1827 salutis
1271 1781 1375 1826 eius
1423 1778 1548 1826 nihil
1594 1778 1859 1843 naufragia

162 1853 448 1915 valuerunt,
502 1853 634 1901 hunc
688 1853 750 1900 ab
796 1853 950 1901 Italia
1002 1853 1270 1915 praedictis
1324 1852 1580 1900 fraudibus
1635 1854 1857 1900 avertere

162 1927 429 1976 nitebatur.
494 1927 580 1975 ille
613 1927 716 1975 dies
748 1927 939 1989 primus
970 1927 1061 1975 leti
1097 1928 1385 1989 primusque
1423 1926 1671 1974 malorum
1711 1942 1859 1974 causa

162 2001 272 2050 fuit.
349 2016 501 2062 neque
547 2003 674 2049 enim
719 2003 873 2061 specie
917 2003 1114 2062 famave
1158 2003 1400 2048 movetur:
1452 2015 1564 2062 cum
1610 1999 1708 2048 duo
1746 2015 1857 2062 pro-

93 2089 138 2122 35
162 2076 408 2136 posuisset
455 2077 626 2124 exorta
673 2091 730 2123 ex
775 2075 865 2123 1110
914 2076 1068 2137 facto,
1121 2090 1321 2123 causam
1360 2075 1535 2122 mortis
1575 2075 1626 2121 et
1662 2076 1856 2136 turpem

160 2150 362 2211 famam,
402 2150 751 2212 praetermisso
791 2149 881 2197 leti
919 2165 1111 2212 genere,
1156 2147 1287 2210 quod
1324 2151 1499 2210 postea
1539 2150 1858 2196 consecutum

161 2225 250 2284 est,
290 2223 503 2272 secundo
543 2224 615 2272 310
652 2223 931 2285 respondit:
970 2239 1128 2285 neque
1168 2223 1301 2270 enim
1332 2222 1494 2284 specie
1526 2222 1722 2270 famave
1754 2236 1856 2269 mo-

159 2299 306 2345 vetur
357 2313 444 2345 nec
494 2298 597 2346 iam
656 2298 896 2357 furtivum
947 2297 1082 2345 Dido
1134 2296 1396 2344 meditatur
1456 2309 1696 2344 amorem:
1756 2310 1856 2343 non

162 2372 338 2434 specie,
369 2372 551 2434 inquit,
580 2371 877 2420 movebatur
908 2370 1111 2419 admissi
1146 2369 1367 2418 criminis
1406 2384 1495 2417 nec
1533 2369 1670 2418 mala
1706 2369 1853 2417 fama.

24 2456 33 2497 ἐ,
90 2459 138 2491 ao
160 2447 437 2506 coniuyium
460 2449 612 2502 vocat,
633 2445 720 2494 hoc
734 2446 978 2506 praeteoeit
998 2446 1192 2495 nomine
1215 2443 1424 2504 culpam,
1455 2443 1549 2492 hoc
1580 2444 1656 2491 est
1685 2443 1856 2490 matri·

280 2619 309 2658 4
338 2616 647 2672 nympharum
671 2641 728 2648 —
752 2619 780 2659 5
815 2614 1079 2672 personavit
1115 2627 1204 2658 om.
1238 2613 1310 2658 ed.
1467 2617 1491 2656 ‘1
1526 2612 1857 2669 profluxissent

159 2673 232 2718 ed.
261 2677 269 2729 Ι
295 2673 568 2719 videbantur
599 2688 688 2718 om.
713 2673 786 2718 ed.
908 2677 935 2717 8
966 2673 1139 2718 malum
1171 2673 1241 2717 ed.
1367 2677 1421 2716 12
1452 2672 1626 2730 fulyere
1655 2670 1743 2714 LR
1773 2669 1855 2715 edI

157 2733 326 2787 fulcire
354 2732 390 2777 r'
422 2734 570 2788 fovere
601 2733 711 2778 edF.
837 2737 892 2776 13
924 2732 987 2778 ad
1016 2731 1104 2775 LR
1133 2733 1191 2777 ab
1223 2747 1258 2775 r.
1392 2735 1445 2775 16
1477 2731 1771 2776 intentionem
1802 2728 1851 2772 L.

255 2796 307 2835 17
347 2806 437 2837 0330
467 2792 555 2836 LR
585 2792 657 2838 ed.
695 2806 788 2838 3030
824 2805 931 2845 nos;
977 2790 1035 2836 cf.
1070 2794 1155 2835 176
1195 2793 1243 2835 et
1281 2795 1323 2845 5,
1347 2794 1448 2835 837.
1601 2791 1655 2832 18
1685 2788 1855 2833 scilicet

160 2849 250 2894 LR
285 2864 344 2896 30.
377 2856 462 2896 aut
498 2851 571 2896 ed.
755 2855 810 2896 25
855 2855 908 2894 ut
946 2856 1123 2907 turpem
1161 2849 1249 2894 LR
1287 2848 1368 2894 edI
1412 2854 1454 2893 et
1492 2852 1522 2892 t.
1562 2861 1586 2890 r
1624 2846 1733 2891 edF.

160 2913 218 2952 26
251 2916 451 2956 secutum
482 2910 553 2955 ed.
737 2914 791 2954 27
825 2909 1062 2966 respondet
1092 2909 1164 2954 ed.
1311 2968 1313 2970 η
1340 2912 1396 2953 30
1429 2907 1739 2952 amatr-emonii
1769 2904 1855 2948 LR

160 2982 188 3013 ο
219 2967 310 3013 del.
341 2983 366 3012 r
396 2985 425 3013 a
455 2985 512 3015 m.
547 2969 620 3014 ed.
