2014 3226
779 169 1081 213 AENEIDOS
1114 169 1154 211 11
1716 171 1815 222 173

125 325 308 372 parere.
387 309 468 355 vix
515 310 734 370 positum
781 311 955 357 castris
996 310 1337 371 simulacrum,
1385 327 1548 359 arsere
1588 327 1816 358 coruscae

124 382 390 430 luminibus
431 383 658 429 flammae
699 384 916 431 arrectis.
980 384 1071 430 hoc
1103 383 1334 444 primum,
1366 385 1546 446 inquit,
1579 385 1816 432 indicium

122 457 406 504 iracundiae.
463 471 581 503 suae
636 456 774 503 dedit
828 460 1128 504 commotum
1176 460 1254 504 tot
1301 459 1565 506 sceleribus
1614 474 1817 517 numen3

121 547 233 578 mox
282 531 414 576 enim
458 532 514 577 ut
553 532 660 577 eius
700 531 1021 578 simulacrum
1060 530 1111 577 in
1153 533 1329 579 castris
1370 535 1446 580 est
1483 534 1721 594 positum,
1760 549 1815 579 ex

39 627 42 630 ⁴
78 622 97 653 5
123 605 278 667 0011113
303 604 589 651 inanimalis
615 606 854 652 materiae
879 604 1108 651 flammae
1133 621 1232 652 non
1256 606 1405 666 leves,
1431 607 1516 654 sed
1541 608 1592 652 in
1617 605 1816 654 modum

122 678 346 725 fulminis
380 674 720 725 mittebantur.
778 678 900 726 dicit
932 678 1085 726 etiam
1116 679 1383 726 secundum
1414 681 1612 742 signum
1636 680 1817 728 salsus-

121 768 215 814 que
263 768 351 813 per
398 755 534 799 artus
582 752 732 799 sudor
770 753 844 799 iit.
924 752 1073 799 sudor
1113 769 1171 799 ex
1211 754 1475 801 simulacro
1516 771 1614 801 non
1653 757 1817 815 potest

122 826 377 887 profluere,
418 826 513 872 nisi
554 841 664 873 cum
706 825 896 887 aliquid
935 827 1056 873 mali
1096 827 1425 887 portenditur.
1504 830 1711 875 tertium
1754 830 1816 875 si-

123 916 274 962 gnum
305 903 479 960 terque
510 901 621 961 ipsa
654 901 758 947 solo
794 894 1046 965 (mirabile
1083 894 1243 966 dictu)
1286 903 1502 951 emicuit.
1565 902 1658 950 hoc
1698 918 1816 962 quo-

57 991 98 1023 1o
123 990 216 1035 que
255 973 363 1020 fieri
401 990 501 1021 non
539 974 721 1034 potuit⁷
761 977 819 1020 ut
850 989 900 1021 se
933 978 1152 1021 moveret
1185 976 1505 1023 simulacrum
1538 976 1616 1023 0111
1648 976 1818 1023 deerat

122 1047 401 1095 substantia
441 1063 540 1109 qua
577 1047 629 1094 id
661 1050 830 1109 posset
860 1047 1065 1110 inplere,
1098 1048 1196 1096 nisi
1228 1064 1340 1096 011111
1371 1050 1615 1111 pernicies
1648 1050 1818 1111 aliqua

120 1121 582 1183 praenuntiabatur.
642 1137 965 1183 parmamque
996 1123 1158 1170 ferens
1190 1123 1484 1185 hastamque
1525 1126 1818 1171 trementem

123 1198 356 1257 quartum
395 1197 591 1258 signum
634 1198 1008 1258 gravissimum,
1055 1198 1324 1258 perniciem
1364 1197 1618 1245 evidenter
1656 1200 1818 1245 osten-

122 1269 263 1330 dens3
324 1285 442 1316 nam
489 1284 539 1316 se
586 1270 780 1318 hostem
828 1272 897 1317 sic
944 1271 1169 1332 professa
1216 1274 1291 1318 est
1338 1271 1572 1334 erigendo
1623 1274 1819 1319 scutum

29 1359 98 1392 15
122 1344 415 1405 hastamque
458 1344 767 1426 'quassandQ
815 1344 948 1406 quod
994 1360 1094 1392 non
1140 1345 1261 1392 facit
1308 1345 1511 1407 aliquod
1567 1346 1820 1393 simulacri

121 1433 327 1478 numen,
372 1418 471 1465 11131
518 1434 627 1465 011111
679 1419 831 1465 alicui
871 1419 1200 1466 comminatur
1237 1420 1510 1467 interitum.
1590 1420 1818 1480 conplet-o

123 1507 178 1539 eo
220 1492 353 1553 quod
390 1492 552 1540 iussus
594 1494 670 1539 est
700 1492 878 1552 dicere,
912 1508 1038 1554 quae
1068 1493 1261 1556 religio,
1293 1494 1472 1554 incipit
1503 1495 1613 1555 quis
1647 1496 1820 1540 auctor

122 1581 363 1626 exponere
419 1569 467 1613 et
524 1582 621 1627 quo
677 1567 859 1614 molem
920 1567 1048 1614 hanc
1111 1566 1324 1615 inmanis
1388 1569 1505 1628 equi
1566 1566 1818 1616 statuere?

121 1639 302 1701 quidve
356 1638 571 1701 petunt?
648 1642 899 1700 extemplo,
953 1642 1142 1702 inquit,
1195 1642 1476 1701 temptanda
1522 1643 1643 1701 faya
1689 1643 1821 1690 eamt

25 1717 99 1762 ‘20
122 1728 335 1773 aequora
377 1712 582 1761 Calchas
619 1728 707 1762 nec
735 1728 884 1774 posse
914 1713 1158 1775 Aryolicis
1199 1716 1387 1763 excindi
1416 1716 1658 1775 Peryama
1674 1750 1680 1759 .
1697 1715 1818 1764 telle.

121 1789 286 1835 omina
331 1789 386 1835 ni
430 1791 650 1847 repetant
685 1787 838 1848 Aryis
883 1804 1157 1849 numenque
1202 1790 1437 1837 reducant
1484 1790 1612 1848 quod
1642 1791 1818 1850 ‚pela‘oo

123 1865 165 1909 et
195 1863 357 1909 curvis
386 1876 546 1909 seeum
577 1877 777 1910 avexere
807 1865 1006 1910 carinis.
1055 1867 1098 1911 et
1127 1878 1258 1910 nanc
1289 1863 1416 1922 quod
1438 1865 1637 1923 patrias
1667 1868 1803 1912 vento
1824 1867 1909 1905 180

113 1937 295 1995 petiere
340 1937 601 1996 DIyeenas,
657 1952 801 1984 arma
846 1939 1049 1998 deosque
1085 1941 1278 1997 parant
1322 1939 1514 1986 comites
1551 1939 1820 1998 pelayoque

120 2023 337 2058 remenso
375 2011 615 2070 -inprovm‘
653 2011 875 2066 adermzt,
906 2013 979 2059 ita
1010 2007 1186 2071 differet
1215 2013 1380 2059 omina
1415 2011 1635 2060 Calchas.
1694 2013 1820 2060 hane

26 2084 100 2131 &125
115 2097 212 2143 pro
258 2083 487 2131 Palladio
534 2086 727 2140 ruz-oniti,
767 2099 861 2144 pro
906 2087 1106 2133 numine
1156 2086 1285 2133 laeso
1334 2087 1543 2145 effeyiem
1591 2089 1818 2141 statuere,

122 2159 266 2217 nefas
311 2173 434 2218 qaae
482 2159 614 2205 triste
649 2160 826 2218 piaret.
903 2160 1028 2208 hane
1074 2163 1235 2207 tamen
1281 2161 1554 2207 inmensam
1595 2159 1803 2208 Calchas
1823 2163 1901 2202 18
1894 2177 1906 2199 ›

125 2232 336 2279 attollere
374 2233 546 2278 molem
581 2233 836 2280 roboribus
875 2235 1012 2281 textis
1050 2233 1272 2293 caeloque
1312 2234 1508 2282 educere
1546 2235 1711 2290 iussit,
1756 2249 1818 2281 we

72 2344 75 2347 ,
123 2306 275 2365 recipi
305 2308 465 2366 portis
505 2310 591 2353 aut
628 2307 742 2354 daei
779 2309 834 2354 in
869 2309 1062 2355 moenia
1090 2311 1258 2367 posset
1292 2322 1390 2355 nea
1417 2309 1661 2368 populum
1692 2309 1818 2356 anti-

32 2439 43 2443 γ’
125 2393 222 2437 qua
260 2380 349 2426 sab
387 2380 616 2440 religione
654 2382 792 2428 tueri.
850 2379 1171 2429 Calchantem
1203 2381 1392 2430 adserit
1428 2385 1595 2430 vatem
1634 2383 1819 2430 laesam

30 2453 104 2536 980
126 2452 271 2500 deam
309 2453 372 2501 ab
410 2453 560 2517 Argis
599 2453 663 2502 ad
696 2455 898 2503 Troiam
934 2457 1161 2505 revocari
1197 2456 1412 2516 iussisse,
1444 2459 1502 2503 ut
1540 2456 1820 2504 ostenderet

128 2527 237 2588 quis
284 2530 470 2575 auctor.
547 2528 671 2576 dicit
726 2529 879 2576 etiam
933 2529 1115 2591 quidve
1167 2531 1369 2591 petunt,
1422 2530 1516 2578 hoc
1570 2532 1646 2578 est
1700 2530 1820 2591 quid

127 2600 414 2662 disponant:
469 2605 518 2649 et
563 2617 694 2650 1111110
739 2603 870 2664 quod
915 2605 1107 2664 patrias
1153 2605 1303 2652 vento
1342 2603 1531 2665 petiere
1569 2603 1834 2672 Mycenas„

247 2747 273 2783 3
305 2747 569 2787 commotam
602 2743 636 2785 L
650 2743 688 2785 R
718 2758 821 2788 eam
852 2749 961 2788 esset
990 2758 1026 2788 c.
1060 2744 1131 2787 ed.
1286 2748 1312 2786 6
1343 2745 1551 2799 flaminis
1582 2743 1616 2786 L
1630 2743 1671 2786 R
1703 2756 1818 2787 corr.

127 2814 151 2843 1·
181 2800 251 2844 ed.
387 2807 436 2844 11
470 2806 571 2858 post
602 2802 638 2844 L
662 2817 700 2858 p
731 2802 773 2844 R
798 2808 947 2858 posset
975 2817 1000 2845 r
1030 2803 1101 2847 ed.
1239 2808 1292 2847 13
1323 2804 1643 2860 yravissimam
1673 2802 1728 2845 R.

132 2863 184 2902 1‘1'
218 2860 347 2904 iasa-3
379 2860 469 2903 LR
498 2862 625 2905 visus
655 2862 725 2904 ed.
888 2865 944 2905 20
976 2875 1057 2906 ‘nec
1086 2861 1172 2905 LR
1203 2875 1299 2906 ‘non
1330 2863 1402 2906 ed.
1554 2866 1608 2904 21
1643 2863 1750 2919 aryi
1779 2861 1821 2904 R

74 2928 79 2932 ·
129 2920 256 2976 aryis
283 2933 319 2962 r.
481 2923 536 2962 22
570 2920 789 2964 adveoeere
818 2921 860 2963 R
890 2919 994 2977 ipse
1024 2934 1139 2965 corr.
1168 2943 1219 2957 =
1246 2921 1282 2964 L
1313 2922 1417 2965 adv.
1450 2920 1523 2965 ed.
1676 2925 1731 2963 27
1764 2935 1820 2964 ne

129 2977 272 3033 recipi
302 2978 389 3021 LR
419 2992 508 3022 neu
538 2993 575 3023 r.
610 2979 681 3023 ed.
804 2985 860 3023 32
893 2993 982 3036 quo
1012 2979 1098 3023 LR
1129 2981 1250 3037 quod
1281 2995 1315 3023 r.
