2014 3226
825 180 1127 225 AENEmos
1161 182 1200 224 v
1755 190 1852 239 471

178 334 289 366 cum
329 318 406 366 his
447 321 574 365 esset
615 321 850 378 armatus,
891 336 986 367 non
1027 323 1193 369 tamen
1233 339 1386 384 parva
1427 325 1589 371 extitit
1631 329 1861 374 certantis

179 393 358 455 gloria,
409 391 540 452 quod
587 394 759 438 contra
800 393 1006 441 Alciden
1056 389 1300 459 (faciendo
1343 398 1526 444 cerebri
1566 402 1860 447 mentionem

178 465 395 513 ostendit
442 467 491 512 et
538 466 830 528 sanguinem
877 466 934 513 de
983 470 1143 529 capite
1193 464 1369 535 fuisse)
1417 475 1547 518 stare
1595 488 1740 520 ausus
1790 482 1862 520 est

175 540 268 587 hoc
316 541 390 586 est
437 555 548 586 cum
587 539 760 586 Alcide
810 541 1100 588 contendere.
1149 546 1197 589 et
1243 560 1553 605 perseverare
1600 562 1752 606 usque
1801 548 1859 594 ad

130 628 152 661 5
177 615 400 660 mortem.
479 612 686 660 Alciden
736 629 844 660 cum
894 618 1291 675 pronuntiamus,
1340 635 1514 665 nomen
1562 621 1721 680 ipsum
1775 637 1861 681 pro

176 686 522 749 magnitudine
571 687 772 735 virtutis
821 689 924 735 eius
973 689 1202 737 debemus
1254 692 1498 739 extollere.
1576 693 1705 740 dicta
1762 711 1859 741 ma-

174 762 321 824 gistri
360 761 438 809 sui
475 759 622 808 laude
663 763 801 808 venit
840 762 992 808 etiam
1032 763 1093 809 ad
1133 779 1284 811 suam.
1349 766 1466 826 quid
1499 767 1644 825 enim,
1676 768 1715 814 si
1751 773 1862 828 post

174 835 300 882 talia
339 835 650 898 egregiorum
689 835 823 881 facta
861 837 967 896 ipse
1007 837 1132 884 nihil
1171 838 1322 901 gessit
1369 843 1454 885 aut
1500 839 1695 900 potuit?
1771 842 1860 890 leis.

177 910 270 968 ait,
319 923 399 969 eqo
445 912 635 956 suetus:
696 923 808 956 cum
855 909 976 956 dicit
1026 914 1213 971 suetus,
1262 913 1477 959 ostendit
1516 913 1589 959 his
1630 929 1678 960 se
1719 931 1860 962 usum

107 998 152 1030 10
178 998 281 1030 esse
328 983 626 1043 frequenter.
705 982 826 1030 dicit
866 985 915 1029 et
952 987 1147 1044 tempus
1188 988 1237 1032 et
1275 989 1476 1047 propter
1520 987 1860 1050 adrogantiam

175 1056 434 1104 vitandam
479 1057 582 1103 iam
629 1071 678 1104 se
728 1057 914 1105 adserit
953 1060 1190 1118 senuisse,
1238 1063 1293 1106 ut
1331 1076 1387 1106 ex
1427 1076 1482 1107 eo
1523 1061 1696 1121 probet
1737 1078 1872 1122 quae-

173 1131 367 1178 iuvenis
421 1131 616 1190 fecerit,
671 1145 782 1178 cum
835 1132 887 1177 in
941 1134 1190 1192 praesenti
1244 1136 1574 1181 contemneret
1620 1136 1859 1182 iuvenem.

175 1205 293 1252 dum
330 1204 500 1252 melior
537 1206 660 1252 viris
698 1207 902 1265 sanquis
942 1206 1111 1253 dabat:
1151 1206 1266 1253 dum
1298 1207 1473 1254 melior
1504 1209 1702 1270 sanguis
1735 1208 1846 1255 sub·
1864 1213 1950 1253 415

175 1279 494 1326 ministrabat
534 1293 776 1342 congruas
815 1278 950 1326 viris.
1013 1295 1122 1327 ecce
1161 1280 1377 1327 ostendit
1412 1283 1674 1330 senectutis
1706 1283 1861 1343 ipsius

107 1367 150 1400 15
175 1354 318 1401 testis
367 1367 514 1400 canos
562 1367 678 1400 suos
727 1351 931 1400 dicendo
980 1355 1173 1401 aemula
1219 1355 1422 1402 necdum
1460 1356 1750 1414 temporibus
1784 1371 1862 1416 ye-

174 1428 324 1474 miuis
371 1427 574 1475 canebat
618 1441 798 1486 sparsa
842 1431 1080 1475 senectus:
1137 1427 1254 1475 bene
1294 1429 1461 1489 posuit
1508 1429 1749 1475 aemulam
1790 1444 1860 1477 se-

175 1502 442 1560 nectutem,
483 1501 615 1561 quia,
655 1515 766 1547 cum
806 1501 932 1547 nihil
971 1504 1149 1562 potest,
1181 1501 1379 1548 videtur
1415 1501 1633 1550 invidere
1672 1503 1861 1550 virtuti.

174 1575 260 1622 secl
305 1576 351 1622 si
395 1577 565 1622 nostra
602 1575 766 1622 Dares
812 1575 929 1623 haec
969 1575 1146 1623 Troius
1192 1590 1334 1623 arma
1375 1579 1566 1623 recusat
1601 1577 1743 1635 idque
1773 1578 1861 1635 pio

175 1649 305 1696 sedet
341 1647 560 1704 Aeneae,
597 1649 780 1708 probat
825 1652 992 1697 auctor
1030 1647 1247 1697 Acestes:
1300 1650 1570 1697 necessarie
1617 1649 1709 1696 hoc
1754 1649 1861 1697 loco

105 1738 152 1770 20
175 1723 316 1784 pium
354 1722 558 1770 Aenean
597 1722 745 1783 dixit,
794 1724 910 1784 quia
950 1722 1009 1770 de
1048 1723 1205 1771 salute
1245 1723 1456 1770 hominis
1496 1721 1754 1786 agebatur,
1801 1738 1861 1770 ne

175 1797 444 1859 iniquitate
491 1796 775 1844 certaminis
821 1812 1018 1858 pressus
1065 1797 1302 1844 interiret.
1382 1799 1431 1843 et
1475 1795 1566 1844 hoc
1620 1795 1863 1857 adprobat

178 1872 331 1918 etiam
369 1870 596 1918 Acestes:
654 1873 907 1918 auctorem
946 1870 1092 1931 dixit,
1131 1871 1249 1932 quia
1286 1872 1394 1932 ipso
1434 1869 1662 1917 hortante
1703 1871 1861 1917 fuerat

176 1946 431 1993 excitatus,
507 1959 766 2005 aequemus
795 1959 1010 2005 paquas,
1047 1945 1227 2004 Erycis
1264 1945 1350 1992 tibi
1388 1947 1522 2004 terqa
1560 1945 1767 1992 remitto:
1806 1946 1862 1990 ut

174 2018 378 2067 remotis
426 2018 673 2067 caestibus
721 2034 843 2080 quos
883 2018 1109 2066 Entellus
1155 2017 1433 2080 protulerat
1478 2017 1602 2065 alios
1649 2019 1863 2064 sumeret

105 2107 151 2140 25
178 2094 265 2154 qui
311 2092 542 2154 aequales
591 2108 695 2141 esse
741 2092 1029 2154 potuissent.
1105 2093 1233 2139 solve
1276 2094 1454 2139 metus:
1505 2106 1624 2149 non,
1665 2091 1758 2149 ait,
1796 2094 1949 2138 te420

175 2168 275 2214 ista
313 2167 526 2214 formido
567 2167 855 2226 discruciet,
901 2166 987 2214 sed
1022 2168 1082 2213 ut
1120 2181 1210 2228 ego
1249 2164 1371 2212 istos
1413 2180 1663 2223 removeo,
1709 2165 1782 2211 ita
1819 2167 1863 2214 et

176 2244 230 2288 tu
271 2241 512 2288 Troianos
559 2255 676 2288 exue
721 2244 908 2288 caestus
918 2257 935 2297 ,·
987 2239 1189 2287 indutus
1236 2240 1365 2286 enim
1414 2237 1640 2285 manibus
1691 2237 1862 2285 aderat

175 2314 346 2363 Dares.
423 2315 540 2363 haec
584 2316 719 2375 fatus
766 2314 1004 2373 duplicem
1051 2327 1107 2362 ecc
1150 2314 1333 2360 umeris
1376 2313 1582 2371 proiecit
1633 2313 1861 2360 amictum

173 2392 221 2437 et
255 2403 460 2450 maquos
496 2389 822 2437 membrorum
859 2391 1011 2443 artus,
1041 2401 1223 2447 mayna
1260 2399 1373 2434 ossa
1409 2386 1700 2445 lacertosque
1734 2386 1862 2432 exuit

297 2519 323 2557 3
354 2515 498 2569 fuisse
527 2513 615 2558 LR
645 2514 833 2570 fluxisse
862 2527 886 2556 ι·
917 2512 987 2556 ed.
1129 2515 1244 2555 6-7
1275 2511 1486 2569 mayistri
1511 2511 1589 2556 eui
1617 2508 1689 2555 vel
1719 2514 1794 2554 sut
1825 2508 1860 2552 L

173 2574 386 2632 mayism
414 2573 457 2617 R
485 2575 809 2632 maqistroruan
839 2571 910 2616 ed.
1004 2577 1027 2614 7
1061 2571 1180 2615 enim
1210 2570 1298 2614 LR
1327 2571 1447 2614 enim
1477 2569 1640 2614 diceret
1669 2568 1741 2612 ed.

179 2636 235 2676 10
267 2646 357 2678 esse
387 2646 475 2677 om.
501 2632 555 2676 R.
698 2636 753 2675 12
784 2632 931 2687 ficeret
960 2629 995 2673 L
1026 2629 1197 2684 faceret
1227 2628 1315 2673 Ro
1347 2629 1539 2683 efficeret
1567 2626 1661 2671 HU
1692 2625 1763 2671 cd.
1794 2626 1859 2680 se·

175 2693 287 2736 cerit
315 2705 415 2736 nos.
539 2696 592 2735 17
627 2705 765 2736 canos
796 2690 838 2733 R
867 2703 1001 2734 canes
1033 2687 1115 2732 LO
1147 2689 1294 2733 crime
1323 2686 1418 2731 HU
1449 2686 1520 2731 ed.
1628 2689 1683 2729 19
1714 2698 1859 2729 mee·

118 2794 121 2797 .
173 2752 330 2795 sariae
360 2751 396 2794 L
435 2751 526 2796 -rio
565 2749 636 2796 ed.
793 2754 844 2792 21
884 2748 1127 2805 iniquitate
1165 2746 1427 2792 certaminis
1456 2744 1542 2788 LR
1579 2744 1730 2801 inquit
1759 2758 1788 2787 a
1819 2748 1860 2787 te

177 2809 421 2855 certamine
451 2809 494 2854 U
524 2809 596 2854 ed.
720 2812 776 2852 22
808 2808 946 2853 etiam
973 2805 1060 2851 LR
1089 2806 1226 2850 etiam
1255 2810 1414 2850 auctor
1443 2803 1552 2849 adr.
1673 2806 1729 2847 28
1755 2815 1840 2859 per

173 2869 306 2913 mitto
336 2869 386 2912 L.
551 2873 607 2912 25
639 2867 912 2924 quaequalee
940 2865 977 2909 L
1007 2865 1090 2922 qui
1118 2878 1172 2909 ae
1236 2899 1245 2908 .
1277 2864 1321 2908 R
1350 2868 1403 2908 ut
1430 2862 1639 2920 aequales
1668 2861 1740 2906 cd.

177 2932 355 2973 25-26
393 2929 486 2973 ista
522 2932 564 2973 te
596 2926 655 2972 R.
808 2929 863 2969 27
895 2925 1074 2970 indutis
1107 2937 1132 2968 e
1207 2958 1216 2967 .
1367 2926 1424 2967 28
1447 2921 1640 2979 proiecit
1670 2918 1756 2963 LR
1785 2918 1858 2963 cd.

173 2987 332 3032 reiecit
360 2986 500 3044 Verg.
532 2985 658 3031 libri.
