2014 3226
760 136 1061 180 AENEIDOS
1096 138 1114 178 I
1721 138 1786 189 13

87 283 294 340 rinaquc
333 272 475 338 loozye'
507 279 645 331 ostia,
679 278 812 324 dives
852 291 998 335 opum
1037 278 1306 336 studiisque.
1346 280 1619 337 asperrima
1654 278 1786 325 belli:

89 353 346 414 antiquam
401 352 632 399 debemus
690 352 911 412 accipere
958 366 1056 397 non
1112 366 1368 414 magnam,
1423 361 1478 398 ut
1534 352 1785 399 nonnullis

88 428 297 487 videtur,
339 426 423 474 sed
463 426 647 487 prolixi
685 424 939 486 temporis,
979 427 1035 471 ut
1076 426 1356 472 annositate
1396 426 1507 486 ipsa
1552 425 1786 474 roborata

89 503 154 549 sit
195 504 342 562 atque
381 500 580 546 firmata
619 499 921 560 perindeque
952 499 1177 560 potuerit
1208 499 1489 546 Romanum
1522 500 1787 561 imperium

45 594 66 626 5
89 589 290 623 nascens
337 573 594 637 longaevis
640 572 830 620 viribus
876 588 1111 633 premere.
1177 573 1317 634 Tyrii
1357 576 1558 621 tenuere
1600 574 1784 621 coloni:

87 652 142 696 ut
187 651 386 710 praeter
432 648 619 695 incolas
668 649 815 695 aucta
862 647 929 694 sit
975 648 1126 694 etiam
1180 647 1456 695 accessione
1507 647 1785 708 Tyriorum.

87 722 320 771 laudatur
366 723 517 769 etiam
565 737 594 768 a
642 721 750 768 loco
800 736 857 767 ac
898 721 1019 767 situ:
1073 721 1276 767 Italiam
1316 724 1490 768 contra
1530 721 1784 769 Tiberina-

89 812 180 859 que
228 797 374 859 longe
425 796 575 855 ostia,
648 809 677 840 a
732 795 954 842 fortuna:
1027 795 1163 842 dives
1215 810 1389 856 opum,
1443 796 1536 843 hoc
1584 798 1659 844 est
1706 797 1786 843 cui

87 870 364 919 substantia
417 870 621 931 propria
675 884 774 916 non
830 868 1019 916 deesset
1072 884 1161 916 nec
1225 872 1484 930 quaereret
1544 870 1785 930 alienam,

27 962 66 996 ιο
90 961 117 992 a
162 946 344 992 natura
392 946 442 991 et
488 942 728 991 moribus:
785 942 1060 1004 studiisque
1118 944 1391 1004 asperrima
1446 943 1578 991 belli.
1655 945 1784 991 hanc

87 1020 244 1082 igitur
288 1017 502 1079 parabat
542 1017 790 1067 aemulam
830 1016 978 1076 Iuno,
1028 1018 1108 1064 cui
1155 1018 1314 1064 omnis
1363 1017 1425 1064 ad
1472 1017 1786 1065 inferendum

87 1092 272 1139 bellum
319 1092 544 1139 Romano
591 1092 801 1152 imperio
849 1090 1056 1153 patebat
1103 1090 1318 1150 occasio,
1375 1091 1579 1139 Iunonis
1626 1093 1784 1151 favor,

87 1167 307 1215 locorum
353 1166 668 1228 proximitas,
717 1165 999 1212 substantia
1044 1164 1116 1213 rei
1154 1166 1443 1225 familiaris,
1486 1165 1785 1213 bellatorum

87 1255 319 1288 numerus
367 1242 416 1287 et
461 1239 642 1287 fiducia
689 1239 935 1287 naturalis
984 1241 1034 1287 et
1083 1241 1313 1287 innatum
1351 1234 1586 1306 istudium
1641 1240 1784 1286 dimi-

27 1331 65 1367 ιε»
89 1314 244 1362 candi.
334 1329 482 1373 quam
534 1315 666 1362 Iuno
719 1314 878 1372 fertur
931 1316 1074 1362 terris
1126 1316 1284 1374 magyis
1347 1315 1568 1361 omnibus
1633 1329 1786 1362 uuam-

79 1389 358 1448 posthabita
405 1389 608 1436 coluisse
645 1388 816 1435 Samo:
853 1389 931 1436 hic
967 1388 1104 1436 illius
1143 1403 1300 1443 arma,
1340 1388 1418 1435 hie
1461 1402 1637 1436 currus
1674 1389 1785 1447 fuit,

86 1463 171 1510 hoc
214 1477 419 1523 refluum
464 1463 555 1510 dea
598 1462 821 1522 yentibus
869 1477 990 1518 esse,
1044 1464 1090 1510 si
1136 1477 1234 1522 qua
1280 1463 1389 1521 fata
1436 1464 1624 1518 sinaut,
1683 1464 1786 1510 iam

88 1539 188 1584 twm
242 1537 482 1597 tenditque
534 1532 775 1596 fovetque:
842 1537 987 1584 tanta
1041 1535 1376 1584 obstinatione
1430 1536 1554 1584 Iuno
1612 1538 1785 1584 contra

88 1609 365 1658 Romanum
426 1611 693 1672 imperium
753 1609 1011 1658 nitebatur
1072 1611 1258 1659 faciens
1319 1626 1410 1672 pro
1469 1609 1784 1674 Carthaginis

26 1698 66 1735 ιο
90 1684 278 1747 opibus,
310 1687 368 1732 ut
407 1684 634 1732 omnibus
674 1699 784 1732 eam
823 1686 970 1733 terris
1011 1686 1062 1732 et
1099 1685 1220 1746 ipsis
1254 1700 1449 1746 quoque
1483 1684 1785 1748 genitalibus

90 1760 466 1820 praeposuisset.
556 1758 766 1820 denique
831 1759 1049 1823 insignia
1110 1760 1328 1807 numinis
1391 1759 1467 1806 sui
1530 1761 1581 1806 et
1642 1774 1784 1806 omne

90 1833 221 1894 quod
273 1835 472 1894 poterat
525 1832 577 1880 in
632 1849 690 1881 ea
745 1833 1104 1882 conlocaverat.
1187 1833 1471 1893 praevenient
1523 1833 1609 1880 sed
1659 1834 1785 1880 euim

95 1907 305 1955 Troiano
344 1923 376 1955 a
413 1909 653 1967 sanquine
690 1908 803 1955 duci
846 1908 1095 1963 audierat,
1148 1907 1328 1967 Tyrias
1366 1907 1482 1955 olim
1519 1921 1643 1967 quae
1681 1921 1785 1955 ver-

91 1984 203 2028 teret
241 1996 399 2028 arces:
458 1983 651 2029 vertere
696 1981 823 2029 hanc
870 1980 1022 2029 habet
1062 1981 1346 2029 intellectus
1387 1996 1668 2043 expressam
1706 1997 1784 2028 ra-

25 2066 68 2105 {⁶
91 2055 297 2116 tionem,
343 2057 401 2102 ut
445 2055 572 2102 nihil
618 2057 733 2117 post
780 2055 1024 2103 excidium
1071 2057 1307 2117 supersit:
1362 2054 1576 2117 denique
1622 2055 1692 2103 sic
1736 2057 1786 2102 et

93 2128 190 2176 alio
236 2129 344 2177 loco
393 2129 465 2176 ait
512 2122 670 2195 (237)
720 2145 878 2191 „quae
925 2131 975 2176 te
1022 2129 1219 2192 genitor
1265 2130 1514 2178 sententia
1559 2127 1784 2176 vertit?“

71 2203 183 2252 'hoc
222 2205 297 2250 est
336 2204 407 2251 sic
445 2204 683 2264 mutavit,
726 2206 782 2250 ut
821 2203 947 2250 nihil
986 2204 1190 2265 pietatis
1230 2203 1548 2251 remansisset
1586 2203 1639 2250 in
1678 2218 1785 2251 sen-

92 2275 224 2324 sibus
254 2277 410 2338 Iovis3
455 2278 579 2325 item
618 2279 716 2326 alio
755 2278 864 2326 loco
897 2270 971 2343 (2,
999 2270 1130 2344 624)
1170 2280 1309 2339 „tum
1339 2293 1456 2326 vero
1488 2293 1631 2325 omne
1662 2276 1787 2324 mihi

93 2350 253 2398 visum
293 2350 543 2398 considere
582 2353 636 2398 in
674 2351 804 2416 ignis
844 2350 996 2399 Ilium
1034 2353 1085 2399 et
1124 2367 1183 2399 ex
1221 2351 1321 2400 imo
1362 2352 1492 2399 verti
1530 2351 1785 2414 Neptunia

28 2437 72 2478 no
95 2423 286 2485 Troia“,
342 2426 580 2486 quoniam
642 2425 902 2474 constabat
962 2425 1089 2473 nihil
1151 2427 1257 2474 eius
1318 2424 1612 2474 remansisse
1672 2426 1787 2487 post

25 2533 41 2566 ’,ἐ
93 2496 329 2547 flammas.
421 2499 542 2547 haec
589 2515 730 2563 ergo,
783 2500 841 2547 ut
887 2497 1074 2547 dictum
1126 2501 1223 2560 est,
1275 2499 1568 2562 principalis
1622 2498 1786 2547 fuerat

24 2584 46 2642 ἐξ
95 2586 264 2634 causa,
311 2587 438 2634 quae
476 2574 628 2622 etiam
667 2573 711 2622 si
749 2573 857 2622 sola
895 2574 1149 2634 existeret,
1197 2573 1306 2622 sola
1344 2575 1511 2636 posset
1549 2572 1785 2620 adversus

31 2698 47 2763 ξ
215 2717 267 2757 11
302 2714 528 2759 aemulari
558 2713 630 2758 ed.
733 2718 786 2757 12
818 2714 953 2769 favor
982 2713 1070 2758 LR
1099 2714 1236 2769 furor
1267 2714 1339 2758 ed.
1434 2718 1488 2758 16
1519 2714 1628 2757 huic
1657 2714 1786 2758 illaeus

27 2780 42 2828 ᾗ
96 2770 182 2814 LR
209 2773 284 2816 hic
312 2774 343 2816 i.
375 2787 411 2816 r.
520 2777 574 2817 19
609 2774 923 2818 Romanorum
954 2773 1025 2816 ed.
1135 2777 1191 2816 23
1224 2774 1412 2818 troiana
1441 2773 1668 2831 sanquine
1699 2772 1786 2815 LR

97 2842 210 2875 corr.
242 2845 279 2875 r.
371 2836 427 2876 29
460 2833 619 2876 alio—
631 2846 732 2876 vero
764 2845 852 2877 om.
885 2833 956 2876 ed.
1051 2837 1106 2875 31
1140 2847 1243 2890 erqo
1276 2845 1364 2876 om
1391 2832 1462 2875 ed.
1555 2836 1612 2876 82
1643 2845 1787 2876 causa

98 2902 185 2934 om.
218 2890 289 2935 ed.
331 2893 440 2935 ante
470 2891 576 2946 fuev
577 2897 627 2935 at
656 2884 858 2969 inseruit
885 2891 957 2936 ed.
990 2893 1110 2948 post.
1171 2894 1177 2947 Ι
1234 2905 1350 2948 quae
1381 2890 1422 2934 R
1453 2891 1525 2935 ed.
1567 2903 1655 2935 om.
1689 2890 1738 2934 L.
1775 2890 1782 2949 l

95 2953 268 2994 extaret
299 2949 371 2994 ed.

1818 1912 1874 1950 20
