2014 3226
2 2924 29 3226 ffiwf·-···:·.z
15 2783 28 2841 w„-

819 149 1188 194 PROOEMIUM
1819 151 1852 204 5

158 293 276 340 locis
316 291 528 352 exempli
568 305 718 337 causa
757 291 1038 352 posuimus,
1080 293 1238 337 artem
1277 290 1473 338 dicendi
1511 291 1854 351 plenissimam

158 363 528 413 demonstrabit.
608 366 776 411 amato
827 380 953 425 eum,
1001 365 1087 425 qui
1133 364 1406 411 multorum
1450 363 1854 426 diversorumque

158 441 342 500 scripta
381 439 646 500 conplexus
687 441 775 499 est,
816 438 910 485 erit
950 453 1129 498 operae
1168 439 1386 499 pretium
1424 453 1523 485 non
1565 454 1727 486 errare
1767 454 1856 499 per

156 514 419 575 plurimos3
475 515 524 560 et
564 514 606 559 si
644 512 698 560 id
737 511 978 573 placebit,
1025 511 1253 560 laudabis
1294 527 1405 559 eum
1446 513 1525 559 cui
1564 512 1709 560 licuit
1747 511 1854 558 uni-

114 604 133 637 5
157 602 298 635 versa
343 601 652 647 percurrere,
702 587 789 647 qui
836 601 887 634 se
926 585 1150 634 diversae
1188 586 1509 647 professionis
1550 588 1599 633 et
1638 585 1852 634 diversa-

157 677 265 708 rum
306 660 634 708 sectatoribus
675 662 860 708 artium
896 659 1181 708 benivolum
1213 659 1443 722 praebuit
1473 660 1854 722 peritissimum-

160 750 252 796 que
299 735 562 782 doctorem.
642 734 792 782 habet
839 734 1050 795 denique
1099 750 1154 781 ex
1203 750 1259 781 eo
1307 736 1463 782 nauta
1509 734 1641 795 quod
1697 734 1858 782 discat

156 811 208 857 in
263 808 537 856 officiorum
593 810 811 869 ratione,
866 807 1052 855 habent
1104 808 1238 869 quod
1283 809 1543 856 imitentur
1590 811 1757 869 patres
1808 811 1858 855 et

157 883 268 943 filii,
316 884 487 930 mariti
535 885 584 930 et
623 898 820 942 uxores,
860 884 1133 944 imperator
1173 884 1224 929 et
1261 883 1427 942 miles,
1476 883 1597 930 civis
1638 884 1856 944 optimus

93 974 134 1005 10
159 960 208 1004 et
247 957 441 1018 patriae
482 959 874 1018 spectatissimus
915 957 1090 1016 cultor,
1140 957 1194 1003 in
1233 955 1486 1005 laboribus
1526 955 1858 1018 periculisque

158 1030 460 1092 reipublicae
501 1031 747 1092 optimum
789 1046 1033 1092 quemque
1074 1032 1124 1077 et
1163 1030 1297 1091 apud
1336 1046 1448 1079 suos
1496 1030 1712 1092 primum
1758 1031 1857 1078 for-

158 1108 303 1152 tunas
360 1107 410 1152 et
464 1105 675 1153 salutem
732 1121 873 1152 suam
928 1105 1104 1151 debere
1164 1106 1490 1152 contemnere.
1567 1106 1857 1167 magisterio

159 1181 262 1226 eius
317 1180 499 1227 instrui
553 1181 762 1240 possunt
817 1179 903 1240 qui
958 1195 1009 1227 se
1064 1180 1243 1239 aptant
1297 1179 1361 1226 ad
1415 1179 1616 1226 deorum
1669 1179 1858 1227 cultum

159 1254 425 1314 futuraque
472 1253 732 1301 noscenda.
810 1253 891 1300 hic
937 1252 1123 1300 habent
1168 1252 1467 1300 imitandam
1514 1252 1711 1300 laudem
1769 1253 1858 1314 qui

93 1344 134 1375 15
158 1328 372 1374 inlaesas
422 1327 669 1375 amicitias
718 1329 911 1388 amant,
962 1327 1147 1374 habent
1201 1343 1351 1389 quam
1404 1329 1632 1375 metuant
1686 1329 1857 1374 notam

159 1403 244 1462 qui
298 1401 430 1448 fluxa
484 1401 579 1449 fide
631 1404 719 1449 aut
774 1403 990 1449 amicum
1038 1401 1310 1449 fefellerint
1365 1403 1453 1448 aut
1505 1402 1855 1463 propinquum.

157 1475 298 1523 docet
346 1476 515 1536 quales
564 1491 669 1523 esse
717 1475 929 1523 debeant
974 1476 1198 1523 homines
1247 1491 1456 1536 quorum
1506 1474 1759 1536 praesidia
1804 1476 1858 1522 in

157 1549 535 1597 necessitatibus
581 1550 923 1611 postulantur,
970 1565 1032 1597 ne
1080 1549 1405 1612 adrogantiae
1447 1551 1536 1597 aut
1574 1549 1856 1596 inhumani-

157 1625 278 1672 tatis
312 1625 497 1671 crimen
528 1625 809 1685 incurrant,
841 1640 942 1671 non
974 1623 1373 1684 erubescendum,
1399 1624 1442 1671 si
1466 1624 1633 1685 potior
1655 1623 1856 1671 inferio-

93 1713 135 1744 20
157 1712 259 1744 rem
314 1700 478 1762 roget,
542 1714 652 1745 cum
706 1699 860 1746 fuerit
912 1699 1230 1746 necessarius.
1316 1699 1565 1760 postremo
1621 1698 1857 1759 quoniam

157 1787 257 1818 non
296 1787 556 1832 possumus
595 1772 920 1820 Maronianae
959 1773 1162 1820 virtutis
1203 1773 1372 1819 omnia
1410 1773 1614 1819 narrata
1659 1786 1858 1833 percur-

156 1861 285 1906 rere,
333 1846 546 1908 exempli
592 1862 740 1895 causa
787 1847 887 1894 ista
934 1845 1114 1894 dixisse
1158 1845 1386 1894 sufficiat.
1471 1845 1669 1893 facilius
1725 1846 1857 1893 enim

159 1922 322 1967 cetera
360 1920 570 1983 legendo
611 1923 661 1968 et
692 1920 1049 1969 considerando
1080 1922 1310 1982 reperies,
1343 1920 1386 1967 si
1417 1920 1674 1982 praedicta
1703 1919 1856 1968 fueris

160 1993 433 2042 adsecutus.
514 1995 681 2042 omnia
728 1996 861 2043 certe
905 2010 1032 2056 quae
1084 2010 1142 2042 ex
1188 2010 1244 2042 eo
1292 2009 1423 2042 nunc
1469 1993 1696 2056 adripere
1749 1993 1855 2056 pla-

94 2082 134 2114 25
160 2069 277 2127 cuit,
315 2069 416 2117 suis
457 2068 734 2130 quibusque
774 2069 896 2117 loeis
937 2068 1229 2130 explicando
1268 2067 1610 2116 tractabimus.

269 2142 374 2189 Nec
410 2144 462 2190 te
500 2142 794 2204 perturbent
831 2143 1161 2204 inperitorum
1200 2143 1282 2190 vel
1320 2142 1710 2190 obtrectatorum
1733 2141 1854 2188 Ver·

159 2215 336 2279 giliani
398 2218 631 2264 carminis
692 2231 836 2265 voces
898 2217 1144 2265 inimicae.
1233 2218 1336 2264 3010
1398 2216 1531 2264 enim
1591 2215 1856 2264 nonnullos

159 2283 455 2338 calumniari
493 2291 627 2352 quod
665 2292 935 2339 sententias
976 2305 1090 2339 suas
1129 2290 1382 2354 Vergilius
1427 2291 1568 2339 velut
1605 2290 1858 2338 contraria

160 2363 415 2412 sentiendo
447 2364 700 2413 dissolvat.
766 2366 821 2412 in
860 2365 922 2413 113
963 2366 1150 2427 quippe
1187 2364 1505 2427 reperiuntur
1543 2365 1631 2426 qui
1668 2363 1860 2413 relictis

94 2451 138 2484 30
160 2437 430 2499 perspicuis
477 2438 622 2488 rebus
663 2440 972 2502 argumentis
1011 2439 1170 2486 velint
1209 2439 1460 2487 contraria
1496 2438 1607 2500 ipsa
1643 2437 1856 2499 firmare,

161 2513 312 2573 atque
350 2511 426 2560 ita
465 2512 828 2562 adsertionibus
869 2513 970 2561 suis
1010 2513 1278 2561 ostendunt
1300 2528 1420 2562 sese
1461 2512 1523 2560 ab
1562 2527 1678 2560 vero
1709 2511 1856 2559 intel-

280 2670 305 2709 2
339 2681 439 2711 eum
469 2667 556 2710 LR
587 2682 635 2713 eo
666 2667 738 2712 ed.
863 2672 919 2712 10
953 2669 1269 2725 laboribusque
1300 2668 1371 2712 ed.
1401 2670 1407 2724 Ι
1426 2668 1734 2724 periculisque
1765 2680 1857 2712 om.

161 2725 232 2768 ed.
381 2730 436 2768 14
466 2727 537 2771 hii
566 2726 654 2770 LR
690 2729 764 2773 hic
795 2727 866 2772 ed.
1022 2733 1076 2772 16
1102 2729 1419 2784 propinquum
1449 2727 1485 2770 L
1525 2727 1597 2771 ed.
1625 2727 1857 2783 propinus

161 2797 261 2828 eum
285 2784 339 2828 R.
426 2789 482 2829 20
506 2787 786 2835 necessarius
808 2787 897 2831 LR
920 2786 996 2844 (cf.
1017 2792 1058 2842 1,
1075 2788 1150 2843 64)
1175 2788 1479 2832 ‘necessarium
1503 2786 1575 2831 ed.
1661 2790 1715 2829 21
1744 2799 1855 2830 nar-

160 2847 268 2888 rata
299 2842 386 2886 LR
423 2851 666 2890 numerata
705 2846 776 2890 ed.
932 2851 988 2890 24
1028 2861 1083 2891 ex
1113 2859 1268 2891 eorum
1297 2845 1386 2890 LR
1423 2859 1479 2890 ex
1508 2846 1574 2890 eis
1603 2845 1675 2890 ed.
1719 2859 1775 2888 επ
1805 2858 1856 2889 eo

161 2915 286 2946 nune
315 2916 413 2947 nos.
537 2908 591 2948 27
627 2905 748 2949 euim
779 2918 868 2949 om.
902 2906 973 2950 ed.
1090 2910 1145 2949 29
1177 2906 1397 2950 dissolvat
1425 2904 1514 2948 LR
1544 2905 1631 2948 -vit
1660 2903 1731 2947 ed.
1762 2907 1767 2959 Ι
1794 2904 1856 2948 iis

161 2959 249 3003 LR
277 2962 351 3006 his
380 2962 451 3005 ed.
553 2967 607 3006 31
642 2965 980 3009 adsertionibus
1002 2964 1038 3007 L
1070 2965 1397 3009 insertiouilus
1418 2963 1461 3006 R
1490 2963 1751 3018 fictionibus
1781 2962 1865 3008 ed„
