<?xml version="1.0" encoding="UTF-8"?>
<!DOCTYPE html PUBLIC "-//W3C//DTD XHTML 1.0 Transitional//EN"
    "http://www.w3.org/TR/xhtml1/DTD/xhtml1-transitional.dtd">
<html xmlns="http://www.w3.org/1999/xhtml" xml:lang="en" lang="en">
 <head>
  <title>
</title>
<meta http-equiv="Content-Type" content="text/html;charset=utf-8" />
  <meta name='ocr-system' content='tesseract 3.04.00' />
  <meta name='ocr-capabilities' content='ocr_page ocr_carea ocr_par ocr_line ocrx_word'/>
</head>
<body>
  <div class='ocr_page' id='page_1' title='image "./interpretationes01donauoft_0626.png"; bbox 0 0 2014 3226; ppageno 0'>
   <div class='ocr_carea' id='block_1_1' title="bbox 228 175 1450 229">
    <p class='ocr_par' dir='ltr' id='par_1_1' title="bbox 228 175 1450 229">
     <span class='ocr_line' id='line_1_1' title="bbox 228 175 1450 229; baseline -0.003 -6"><span class='ocrx_word' id='word_1_1' title='bbox 228 177 337 229; x_wconf 82' lang='lat'>576</span> <span class='ocrx_word' id='word_1_2' title='bbox 698 176 929 220; x_wconf 81' lang='lat' dir='ltr'><strong>DONATI</strong></span> <span class='ocrx_word' id='word_1_3' title='bbox 959 175 1238 221; x_wconf 83' lang='lat' dir='ltr'><strong>INTERPR.</strong></span> <span class='ocrx_word' id='word_1_4' title='bbox 1272 175 1450 219; x_wconf 74' lang='lat' dir='ltr'><strong>VERG.</strong></span> 
     </span>
    </p>
   </div>
   <div class='ocr_carea' id='block_1_2' title="bbox 139 309 1994 2601">
    <p class='ocr_par' dir='ltr' id='par_1_2' title="bbox 139 309 2007 2601">
     <span class='ocr_line' id='line_1_2' title="bbox 228 309 1920 383; baseline 0.001 -20"><span class='ocrx_word' id='word_1_5' title='bbox 228 317 319 364; x_wconf 90' lang='lat' dir='ltr'>bus</span> <span class='ocrx_word' id='word_1_6' title='bbox 379 317 533 363; x_wconf 89' lang='lat' dir='ltr'>animi</span> <span class='ocrx_word' id='word_1_7' title='bbox 591 316 795 380; x_wconf 84' lang='lat' dir='ltr'>fatigati</span> <span class='ocrx_word' id='word_1_8' title='bbox 847 318 999 362; x_wconf 88' lang='lat' dir='ltr'>etiam</span> <span class='ocrx_word' id='word_1_9' title='bbox 1054 316 1319 364; x_wconf 72' lang='lat' dir='ltr'>Sallustius</span> <span class='ocrx_word' id='word_1_10' title='bbox 1371 317 1494 363; x_wconf 88' lang='lat' dir='ltr'>dicit</span> <span class='ocrx_word' id='word_1_11' title='bbox 1541 309 1670 382; x_wconf 82' lang='lat' dir='ltr'>(Iug.</span> <span class='ocrx_word' id='word_1_12' title='bbox 1716 318 1799 376; x_wconf 82' lang='lat'>71,</span> <span class='ocrx_word' id='word_1_13' title='bbox 1842 310 1920 383; x_wconf 84' lang='lat'>2):</span> 
     </span>
     <span class='ocr_line' id='line_1_3' title="bbox 230 385 1921 453; baseline 0 -16"><span class='ocrx_word' id='word_1_14' title='bbox 230 392 336 453; x_wconf 91' lang='lat' dir='ltr'>„uti</span> <span class='ocrx_word' id='word_1_15' title='bbox 377 392 614 451; x_wconf 89' lang='lat' dir='ltr'>animum,</span> <span class='ocrx_word' id='word_1_16' title='bbox 655 391 835 452; x_wconf 87' lang='lat' dir='ltr'>inquit,</span> <span class='ocrx_word' id='word_1_17' title='bbox 876 406 1081 452; x_wconf 89' lang='lat' dir='ltr'>aegrum</span> <span class='ocrx_word' id='word_1_18' title='bbox 1121 390 1267 451; x_wconf 81' lang='lat' dir='ltr'>solet,</span> <span class='ocrx_word' id='word_1_19' title='bbox 1309 406 1507 438; x_wconf 85' lang='lat' dir='ltr'>somnus</span> <span class='ocrx_word' id='word_1_20' title='bbox 1549 385 1723 452; x_wconf 79' lang='lat' dir='ltr'>cepit“.</span> <span class='ocrx_word' id='word_1_21' title='bbox 1801 391 1921 438; x_wconf 91' lang='lat' dir='ltr'>haec</span> 
     </span>
     <span class='ocr_line' id='line_1_4' title="bbox 229 463 1920 525; baseline 0 -14"><span class='ocrx_word' id='word_1_22' title='bbox 229 465 448 511; x_wconf 72' lang='lat' dir='ltr'>adseruit</span> <span class='ocrx_word' id='word_1_23' title='bbox 480 464 767 525; x_wconf 81' lang='lat' dir='ltr'>Deiphobus</span> <span class='ocrx_word' id='word_1_24' title='bbox 810 479 935 525; x_wconf 88' lang='lat' dir='ltr'>quae</span> <span class='ocrx_word' id='word_1_25' title='bbox 976 481 1075 512; x_wconf 93' lang='lat' dir='ltr'>non</span> <span class='ocrx_word' id='word_1_26' title='bbox 1107 465 1311 511; x_wconf 86' lang='lat' dir='ltr'>fuerunt</span> <span class='ocrx_word' id='word_1_27' title='bbox 1343 463 1607 512; x_wconf 89' lang='lat' dir='ltr'>criminosa</span> <span class='ocrx_word' id='word_1_28' title='bbox 1639 465 1746 512; x_wconf 89' lang='lat' dir='ltr'>viro</span> <span class='ocrx_word' id='word_1_29' title='bbox 1779 465 1920 525; x_wconf 69' lang='lat' dir='ltr'>forti,</span> 
     </span>
     <span class='ocr_line' id='line_1_5' title="bbox 230 536 1921 600; baseline 0 -16"><span class='ocrx_word' id='word_1_30' title='bbox 230 538 351 599; x_wconf 85' lang='lat' dir='ltr'>quid</span> <span class='ocrx_word' id='word_1_31' title='bbox 403 540 533 584; x_wconf 87' lang='lat' dir='ltr'>enim</span> <span class='ocrx_word' id='word_1_32' title='bbox 585 540 827 585; x_wconf 74' lang='lat' dir='ltr'>metueret</span> <span class='ocrx_word' id='word_1_33' title='bbox 879 554 974 598; x_wconf 86' lang='lat' dir='ltr'>quo</span> <span class='ocrx_word' id='word_1_34' title='bbox 1025 540 1246 599; x_wconf 89' lang='lat' dir='ltr'>tempore</span> <span class='ocrx_word' id='word_1_35' title='bbox 1293 538 1493 600; x_wconf 89' lang='lat' dir='ltr'>publica</span> <span class='ocrx_word' id='word_1_36' title='bbox 1543 538 1740 586; x_wconf 87' lang='lat' dir='ltr'>laetitia</span> <span class='ocrx_word' id='word_1_37' title='bbox 1791 536 1921 585; x_wconf 74' lang='lat' dir='ltr'>fuit?</span> 
     </span>
     <span class='ocr_line' id='line_1_6' title="bbox 228 610 1983 673; baseline 0 -14"><span class='ocrx_word' id='word_1_38' title='bbox 228 628 314 659; x_wconf 90' lang='lat' dir='ltr'>cur</span> <span class='ocrx_word' id='word_1_39' title='bbox 353 628 451 659; x_wconf 89' lang='lat' dir='ltr'>non</span> <span class='ocrx_word' id='word_1_40' title='bbox 491 612 742 672; x_wconf 88' lang='lat' dir='ltr'>dormiret,</span> <span class='ocrx_word' id='word_1_41' title='bbox 783 627 892 659; x_wconf 91' lang='lat' dir='ltr'>cum</span> <span class='ocrx_word' id='word_1_42' title='bbox 932 627 1027 659; x_wconf 91' lang='lat' dir='ltr'>nox</span> <span class='ocrx_word' id='word_1_43' title='bbox 1069 613 1286 673; x_wconf 90' lang='lat' dir='ltr'>quietem</span> <span class='ocrx_word' id='word_1_44' title='bbox 1326 610 1589 660; x_wconf 75' lang='lat' dir='ltr'>suaderet?</span> <span class='ocrx_word' id='word_1_45' title='bbox 1664 612 1783 673; x_wconf 88' lang='lat' dir='ltr'>quid</span> <span class='ocrx_word' id='word_1_46' title='bbox 1822 612 1920 659; x_wconf 88' lang='lat' dir='ltr'>for-</span> <span class='ocrx_word' id='word_1_47' title='bbox 1979 668 1983 672; x_wconf 64' lang='lat'>,</span> 
     </span>
     <span class='ocr_line' id='line_1_7' title="bbox 228 684 1982 754; baseline 0.001 -22"><span class='ocrx_word' id='word_1_48' title='bbox 228 686 428 733; x_wconf 80' lang='lat' dir='ltr'>midinis</span> <span class='ocrx_word' id='word_1_49' title='bbox 485 689 676 748; x_wconf 84' lang='lat' dir='ltr'>gereret</span> <span class='ocrx_word' id='word_1_50' title='bbox 727 687 1028 734; x_wconf 88' lang='lat' dir='ltr'>constitutus</span> <span class='ocrx_word' id='word_1_51' title='bbox 1079 687 1131 732; x_wconf 90' lang='lat' dir='ltr'>in</span> <span class='ocrx_word' id='word_1_52' title='bbox 1187 686 1411 733; x_wconf 86' lang='lat' dir='ltr'>cubiculo</span> <span class='ocrx_word' id='word_1_53' title='bbox 1468 684 1590 733; x_wconf 80' lang='lat' dir='ltr'>suo‘?</span> <span class='ocrx_word' id='word_1_54' title='bbox 1668 687 1922 734; x_wconf 87' lang='lat' dir='ltr'>excusavit</span> <span class='ocrx_word' id='word_1_55' title='bbox 1978 694 1982 754; x_wconf 65' lang='lat' dir='ltr'>j</span> 
     </span>
     <span class='ocr_line' id='line_1_8' title="bbox 230 759 1982 822; baseline 0 -15"><span class='ocrx_word' id='word_1_56' title='bbox 230 775 344 821; x_wconf 90' lang='lat' dir='ltr'>ergo</span> <span class='ocrx_word' id='word_1_57' title='bbox 391 760 676 822; x_wconf 86' lang='lat' dir='ltr'>plenissime</span> <span class='ocrx_word' id='word_1_58' title='bbox 731 776 783 808; x_wconf 90' lang='lat' dir='ltr'>se</span> <span class='ocrx_word' id='word_1_59' title='bbox 831 762 880 806; x_wconf 90' lang='lat' dir='ltr'>et</span> <span class='ocrx_word' id='word_1_60' title='bbox 935 759 995 807; x_wconf 91' lang='lat' dir='ltr'>ab</span> <span class='ocrx_word' id='word_1_61' title='bbox 1053 761 1188 807; x_wconf 89' lang='lat' dir='ltr'>omni</span> <span class='ocrx_word' id='word_1_62' title='bbox 1240 759 1618 821; x_wconf 87' lang='lat' dir='ltr'>reprehensione</span> <span class='ocrx_word' id='word_1_63' title='bbox 1674 760 1922 820; x_wconf 83' lang='lat' dir='ltr'>discrevit,</span> <span class='ocrx_word' id='word_1_64' title='bbox 1976 766 1982 790; x_wconf 76' lang='grc'>’·</span> 
     </span>
     <span class='ocr_line' id='line_1_9' title="bbox 228 833 1919 895; baseline 0 -15"><span class='ocrx_word' id='word_1_65' title='bbox 228 833 361 894; x_wconf 87' lang='lat' dir='ltr'>quod</span> <span class='ocrx_word' id='word_1_66' title='bbox 417 835 518 882; x_wconf 89' lang='lat' dir='ltr'>alto</span> <span class='ocrx_word' id='word_1_67' title='bbox 575 849 749 895; x_wconf 90' lang='lat' dir='ltr'>sopore</span> <span class='ocrx_word' id='word_1_68' title='bbox 805 834 1086 881; x_wconf 81' lang='lat' dir='ltr'>dormierat.</span> <span class='ocrx_word' id='word_1_69' title='bbox 1186 833 1425 895; x_wconf 89' lang='lat' dir='ltr'>temporis</span> <span class='ocrx_word' id='word_1_70' title='bbox 1480 834 1668 881; x_wconf 90' lang='lat' dir='ltr'>scilicet</span> <span class='ocrx_word' id='word_1_71' title='bbox 1723 837 1773 881; x_wconf 87' lang='lat' dir='ltr'>et</span> <span class='ocrx_word' id='word_1_72' title='bbox 1825 834 1919 882; x_wconf 90' lang='lat' dir='ltr'>loci</span> 
     </span>
     <span class='ocr_line' id='line_1_10' title="bbox 227 908 1922 969; baseline 0.001 -15"><span class='ocrx_word' id='word_1_73' title='bbox 227 910 696 955; x_wconf 83' lang='lat' dir='ltr'>commemoratione</span> <span class='ocrx_word' id='word_1_74' title='bbox 749 908 952 955; x_wconf 87' lang='lat' dir='ltr'>decursa</span> <span class='ocrx_word' id='word_1_75' title='bbox 998 909 1136 955; x_wconf 88' lang='lat' dir='ltr'>venit</span> <span class='ocrx_word' id='word_1_76' title='bbox 1188 923 1296 956; x_wconf 89' lang='lat' dir='ltr'>ecce</span> <span class='ocrx_word' id='word_1_77' title='bbox 1341 909 1399 954; x_wconf 88' lang='lat' dir='ltr'>ut</span> <span class='ocrx_word' id='word_1_78' title='bbox 1445 908 1677 956; x_wconf 90' lang='lat' dir='ltr'>ostendat</span> <span class='ocrx_word' id='word_1_79' title='bbox 1722 923 1922 969; x_wconf 89' lang='lat' dir='ltr'>prorsus</span> 
     </span>
     <span class='ocr_line' id='line_1_11' title="bbox 227 982 1978 1042; baseline -0.001 -14"><span class='ocrx_word' id='word_1_80' title='bbox 227 982 354 1029; x_wconf 88' lang='lat' dir='ltr'>nihil</span> <span class='ocrx_word' id='word_1_81' title='bbox 402 997 451 1029; x_wconf 88' lang='lat' dir='ltr'>se</span> <span class='ocrx_word' id='word_1_82' title='bbox 499 986 716 1029; x_wconf 87' lang='lat' dir='ltr'>metuere</span> <span class='ocrx_word' id='word_1_83' title='bbox 762 982 1000 1030; x_wconf 86' lang='lat' dir='ltr'>debuisse.</span> <span class='ocrx_word' id='word_1_84' title='bbox 1080 983 1269 1042; x_wconf 70' lang='lat' dir='ltr'>eyreyia</span> <span class='ocrx_word' id='word_1_85' title='bbox 1317 983 1503 1029; x_wconf 73' lang='lat' dir='ltr'>interea</span> <span class='ocrx_word' id='word_1_86' title='bbox 1549 983 1784 1030; x_wconf 73' lang='lat' dir='ltr'>coniunx:</span> <span class='ocrx_word' id='word_1_87' title='bbox 1833 997 1922 1029; x_wconf 86' lang='lat' dir='ltr'>nec</span> <span class='ocrx_word' id='word_1_88' title='bbox 1961 1003 1978 1038; x_wconf 49' lang='grc' dir='ltr'>η</span> 
     </span>
     <span class='ocr_line' id='line_1_12' title="bbox 226 1055 1976 1122; baseline 0.001 -20"><span class='ocrx_word' id='word_1_89' title='bbox 226 1056 319 1104; x_wconf 89' lang='lat' dir='ltr'>hoc</span> <span class='ocrx_word' id='word_1_90' title='bbox 358 1056 466 1103; x_wconf 89' lang='lat' dir='ltr'>loco</span> <span class='ocrx_word' id='word_1_91' title='bbox 500 1056 626 1104; x_wconf 83' lang='lat' dir='ltr'>dixit</span> <span class='ocrx_word' id='word_1_92' title='bbox 665 1072 845 1103; x_wconf 89' lang='lat' dir='ltr'>nomen</span> <span class='ocrx_word' id='word_1_93' title='bbox 885 1058 1004 1116; x_wconf 89' lang='lat' dir='ltr'>eius,</span> <span class='ocrx_word' id='word_1_94' title='bbox 1045 1055 1151 1116; x_wconf 91' lang='lat' dir='ltr'>sed,</span> <span class='ocrx_word' id='word_1_95' title='bbox 1192 1056 1327 1117; x_wconf 91' lang='lat' dir='ltr'>quod</span> <span class='ocrx_word' id='word_1_96' title='bbox 1367 1058 1444 1103; x_wconf 88' lang='lat' dir='ltr'>est</span> <span class='ocrx_word' id='word_1_97' title='bbox 1482 1057 1704 1120; x_wconf 87' lang='lat' dir='ltr'>gravius,</span> <span class='ocrx_word' id='word_1_98' title='bbox 1752 1057 1923 1103; x_wconf 86' lang='lat' dir='ltr'>matri-</span> <span class='ocrx_word' id='word_1_99' title='bbox 1974 1119 1976 1122; x_wconf 12' lang='lat' dir='ltr'>y</span> 
     </span>
     <span class='ocr_line' id='line_1_13' title="bbox 227 1130 1977 1193; baseline 0 -17"><span class='ocrx_word' id='word_1_100' title='bbox 227 1131 384 1177; x_wconf 89' lang='lat' dir='ltr'>monii</span> <span class='ocrx_word' id='word_1_101' title='bbox 430 1130 728 1178; x_wconf 89' lang='lat' dir='ltr'>vocabulum</span> <span class='ocrx_word' id='word_1_102' title='bbox 774 1132 942 1192; x_wconf 88' lang='lat' dir='ltr'>posuit</span> <span class='ocrx_word' id='word_1_103' title='bbox 989 1132 1216 1178; x_wconf 89' lang='lat' dir='ltr'>sanctum</span> <span class='ocrx_word' id='word_1_104' title='bbox 1263 1132 1313 1178; x_wconf 90' lang='lat' dir='ltr'>et</span> <span class='ocrx_word' id='word_1_105' title='bbox 1357 1130 1649 1193; x_wconf 89' lang='lat' dir='ltr'>religiosum</span> <span class='ocrx_word' id='word_1_106' title='bbox 1695 1133 1745 1177; x_wconf 91' lang='lat' dir='ltr'>et</span> <span class='ocrx_word' id='word_1_107' title='bbox 1791 1130 1924 1192; x_wconf 91' lang='lat' dir='ltr'>quod</span> <span class='ocrx_word' id='word_1_108' title='bbox 1975 1156 1977 1159; x_wconf 93' lang='lat'>·</span> 
     </span>
     <span class='ocr_line' id='line_1_14' title="bbox 226 1204 1925 1267; baseline 0.001 -17"><span class='ocrx_word' id='word_1_109' title='bbox 226 1205 525 1252; x_wconf 86' lang='lat' dir='ltr'>inviolatum</span> <span class='ocrx_word' id='word_1_110' title='bbox 564 1204 763 1252; x_wconf 88' lang='lat' dir='ltr'>deberet</span> <span class='ocrx_word' id='word_1_111' title='bbox 810 1205 1017 1252; x_wconf 85' lang='lat' dir='ltr'>existere</span> <span class='ocrx_word' id='word_1_112' title='bbox 1057 1220 1145 1252; x_wconf 87' lang='lat' dir='ltr'>nee</span> <span class='ocrx_word' id='word_1_113' title='bbox 1185 1204 1370 1251; x_wconf 90' lang='lat' dir='ltr'>ademit</span> <span class='ocrx_word' id='word_1_114' title='bbox 1410 1206 1456 1251; x_wconf 91' lang='lat' dir='ltr'>ei</span> <span class='ocrx_word' id='word_1_115' title='bbox 1489 1204 1620 1265; x_wconf 87' lang='lat' dir='ltr'>quod</span> <span class='ocrx_word' id='word_1_116' title='bbox 1650 1204 1828 1267; x_wconf 88' lang='lat' dir='ltr'>fuerat,</span> <span class='ocrx_word' id='word_1_117' title='bbox 1867 1206 1925 1251; x_wconf 91' lang='lat' dir='ltr'>ut</span> 
     </span>
     <span class='ocr_line' id='line_1_15' title="bbox 229 1278 1924 1341; baseline 0.001 -17"><span class='ocrx_word' id='word_1_118' title='bbox 229 1293 284 1325; x_wconf 86' lang='lat' dir='ltr'>eo</span> <span class='ocrx_word' id='word_1_119' title='bbox 326 1278 670 1326; x_wconf 89' lang='lat' dir='ltr'>detestabilior</span> <span class='ocrx_word' id='word_1_120' title='bbox 699 1282 942 1340; x_wconf 90' lang='lat' dir='ltr'>teneatur,</span> <span class='ocrx_word' id='word_1_121' title='bbox 983 1278 1116 1340; x_wconf 89' lang='lat' dir='ltr'>quod</span> <span class='ocrx_word' id='word_1_122' title='bbox 1147 1278 1369 1341; x_wconf 90' lang='lat' dir='ltr'>coniugii</span> <span class='ocrx_word' id='word_1_123' title='bbox 1398 1278 1600 1327; x_wconf 86' lang='lat' dir='ltr'>foedera</span> <span class='ocrx_word' id='word_1_124' title='bbox 1631 1279 1702 1327; x_wconf 87' lang='lat' dir='ltr'>sic</span> <span class='ocrx_word' id='word_1_125' title='bbox 1733 1278 1924 1339; x_wconf 89' lang='lat' dir='ltr'>dirupit</span> 
     </span>
     <span class='ocr_line' id='line_1_16' title="bbox 229 1352 1923 1417; baseline 0 -18"><span class='ocrx_word' id='word_1_126' title='bbox 229 1368 285 1400; x_wconf 89' lang='lat' dir='ltr'>ac</span> <span class='ocrx_word' id='word_1_127' title='bbox 316 1352 549 1413; x_wconf 87' lang='lat' dir='ltr'>prodidit.</span> <span class='ocrx_word' id='word_1_128' title='bbox 623 1354 822 1417; x_wconf 87' lang='lat' dir='ltr'>egregia</span> <span class='ocrx_word' id='word_1_129' title='bbox 853 1355 1045 1400; x_wconf 89' lang='lat' dir='ltr'>interea</span> <span class='ocrx_word' id='word_1_130' title='bbox 1078 1354 1313 1400; x_wconf 88' lang='lat' dir='ltr'>coniunx:</span> <span class='ocrx_word' id='word_1_131' title='bbox 1355 1367 1467 1399; x_wconf 92' lang='lat' dir='ltr'>cum</span> <span class='ocrx_word' id='word_1_132' title='bbox 1498 1352 1622 1400; x_wconf 89' lang='lat' dir='ltr'>dicit</span> <span class='ocrx_word' id='word_1_133' title='bbox 1656 1354 1923 1416; x_wconf 83' lang='lat' dir='ltr'>egregiam,</span> 
     </span>
     <span class='ocr_line' id='line_1_17' title="bbox 227 1426 1977 1496; baseline 0 -23"><span class='ocrx_word' id='word_1_134' title='bbox 227 1429 486 1488; x_wconf 87' lang='lat' dir='ltr'>sequentia</span> <span class='ocrx_word' id='word_1_135' title='bbox 540 1428 756 1489; x_wconf 88' lang='lat' dir='ltr'>probant</span> <span class='ocrx_word' id='word_1_136' title='bbox 807 1442 906 1474; x_wconf 93' lang='lat' dir='ltr'>non</span> <span class='ocrx_word' id='word_1_137' title='bbox 955 1426 1143 1487; x_wconf 91' lang='lat' dir='ltr'>laudis,</span> <span class='ocrx_word' id='word_1_138' title='bbox 1201 1427 1285 1474; x_wconf 92' lang='lat' dir='ltr'>sed</span> <span class='ocrx_word' id='word_1_139' title='bbox 1340 1427 1723 1488; x_wconf 85' lang='lat' dir='ltr'>vituperationis</span> <span class='ocrx_word' id='word_1_140' title='bbox 1772 1440 1922 1474; x_wconf 89' lang='lat' dir='ltr'>causa</span> <span class='ocrx_word' id='word_1_141' title='bbox 1966 1459 1977 1496; x_wconf 45' lang='lat'>,³¹</span> 
     </span>
     <span class='ocr_line' id='line_1_18' title="bbox 226 1500 1981 1563; baseline 0 -15"><span class='ocrx_word' id='word_1_142' title='bbox 226 1502 468 1563; x_wconf 72' lang='lat' dir='ltr'>positum,</span> <span class='ocrx_word' id='word_1_143' title='bbox 506 1503 674 1563; x_wconf 87' lang='lat' dir='ltr'>potuit</span> <span class='ocrx_word' id='word_1_144' title='bbox 714 1501 845 1548; x_wconf 91' lang='lat' dir='ltr'>enim</span> <span class='ocrx_word' id='word_1_145' title='bbox 885 1502 935 1548; x_wconf 89' lang='lat' dir='ltr'>et</span> <span class='ocrx_word' id='word_1_146' title='bbox 973 1500 1183 1548; x_wconf 89' lang='lat' dir='ltr'>laudem.</span> <span class='ocrx_word' id='word_1_147' title='bbox 1255 1515 1398 1548; x_wconf 80' lang='lat' dir='ltr'>arma</span> <span class='ocrx_word' id='word_1_148' title='bbox 1436 1503 1602 1548; x_wconf 76' lang='lat' dir='ltr'>omnia</span> <span class='ocrx_word' id='word_1_149' title='bbox 1633 1502 1761 1548; x_wconf 73' lang='lat' dir='ltr'>tectis</span> <span class='ocrx_word' id='word_1_150' title='bbox 1801 1514 1923 1548; x_wconf 83' lang='lat' dir='ltr'>emo·</span> <span class='ocrx_word' id='word_1_151' title='bbox 1979 1554 1981 1558; x_wconf 15' lang='grc' dir='ltr'><em>Α</em></span> 
     </span>
     <span class='ocr_line' id='line_1_19' title="bbox 228 1574 1924 1636; baseline 0 -15"><span class='ocrx_word' id='word_1_152' title='bbox 228 1578 303 1622; x_wconf 81' lang='lat' dir='ltr'>vet</span> <span class='ocrx_word' id='word_1_153' title='bbox 342 1578 384 1622; x_wconf 73' lang='lat' dir='ltr'>et</span> <span class='ocrx_word' id='word_1_154' title='bbox 420 1577 577 1634; x_wconf 73' lang='lat' dir='ltr'>fidum</span> <span class='ocrx_word' id='word_1_155' title='bbox 615 1577 764 1636; x_wconf 75' lang='lat' dir='ltr'>capiti</span> <span class='ocrx_word' id='word_1_156' title='bbox 800 1576 1102 1623; x_wconf 70' lang='lat' dir='ltr'>subduxerat</span> <span class='ocrx_word' id='word_1_157' title='bbox 1132 1589 1314 1622; x_wconf 75' lang='lat' dir='ltr'>ensem:</span> <span class='ocrx_word' id='word_1_158' title='bbox 1352 1575 1404 1622; x_wconf 88' lang='lat' dir='ltr'>in</span> <span class='ocrx_word' id='word_1_159' title='bbox 1437 1574 1699 1623; x_wconf 85' lang='lat' dir='ltr'>sceleribus</span> <span class='ocrx_word' id='word_1_160' title='bbox 1731 1574 1924 1622; x_wconf 82' lang='lat' dir='ltr'>erudita</span> 
     </span>
     <span class='ocr_line' id='line_1_20' title="bbox 227 1638 1991 1711; baseline 0.002 -15"><span class='ocrx_word' id='word_1_161' title='bbox 227 1649 403 1711; x_wconf 89' lang='lat' dir='ltr'>primo,</span> <span class='ocrx_word' id='word_1_162' title='bbox 444 1649 622 1711; x_wconf 87' lang='lat' dir='ltr'>inquit,</span> <span class='ocrx_word' id='word_1_163' title='bbox 664 1651 831 1698; x_wconf 89' lang='lat' dir='ltr'>omnia</span> <span class='ocrx_word' id='word_1_164' title='bbox 861 1649 986 1697; x_wconf 88' lang='lat' dir='ltr'>mihi</span> <span class='ocrx_word' id='word_1_165' title='bbox 1018 1666 1157 1696; x_wconf 89' lang='lat' dir='ltr'>arma</span> <span class='ocrx_word' id='word_1_166' title='bbox 1189 1650 1437 1697; x_wconf 88' lang='lat' dir='ltr'>subtraxit</span> <span class='ocrx_word' id='word_1_167' title='bbox 1468 1651 1518 1696; x_wconf 89' lang='lat' dir='ltr'>et</span> <span class='ocrx_word' id='word_1_168' title='bbox 1547 1651 1714 1710; x_wconf 89' lang='lat' dir='ltr'>ipsum</span> <span class='ocrx_word' id='word_1_169' title='bbox 1745 1665 1924 1709; x_wconf 89' lang='lat' dir='ltr'>ensem,</span> <span class='ocrx_word' id='word_1_170' title='bbox 1979 1638 1991 1699; x_wconf 63' lang='lat'>,⁴⁶</span> 
     </span>
     <span class='ocr_line' id='line_1_21' title="bbox 227 1723 1924 1786; baseline 0 -16"><span class='ocrx_word' id='word_1_171' title='bbox 227 1724 280 1770; x_wconf 89' lang='lat' dir='ltr'>in</span> <span class='ocrx_word' id='word_1_172' title='bbox 333 1740 428 1784; x_wconf 91' lang='lat' dir='ltr'>quo</span> <span class='ocrx_word' id='word_1_173' title='bbox 480 1724 660 1772; x_wconf 87' lang='lat' dir='ltr'>habere</span> <span class='ocrx_word' id='word_1_174' title='bbox 706 1725 851 1786; x_wconf 89' lang='lat' dir='ltr'>potui</span> <span class='ocrx_word' id='word_1_175' title='bbox 895 1724 1140 1771; x_wconf 84' lang='lat' dir='ltr'>ultionem</span> <span class='ocrx_word' id='word_1_176' title='bbox 1194 1723 1345 1771; x_wconf 88' lang='lat' dir='ltr'>fidam</span> <span class='ocrx_word' id='word_1_177' title='bbox 1400 1723 1577 1771; x_wconf 90' lang='lat' dir='ltr'>salutis</span> <span class='ocrx_word' id='word_1_178' title='bbox 1617 1739 1776 1784; x_wconf 87' lang='lat' dir='ltr'>meae,</span> <span class='ocrx_word' id='word_1_179' title='bbox 1831 1723 1924 1770; x_wconf 89' lang='lat' dir='ltr'>hoc</span> 
     </span>
     <span class='ocr_line' id='line_1_22' title="bbox 229 1791 1991 1860; baseline -0.001 -15"><span class='ocrx_word' id='word_1_180' title='bbox 229 1797 450 1860; x_wconf 89' lang='lat' dir='ltr'>consilio,</span> <span class='ocrx_word' id='word_1_181' title='bbox 490 1801 569 1859; x_wconf 91' lang='lat' dir='ltr'>ut,</span> <span class='ocrx_word' id='word_1_182' title='bbox 616 1800 660 1847; x_wconf 89' lang='lat' dir='ltr'>si</span> <span class='ocrx_word' id='word_1_183' title='bbox 696 1798 904 1847; x_wconf 82' lang='lat' dir='ltr'>insidias</span> <span class='ocrx_word' id='word_1_184' title='bbox 944 1799 1227 1859; x_wconf 88' lang='lat' dir='ltr'>sensissem,</span> <span class='ocrx_word' id='word_1_185' title='bbox 1275 1797 1551 1845; x_wconf 89' lang='lat' dir='ltr'>subsidium</span> <span class='ocrx_word' id='word_1_186' title='bbox 1595 1798 1721 1844; x_wconf 91' lang='lat' dir='ltr'>mihi</span> <span class='ocrx_word' id='word_1_187' title='bbox 1759 1797 1924 1844; x_wconf 84' lang='lat' dir='ltr'>defen-</span> <span class='ocrx_word' id='word_1_188' title='bbox 1982 1791 1991 1827; x_wconf 65' lang='lat'>²,</span> 
     </span>
     <span class='ocr_line' id='line_1_23' title="bbox 139 1871 1925 1935; baseline -0.001 -16"><span class='ocrx_word' id='word_1_189' title='bbox 139 1873 225 1913; x_wconf 83' lang='lat'>525</span> <span class='ocrx_word' id='word_1_190' title='bbox 243 1873 396 1920; x_wconf 89' lang='lat' dir='ltr'>sionis</span> <span class='ocrx_word' id='word_1_191' title='bbox 435 1888 534 1920; x_wconf 90' lang='lat' dir='ltr'>non</span> <span class='ocrx_word' id='word_1_192' title='bbox 581 1874 882 1935; x_wconf 88' lang='lat' dir='ltr'>suppeteret.</span> <span class='ocrx_word' id='word_1_193' title='bbox 958 1874 1093 1920; x_wconf 71' lang='lat' dir='ltr'>intra</span> <span class='ocrx_word' id='word_1_194' title='bbox 1131 1875 1251 1921; x_wconf 76' lang='lat' dir='ltr'>tecta</span> <span class='ocrx_word' id='word_1_195' title='bbox 1289 1874 1428 1920; x_wconf 77' lang='lat' dir='ltr'>vocat</span> <span class='ocrx_word' id='word_1_196' title='bbox 1463 1871 1748 1920; x_wconf 73' lang='lat' dir='ltr'>Menelaum</span> <span class='ocrx_word' id='word_1_197' title='bbox 1789 1875 1832 1920; x_wconf 77' lang='lat' dir='ltr'>et</span> <span class='ocrx_word' id='word_1_198' title='bbox 1867 1871 1925 1919; x_wconf 75' lang='lat' dir='ltr'>li·</span> 
     </span>
     <span class='ocr_line' id='line_1_24' title="bbox 227 1946 1991 2006; baseline 0 -14"><span class='ocrx_word' id='word_1_199' title='bbox 227 1947 364 1994; x_wconf 78' lang='lat' dir='ltr'>mina</span> <span class='ocrx_word' id='word_1_200' title='bbox 385 1947 582 2006; x_wconf 75' lang='lat' dir='ltr'>pandit,</span> <span class='ocrx_word' id='word_1_201' title='bbox 613 1948 791 1994; x_wconf 75' lang='lat' dir='ltr'>scilicet</span> <span class='ocrx_word' id='word_1_202' title='bbox 819 1946 873 1994; x_wconf 70' lang='lat' dir='ltr'>id</span> <span class='ocrx_word' id='word_1_203' title='bbox 901 1961 1137 2006; x_wconf 73' lang='lat' dir='ltr'>maynum</span> <span class='ocrx_word' id='word_1_204' title='bbox 1167 1960 1374 2006; x_wconf 75' lang='lat' dir='ltr'>speram-S·</span> <span class='ocrx_word' id='word_1_205' title='bbox 1395 1947 1501 2005; x_wconf 81' lang='lat' dir='ltr'>fore</span> <span class='ocrx_word' id='word_1_206' title='bbox 1531 1960 1712 1994; x_wconf 76' lang='lat' dir='ltr'>mwnus</span> <span class='ocrx_word' id='word_1_207' title='bbox 1735 1947 1925 1994; x_wconf 77' lang='lat' dir='ltr'>amwnti</span> <span class='ocrx_word' id='word_1_208' title='bbox 1976 1949 1991 2006; x_wconf 52' lang='grc' dir='ltr'>ξ</span> 
     </span>
     <span class='ocr_line' id='line_1_25' title="bbox 230 2010 1993 2082; baseline 0.002 -16"><span class='ocrx_word' id='word_1_209' title='bbox 230 2022 273 2066; x_wconf 77' lang='lat' dir='ltr'>et</span> <span class='ocrx_word' id='word_1_210' title='bbox 318 2021 509 2079; x_wconf 80' lang='lat' dir='ltr'>famam</span> <span class='ocrx_word' id='word_1_211' title='bbox 561 2022 776 2082; x_wconf 73' lang='lat' dir='ltr'>extinqui</span> <span class='ocrx_word' id='word_1_212' title='bbox 819 2022 1033 2069; x_wconf 77' lang='lat' dir='ltr'>veterum</span> <span class='ocrx_word' id='word_1_213' title='bbox 1081 2021 1152 2068; x_wconf 76' lang='lat' dir='ltr'>sic</span> <span class='ocrx_word' id='word_1_214' title='bbox 1191 2034 1339 2080; x_wconf 76' lang='lat' dir='ltr'>posse</span> <span class='ocrx_word' id='word_1_215' title='bbox 1387 2021 1656 2068; x_wconf 74' lang='lat' dir='ltr'>malorum:</span> <span class='ocrx_word' id='word_1_216' title='bbox 1710 2021 1925 2067; x_wconf 88' lang='lat' dir='ltr'>coniunx</span> <span class='ocrx_word' id='word_1_217' title='bbox 1982 2010 1993 2070; x_wconf 38' lang='lat' dir='ltr'>f&#39;</span> 
     </span>
     <span class='ocr_line' id='line_1_26' title="bbox 229 2093 1994 2156; baseline 0.002 -16"><span class='ocrx_word' id='word_1_218' title='bbox 229 2093 354 2141; x_wconf 87' lang='lat' dir='ltr'>dixit</span> <span class='ocrx_word' id='word_1_219' title='bbox 393 2097 442 2142; x_wconf 88' lang='lat' dir='ltr'>et</span> <span class='ocrx_word' id='word_1_220' title='bbox 481 2111 579 2143; x_wconf 90' lang='lat' dir='ltr'>non</span> <span class='ocrx_word' id='word_1_221' title='bbox 627 2095 753 2142; x_wconf 90' lang='lat' dir='ltr'>dixit</span> <span class='ocrx_word' id='word_1_222' title='bbox 798 2111 908 2142; x_wconf 90' lang='lat' dir='ltr'>mea</span> <span class='ocrx_word' id='word_1_223' title='bbox 953 2094 1258 2156; x_wconf 88' lang='lat' dir='ltr'>perindeque</span> <span class='ocrx_word' id='word_1_224' title='bbox 1303 2095 1597 2154; x_wconf 84' lang='lat' dir='ltr'>multorum3</span> <span class='ocrx_word' id='word_1_225' title='bbox 1646 2094 1745 2141; x_wconf 89' lang='lat' dir='ltr'>fuit</span> <span class='ocrx_word' id='word_1_226' title='bbox 1790 2094 1923 2141; x_wconf 85' lang='lat' dir='ltr'>enim</span> <span class='ocrx_word' id='word_1_227' title='bbox 1953 2116 1994 2143; x_wconf 65' lang='lat'>1„</span> 
     </span>
     <span class='ocr_line' id='line_1_27' title="bbox 226 2165 1984 2230; baseline -0.001 -15"><span class='ocrx_word' id='word_1_228' title='bbox 226 2167 456 2229; x_wconf 87' lang='lat' dir='ltr'>Menelai,</span> <span class='ocrx_word' id='word_1_229' title='bbox 496 2168 672 2216; x_wconf 89' lang='lat' dir='ltr'>dehinc</span> <span class='ocrx_word' id='word_1_230' title='bbox 710 2169 906 2217; x_wconf 90' lang='lat' dir='ltr'>Paridis</span> <span class='ocrx_word' id='word_1_231' title='bbox 939 2171 988 2216; x_wconf 89' lang='lat' dir='ltr'>et</span> <span class='ocrx_word' id='word_1_232' title='bbox 1018 2171 1140 2216; x_wconf 92' lang='lat' dir='ltr'>tunc</span> <span class='ocrx_word' id='word_1_233' title='bbox 1178 2167 1441 2230; x_wconf 87' lang='lat' dir='ltr'>Deiphobi,</span> <span class='ocrx_word' id='word_1_234' title='bbox 1482 2183 1608 2229; x_wconf 87' lang='lat' dir='ltr'>quae</span> <span class='ocrx_word' id='word_1_235' title='bbox 1640 2183 1730 2216; x_wconf 91' lang='lat' dir='ltr'>nec</span> <span class='ocrx_word' id='word_1_236' title='bbox 1759 2169 1924 2230; x_wconf 89' lang='lat' dir='ltr'>ipsum</span> <span class='ocrx_word' id='word_1_237' title='bbox 1973 2165 1984 2174; x_wconf 85' lang='grc'><strong>”</strong></span> 
     </span>
     <span class='ocr_line' id='line_1_28' title="bbox 229 2242 1924 2304; baseline -0.001 -14"><span class='ocrx_word' id='word_1_238' title='bbox 229 2257 399 2290; x_wconf 85' lang='lat' dir='ltr'>carum</span> <span class='ocrx_word' id='word_1_239' title='bbox 436 2242 692 2291; x_wconf 88' lang='lat' dir='ltr'>habuisset</span> <span class='ocrx_word' id='word_1_240' title='bbox 732 2243 809 2291; x_wconf 88' lang='lat' dir='ltr'>cui</span> <span class='ocrx_word' id='word_1_241' title='bbox 848 2244 1010 2304; x_wconf 89' lang='lat' dir='ltr'>primo</span> <span class='ocrx_word' id='word_1_242' title='bbox 1050 2243 1214 2290; x_wconf 88' lang='lat' dir='ltr'>fuerat</span> <span class='ocrx_word' id='word_1_243' title='bbox 1252 2243 1422 2290; x_wconf 88' lang='lat' dir='ltr'>iuncta</span> <span class='ocrx_word' id='word_1_244' title='bbox 1453 2257 1680 2304; x_wconf 89' lang='lat' dir='ltr'>quaeque</span> <span class='ocrx_word' id='word_1_245' title='bbox 1712 2243 1924 2290; x_wconf 90' lang='lat' dir='ltr'>nesciret</span> 
     </span>
     <span class='ocr_line' id='line_1_29' title="bbox 227 2316 1924 2377; baseline -0.001 -14"><span class='ocrx_word' id='word_1_246' title='bbox 227 2317 395 2364; x_wconf 87' lang='lat' dir='ltr'>uxoris</span> <span class='ocrx_word' id='word_1_247' title='bbox 428 2316 691 2365; x_wconf 89' lang='lat' dir='ltr'>adfectum.</span> <span class='ocrx_word' id='word_1_248' title='bbox 745 2317 939 2365; x_wconf 91' lang='lat' dir='ltr'>hostem</span> <span class='ocrx_word' id='word_1_249' title='bbox 979 2332 1288 2364; x_wconf 89' lang='lat' dir='ltr'>communem</span> <span class='ocrx_word' id='word_1_250' title='bbox 1320 2317 1542 2364; x_wconf 91' lang='lat' dir='ltr'>omnium</span> <span class='ocrx_word' id='word_1_251' title='bbox 1567 2319 1615 2364; x_wconf 85' lang='lat' dir='ltr'>et</span> <span class='ocrx_word' id='word_1_252' title='bbox 1631 2316 1924 2377; x_wconf 43' lang='lat' dir='ltr'>*specialiter</span> 
     </span>
     <span class='ocr_line' id='line_1_30' title="bbox 227 2390 1975 2440; baseline -0.001 -2"><span class='ocrx_word' id='word_1_253' title='bbox 227 2406 394 2438; x_wconf 89' lang='lat' dir='ltr'>meum</span> <span class='ocrx_word' id='word_1_254' title='bbox 445 2392 499 2438; x_wconf 89' lang='lat' dir='ltr'>in</span> <span class='ocrx_word' id='word_1_255' title='bbox 553 2393 862 2439; x_wconf 89' lang='lat' dir='ltr'>exarmatum</span> <span class='ocrx_word' id='word_1_256' title='bbox 907 2391 1190 2439; x_wconf 89' lang='lat' dir='ltr'>cubiculum</span> <span class='ocrx_word' id='word_1_257' title='bbox 1234 2392 1375 2438; x_wconf 89' lang='lat' dir='ltr'>misit</span> <span class='ocrx_word' id='word_1_258' title='bbox 1419 2391 1559 2438; x_wconf 88' lang='lat' dir='ltr'>velut</span> <span class='ocrx_word' id='word_1_259' title='bbox 1604 2390 1924 2438; x_wconf 85' lang='lat' dir='ltr'>satisfactura</span> <span class='ocrx_word' id='word_1_260' title='bbox 1971 2430 1975 2440; x_wconf 86' lang='grc'><strong>,</strong></span> 
     </span>
     <span class='ocr_line' id='line_1_31' title="bbox 230 2463 1922 2527; baseline -0.001 -16"><span class='ocrx_word' id='word_1_261' title='bbox 230 2465 276 2511; x_wconf 90' lang='lat' dir='ltr'>ei</span> <span class='ocrx_word' id='word_1_262' title='bbox 305 2480 395 2526; x_wconf 89' lang='lat' dir='ltr'>pro</span> <span class='ocrx_word' id='word_1_263' title='bbox 426 2464 674 2514; x_wconf 86' lang='lat' dir='ltr'>veteribus</span> <span class='ocrx_word' id='word_1_264' title='bbox 707 2464 972 2513; x_wconf 90' lang='lat' dir='ltr'>sceleribus</span> <span class='ocrx_word' id='word_1_265' title='bbox 1005 2465 1120 2526; x_wconf 91' lang='lat' dir='ltr'>suis,</span> <span class='ocrx_word' id='word_1_266' title='bbox 1153 2466 1233 2512; x_wconf 89' lang='lat' dir='ltr'>cui</span> <span class='ocrx_word' id='word_1_267' title='bbox 1262 2466 1424 2527; x_wconf 90' lang='lat' dir='ltr'>primo</span> <span class='ocrx_word' id='word_1_268' title='bbox 1448 2466 1732 2512; x_wconf 87' lang='lat' dir='ltr'>mutaverat</span> <span class='ocrx_word' id='word_1_269' title='bbox 1761 2463 1922 2523; x_wconf 90' lang='lat' dir='ltr'>fidem,</span> 
     </span>
     <span class='ocr_line' id='line_1_32' title="bbox 220 2538 1978 2601; baseline -0.001 -15"><span class='ocrx_word' id='word_1_270' title='bbox 220 2540 279 2586; x_wconf 80' lang='lat' dir='ltr'>&#39;et</span> <span class='ocrx_word' id='word_1_271' title='bbox 316 2539 578 2601; x_wconf 89' lang='lat' dir='ltr'>suppliciis</span> <span class='ocrx_word' id='word_1_272' title='bbox 617 2540 740 2587; x_wconf 87' lang='lat' dir='ltr'>meis</span> <span class='ocrx_word' id='word_1_273' title='bbox 778 2542 1050 2600; x_wconf 89' lang='lat' dir='ltr'>pensatura</span> <span class='ocrx_word' id='word_1_274' title='bbox 1089 2554 1218 2600; x_wconf 88' lang='lat' dir='ltr'>quae</span> <span class='ocrx_word' id='word_1_275' title='bbox 1257 2538 1549 2587; x_wconf 84' lang='lat' dir='ltr'>detestanda</span> <span class='ocrx_word' id='word_1_276' title='bbox 1595 2539 1922 2598; x_wconf 88' lang='lat' dir='ltr'>commiserat,</span> <span class='ocrx_word' id='word_1_277' title='bbox 1975 2559 1978 2563; x_wconf 91' lang='lat'>·</span> 
     </span>
    </p>
   </div>
   <div class='ocr_carea' id='block_1_3' title="bbox 229 2639 560 2644">
    <p class='ocr_par' dir='ltr' id='par_1_3' title="bbox 229 2639 560 2644">
     <span class='ocr_line' id='line_1_33' title="bbox 229 2639 560 2644; baseline 0 0"><span class='ocrx_word' id='word_1_278' title='bbox 229 2639 560 2644; x_wconf 95' lang='lat' dir='ltr'> </span> 
     </span>
    </p>
   </div>
   <div class='ocr_carea' id='block_1_4' title="bbox 211 2692 1998 3043">
    <p class='ocr_par' dir='ltr' id='par_1_4' title="bbox 222 2692 1987 2927">
     <span class='ocr_line' id='line_1_34' title="bbox 349 2692 1981 2751; baseline -0.002 -13"><span class='ocrx_word' id='word_1_279' title='bbox 349 2698 372 2737; x_wconf 93' lang='lat'>1</span> <span class='ocrx_word' id='word_1_280' title='bbox 405 2694 596 2751; x_wconf 62' lang='lat' dir='ltr'>fatigati</span> <span class='ocrx_word' id='word_1_281' title='bbox 625 2693 668 2737; x_wconf 94' lang='lat' dir='ltr'><strong>V</strong></span> <span class='ocrx_word' id='word_1_282' title='bbox 699 2699 794 2738; x_wconf 76' lang='lat' dir='ltr'>-tus</span> <span class='ocrx_word' id='word_1_283' title='bbox 825 2694 896 2738; x_wconf 90' lang='lat' dir='ltr'>ed.</span> <span class='ocrx_word' id='word_1_284' title='bbox 1035 2699 1062 2738; x_wconf 79' lang='lat'>2</span> <span class='ocrx_word' id='word_1_285' title='bbox 1094 2695 1239 2750; x_wconf 77' lang='lat' dir='ltr'>coepit</span> <span class='ocrx_word' id='word_1_286' title='bbox 1269 2694 1339 2738; x_wconf 88' lang='lat' dir='ltr'>ed.</span> <span class='ocrx_word' id='word_1_287' title='bbox 1477 2698 1505 2736; x_wconf 88' lang='lat'>4</span> <span class='ocrx_word' id='word_1_288' title='bbox 1537 2706 1625 2749; x_wconf 77' lang='lat' dir='ltr'>quo</span> <span class='ocrx_word' id='word_1_289' title='bbox 1656 2698 1850 2748; x_wconf 80' lang='lat' dir='ltr'>tempore</span> <span class='ocrx_word' id='word_1_290' title='bbox 1879 2692 1922 2735; x_wconf 90' lang='lat' dir='ltr'><strong>V</strong></span> <span class='ocrx_word' id='word_1_291' title='bbox 1977 2715 1981 2718; x_wconf 61' lang='lat'><strong>&lt;</strong></span> 
     </span>
     <span class='ocr_line' id='line_1_35' title="bbox 227 2751 1920 2809; baseline -0.001 -13"><span class='ocrx_word' id='word_1_292' title='bbox 227 2766 277 2798; x_wconf 86' lang='lat' dir='ltr'>eo</span> <span class='ocrx_word' id='word_1_293' title='bbox 306 2758 338 2797; x_wconf 84' lang='lat' dir='ltr'>t.</span> <span class='ocrx_word' id='word_1_294' title='bbox 371 2766 459 2809; x_wconf 77' lang='lat' dir='ltr'>quo</span> <span class='ocrx_word' id='word_1_295' title='bbox 491 2753 562 2796; x_wconf 89' lang='lat' dir='ltr'>ed.</span> <span class='ocrx_word' id='word_1_296' title='bbox 686 2757 712 2796; x_wconf 87' lang='grc'>6</span> <span class='ocrx_word' id='word_1_297' title='bbox 743 2753 951 2798; x_wconf 79' lang='lat' dir='ltr'>cubiculo</span> <span class='ocrx_word' id='word_1_298' title='bbox 982 2753 1024 2797; x_wconf 94' lang='lat' dir='ltr'><strong>V</strong></span> <span class='ocrx_word' id='word_1_299' title='bbox 1059 2754 1202 2798; x_wconf 75' lang='lat' dir='ltr'>cubili</span> <span class='ocrx_word' id='word_1_300' title='bbox 1233 2753 1304 2797; x_wconf 86' lang='lat' dir='ltr'>ed.</span> <span class='ocrx_word' id='word_1_301' title='bbox 1437 2757 1492 2796; x_wconf 83' lang='lat'>14</span> <span class='ocrx_word' id='word_1_302' title='bbox 1523 2752 1704 2808; x_wconf 77' lang='lat' dir='ltr'>dirupit</span> <span class='ocrx_word' id='word_1_303' title='bbox 1733 2751 1776 2795; x_wconf 92' lang='lat' dir='ltr'><strong>V</strong></span> <span class='ocrx_word' id='word_1_304' title='bbox 1807 2752 1920 2796; x_wconf 73' lang='lat' dir='ltr'>diri·</span> 
     </span>
     <span class='ocr_line' id='line_1_36' title="bbox 222 2810 1985 2870; baseline 0 -16"><span class='ocrx_word' id='word_1_305' title='bbox 222 2812 331 2868; x_wconf 76' lang='lat' dir='ltr'>puit</span> <span class='ocrx_word' id='word_1_306' title='bbox 361 2812 434 2855; x_wconf 88' lang='lat' dir='ltr'>ed.</span> <span class='ocrx_word' id='word_1_307' title='bbox 570 2816 623 2856; x_wconf 81' lang='lat'>17</span> <span class='ocrx_word' id='word_1_308' title='bbox 657 2811 839 2857; x_wconf 80' lang='lat' dir='ltr'>laudem</span> <span class='ocrx_word' id='word_1_309' title='bbox 869 2812 912 2856; x_wconf 93' lang='lat' dir='ltr'><strong>V</strong></span> <span class='ocrx_word' id='word_1_310' title='bbox 943 2813 970 2856; x_wconf 83' lang='lat' dir='ltr'>l.</span> <span class='ocrx_word' id='word_1_311' title='bbox 1002 2813 1264 2870; x_wconf 68' lang='lat' dir='ltr'>siqnifiicare</span> <span class='ocrx_word' id='word_1_312' title='bbox 1295 2812 1383 2866; x_wconf 87' lang='lat' dir='ltr'>ed.,</span> <span class='ocrx_word' id='word_1_313' title='bbox 1416 2811 1499 2855; x_wconf 88' lang='lat' dir='ltr'>sed</span> <span class='ocrx_word' id='word_1_314' title='bbox 1529 2810 1648 2855; x_wconf 84' lang='lat' dir='ltr'>talia</span> <span class='ocrx_word' id='word_1_315' title='bbox 1678 2810 1796 2854; x_wconf 83' lang='lat' dir='ltr'>Don.</span> <span class='ocrx_word' id='word_1_316' title='bbox 1828 2823 1923 2854; x_wconf 88' lang='lat' dir='ltr'>non</span> <span class='ocrx_word' id='word_1_317' title='bbox 1969 2835 1985 2867; x_wconf 61' lang='grc' dir='ltr'>χ,</span> 
     </span>
     <span class='ocr_line' id='line_1_37' title="bbox 226 2869 1969 2927; baseline -0.001 -13"><span class='ocrx_word' id='word_1_318' title='bbox 226 2883 332 2915; x_wconf 85' lang='lat' dir='ltr'>raro</span> <span class='ocrx_word' id='word_1_319' title='bbox 365 2870 511 2915; x_wconf 84' lang='lat' dir='ltr'>audit.</span> <span class='ocrx_word' id='word_1_320' title='bbox 659 2875 712 2915; x_wconf 89' lang='lat'>18</span> <span class='ocrx_word' id='word_1_321' title='bbox 745 2871 895 2916; x_wconf 79' lang='lat' dir='ltr'>erudit</span> <span class='ocrx_word' id='word_1_322' title='bbox 926 2871 969 2915; x_wconf 93' lang='lat' dir='ltr'><strong>V</strong></span> <span class='ocrx_word' id='word_1_323' title='bbox 1000 2884 1114 2915; x_wconf 83' lang='lat' dir='ltr'>corr.</span> <span class='ocrx_word' id='word_1_324' title='bbox 1149 2871 1220 2916; x_wconf 88' lang='lat' dir='ltr'>ed.</span> <span class='ocrx_word' id='word_1_325' title='bbox 1365 2875 1422 2915; x_wconf 82' lang='lat'>20</span> <span class='ocrx_word' id='word_1_326' title='bbox 1446 2871 1603 2927; x_wconf 76' lang='lat' dir='ltr'>potuit</span> <span class='ocrx_word' id='word_1_327' title='bbox 1633 2869 1676 2914; x_wconf 88' lang='lat' dir='ltr'><strong>V</strong></span> <span class='ocrx_word' id='word_1_328' title='bbox 1706 2883 1821 2913; x_wconf 85' lang='lat' dir='ltr'>corr.</span> <span class='ocrx_word' id='word_1_329' title='bbox 1847 2869 1919 2913; x_wconf 86' lang='lat' dir='ltr'>ed.</span> <span class='ocrx_word' id='word_1_330' title='bbox 1965 2887 1969 2899; x_wconf 77' lang='lat'>=</span> 
     </span>
    </p>

    <p class='ocr_par' dir='ltr' id='par_1_5' title="bbox 211 2929 1998 3043">
     <span class='ocr_line' id='line_1_38' title="bbox 318 2929 1998 2987; baseline -0.001 -14"><span class='ocrx_word' id='word_1_331' title='bbox 318 2934 375 2973; x_wconf 81' lang='lat'>24</span> <span class='ocrx_word' id='word_1_332' title='bbox 386 2933 494 2974; x_wconf 82' lang='lat'>—25</span> <span class='ocrx_word' id='word_1_333' title='bbox 524 2930 731 2974; x_wconf 65' lang='lat' dir='ltr'>coniunxit</span> <span class='ocrx_word' id='word_1_334' title='bbox 760 2931 884 2975; x_wconf 74' lang='lat' dir='ltr'>dixit</span> <span class='ocrx_word' id='word_1_335' title='bbox 912 2931 1065 2987; x_wconf 74' lang='lat' dir='ltr'>inquit</span> <span class='ocrx_word' id='word_1_336' title='bbox 1094 2929 1138 2974; x_wconf 87' lang='lat' dir='ltr'><strong>V</strong></span> <span class='ocrx_word' id='word_1_337' title='bbox 1167 2944 1202 2974; x_wconf 83' lang='lat' dir='ltr'>c.</span> <span class='ocrx_word' id='word_1_338' title='bbox 1227 2931 1381 2986; x_wconf 76' lang='lat' dir='ltr'>inquit</span> <span class='ocrx_word' id='word_1_339' title='bbox 1412 2929 1483 2974; x_wconf 87' lang='lat' dir='ltr'>ed.</span> <span class='ocrx_word' id='word_1_340' title='bbox 1516 2942 1552 2973; x_wconf 86' lang='lat' dir='ltr'>c.</span> <span class='ocrx_word' id='word_1_341' title='bbox 1579 2929 1702 2974; x_wconf 73' lang='lat' dir='ltr'>dimit</span> <span class='ocrx_word' id='word_1_342' title='bbox 1731 2942 1830 2973; x_wconf 84' lang='lat' dir='ltr'>nos.</span> <span class='ocrx_word' id='word_1_343' title='bbox 1871 2978 1876 2982; x_wconf 49' lang='grc'><strong>,</strong></span> <span class='ocrx_word' id='word_1_344' title='bbox 1966 2935 1968 2958; x_wconf 74' lang='grc' dir='ltr'><em>ῑ</em></span> <span class='ocrx_word' id='word_1_345' title='bbox 1995 2966 1998 2982; x_wconf 48' lang='lat'>1</span> 
     </span>
     <span class='ocr_line' id='line_1_39' title="bbox 211 2989 1065 3043; baseline 0.002 -13"><span class='ocrx_word' id='word_1_346' title='bbox 211 2992 284 3032; x_wconf 80' lang='grc'>,29</span> <span class='ocrx_word' id='word_1_347' title='bbox 317 2994 603 3034; x_wconf 79' lang='lat' dir='ltr'>exarmatum</span> <span class='ocrx_word' id='word_1_348' title='bbox 633 2989 677 3034; x_wconf 94' lang='lat' dir='ltr'><strong>V</strong></span> <span class='ocrx_word' id='word_1_349' title='bbox 707 2994 963 3043; x_wconf 62' lang='lat' dir='ltr'>execratum</span> <span class='ocrx_word' id='word_1_350' title='bbox 994 2989 1065 3033; x_wconf 86' lang='lat' dir='ltr'>ed.</span> 
     </span>
    </p>
   </div>
   <div class='ocr_carea' id='block_1_5' title="bbox 1942 0 2014 3226">
    <p class='ocr_par' dir='ltr' id='par_1_6' title="bbox 1942 0 2014 3226">
     <span class='ocr_line' id='line_1_40' title="bbox 1942 0 2014 3226; baseline 0 0"><span class='ocrx_word' id='word_1_351' title='bbox 1942 0 2014 3226; x_wconf 95' lang='lat' dir='ltr'> </span> 
     </span>
    </p>
   </div>
  </div>
 </body>
</html>
