2014 3226
203 200 311 253 258
672 199 904 242 DONATI
934 199 1216 244 INTERPR.
1250 199 1428 243 VERG.

115 347 201 386 800
220 357 309 401 que
347 342 521 401 parati
567 342 617 386 ‘in
668 353 992 398 quascumque
1041 341 1183 387 velim
1220 340 1395 400 pelago
1442 341 1674 389 deducere
1720 346 1901 390 terras:

205 430 412 476 cumque
460 415 550 460 hoc
599 413 844 473 fecissem,
899 414 1083 461 multos
1132 429 1256 475 quos
1305 430 1403 461 non
1451 414 1736 463 dimiseram
1786 430 1900 462 con-

205 493 367 553 gestos
415 488 605 548 inveni,
659 487 873 534 volentis
921 502 1114 534 mecum
1159 489 1231 535 ire
1280 503 1376 549 quo
1423 488 1614 537 vellem.
1697 489 1899 537 adactos

204 564 441 611 violentia
490 577 722 621 superum
768 577 866 608 non
914 561 1074 608 solum
1129 577 1178 608 se
1227 561 1350 608 dicit
1398 563 1742 610 necessitatem
1791 563 1898 611 abs·

204 636 406 684 cedendi
444 634 693 694 habuisse,
734 634 819 682 sed
856 635 1111 696 plurimos.
1186 635 1368 682 muniit
1405 636 1547 683 111313
1581 638 1791 698 partem,
1838 653 1898 684 ne
1946 654 1966 686 5

202 711 455 758 videretur
503 709 634 756 solus
683 708 927 756 dimisisse
975 710 1214 770 patriam,
1267 711 1310 756 31
1356 709 1407 756 1(1
1455 711 1619 758 31111113
1662 711 1789 758 311113
1829 711 1898 757 fe-

203 785 324 833 cisse
379 783 642 830 videretur.
719 784 913 842 iamque
965 784 1094 842 iuyis
1146 798 1366 831 summac
1419 785 1646 844 smyebat
1694 785 1901 845 Lucifer

200 859 326 905 Idae
381 858 674 915 ducebatque
728 857 878 904 diem:
938 872 1068 904 nova
1123 857 1453 918 descriptione
1508 874 1625 906 usus
1679 860 1754 906 est
1800 859 1899 906 diei

201 931 472 991 nascentis3
535 947 652 978 nam
707 933 821 978 ante
876 930 1039 992 ipsum
1095 932 1315 979 exoritur
1369 930 1588 993 Lucifer,
1651 933 1784 980 111130
1845 933 1896 979 in
1995 923 1999 1010 j

201 1021 414 1067 superna
462 1004 749 1052 tendentem
792 1006 1016 1066 sequitur
1055 1005 1162 1065 lux,
1211 1021 1336 1066 quae
1377 1004 1507 1052 diem
1546 1006 1748 1067 plenum
1786 1021 1898 1068 pro·
1923 1015 1998 1058 1οἾ

202 1081 349 1127 (111013
398 1078 665 1126 confirmet.
744 1079 942 1127 videtur
989 1095 1105 1141 ergo
1152 1078 1352 1126 Lucifer
1397 1095 1495 1126 non
1542 1083 1647 1128 tam
1693 1082 1896 1128 nuntius
1994 1069 1997 1085 ³

201 1154 300 1201 diei
340 1168 445 1201 esse
484 1153 746 1213 venientis,
778 1153 863 1201 sed
902 1152 1028 1200 fidus
1070 1155 1329 1215 certusque
1360 1153 1639 1215 perductor.
1701 1155 1899 1202 Danai·
1991 1210 1994 1222 ,

200 1242 290 1288 que
336 1228 530 1275 obsessa
576 1228 799 1275 tenebant
843 1227 1018 1275 limina
1054 1230 1318 1287 portarwm
1363 1242 1448 1275 nec
1494 1242 1602 1288 spes
1649 1230 1754 1288 opis
1791 1229 1898 1276 ulla
1988 1242 1995 1312 3

199 1303 435 1350 dabatur:
496 1302 666 1362 posuit
712 1301 867 1350 saluti
914 1316 1030 1349 suae
1079 1316 1376 1363 suorumque
1425 1303 1695 1363 contraria,
1743 1319 1896 1350 unum
1988 1320 1994 1366 1

198 1372 346 1436 lucis,
407 1390 532 1437 quae
586 1377 837 1423 1010011113
898 1376 1063 1422 fuerat
1117 1375 1248 1437 quod
1303 1376 1594 1423 velaverant
1646 1376 1896 1437 tenebrae,
1922 1369 1993 1435 15}

199 1450 337 1497 aliud
392 1448 526 1511 quod
578 1449 818 1497 tenebant
870 1450 1036 1496 hostes
1101 1451 1259 1497 omnis
1322 1465 1567 1513 egressus,
1632 1465 1757 1511 quae
1818 1466 1896 1498 res

198 1523 491 1572 ostendebat
528 1523 792 1571 victoriam
832 1538 935 1571 esse
975 1523 1264 1584 confectam,
1303 1524 1500 1571 nullum
1540 1524 1688 1571 etiam
1731 1524 1897 1572 defen·
1985 1524 1991 1546 ²

198 1600 327 1646 sioni
364 1598 531 1647 locum
563 1599 887 1659 superfuisse:
926 1597 1019 1646 hoc
1049 1598 1147 1644 fuit
1177 1598 1399 1660 tertium,
1433 1598 1566 1659 quod
1596 1598 1736 1646 nulla
1769 1602 1897 1646 esset
1987 1662 1989 1664 ‚

199 1688 309 1734 spes
357 1671 604 1721 commodi
652 1671 876 1719 alicuius.
955 1673 1075 1719 cessi
1128 1674 1171 1719 et
1217 1672 1406 1720 sublato
1460 1675 1636 1720 montis
1682 1674 1896 1733 yenitore

188 1748 366 1806 petivi:
420 1762 478 1794 ex
515 1746 690 1808 plano,
737 1747 924 1807 inquit,
971 1745 1142 1792 inutili
1181 1745 1245 1792 ad
1282 1745 1430 1793 utilia
1467 1746 1714 1794 montium
1753 1761 1894 1808 supe·
1919 1763 1966 1797 30

196 1821 330 1869 riora
386 1819 660 1869 conscendi.
745 1820 946 1882 plenum
1003 1818 1334 1868 excusationis
1388 1821 1442 1867 in
1495 1820 1674 1869 ultimo
1727 1821 1896 1882 posuit

197 1895 403 1942 verbum
436 1895 580 1942 cessi:
622 1894 930 1954 constrictus,
962 1895 1143 1955 inquit,
1174 1895 1361 1941 maiore
1397 1895 1651 1956 violentia,
1683 1894 1896 1956 probata

196 1969 320 2015 mihi
357 1984 446 2030 per
483 1967 780 2015 Laocoontis
821 1969 1041 2027 exitium,
1079 1983 1170 2029 per
1208 1967 1522 2031 diligentiam
1556 1970 1733 2016 matris
1768 1984 1894 2030 quae
1956 1966 1965 2028 j
1992 2014 1993 2019 ,

196 2042 320 2089 mihi
374 2042 489 2090 deos
542 2043 710 2103 potius
765 2057 917 2103 quam
963 2040 1175 2089 Graecos
1228 2042 1457 2089 inimicos
1513 2042 1751 2103 ostendit,
1805 2058 1894 2104 per
1954 2047 1994 2100 g,

197 2117 403 2164 missum
440 2115 722 2164 incendium
763 2131 820 2163 ex
858 2115 934 2162 fili
963 2117 1063 2163 mei
1093 2117 1294 2176 vertice,
1325 2131 1414 2178 per
1443 2116 1701 2164 hortatum
1730 2117 1890 2177 patris
1915 2101 1979 2188 ἡ

198 2191 247 2237 01
292 2190 494 2253 religios
497 2205 551 2237 as
597 2205 742 2238 voees
789 2191 956 2237 uxoris
1004 2191 1054 2237 et
1101 2189 1270 2237 divina
1311 2205 1436 2251 quae
1475 2189 1686 2237 tradidit
1724 2189 1891 2254 verba,

198 2265 323 2312 cessi
353 2263 651 2325 potioribus;
687 2279 846 2326 neque
879 2264 1012 2312 enim
1044 2263 1191 2311 debui
1221 2263 1429 2311 ulterius
1461 2265 1557 2311 niti
1590 2266 1677 2325 qui
1706 2265 1891 2312 totiens
1976 2269 1979 2308 ἱ

197 2337 292 2385 (1113
331 2337 727 2401 repugnantibus
766 2338 952 2386 frustra
992 2338 1194 2386 certavi.
1260 2338 1405 2398 plene
1443 2337 1700 2399 respondit
1737 2339 1890 2385 inter-

196 2411 448 2475 rogationi
478 2411 688 2459 Didonis
722 2427 848 2473 quae
881 2411 1007 2459 dixit
1038 2405 1114 2477 (1,
1142 2404 1272 2478 754)
1311 2427 1463 2459 narra
1493 2412 1619 2459 mihi
1651 2411 1891 2473 „insidias
1975 2426 1977 2433 ⁸

317 2600 342 2639 2
374 2609 469 2639 ‘non
500 2595 761 2640 dimiseram
792 2595 880 2639 LR
918 2596 950 2640 i.
976 2609 1014 2640 e.
1046 2609 1141 2640 non
1169 2595 1474 2653 reliqueram,
1515 2610 1621 2640 cum
1653 2597 1714 2640 ad
1746 2609 1890 2652 quae·
1919 2601 1923 2604 ⁴

195 2655 390 2698 rendam
430 2653 647 2698 Creusam
689 2654 997 2700 discederem.
1051 2655 1177 2699 hunc.
1214 2654 1389 2699 Donati
1434 2669 1611 2699 morem
1651 2655 1891 2699 dimittere

194 2727 279 2770 pro
328 2713 635 2770 relinquendo
682 2714 900 2770 ponentis
946 2728 1039 2758 non
1085 2713 1415 2771 intellegentes
1468 2728 1564 2759 ‘non
1617 2714 1891 2759 deleverunt

194 2771 238 2815 Η
270 2772 340 2817 ed.
473 2777 498 2816 3
531 2773 652 2829 quod
680 2773 833 2817 vellem
864 2773 952 2816 LR
983 2787 1071 2830 quo
1101 2788 1140 2818 v.
1172 2788 1196 2816 r
1227 2774 1298 2818 ed
1349 2775 1356 2832 Ι
1413 2775 1607 2819 adactus
1637 2773 1723 2816 LR
1755 2773 1826 2818 ed.

195 2836 248 2875 11
282 2837 376 2876 tam
406 2831 494 2875 LR
523 2836 702 2876 tantum
734 2832 804 2875 ed.
923 2837 977 2876 12
983 2789 1133 2888 qfidus
1162 2831 1249 2875 LR
1278 2833 1314 2887 f.
1340 2847 1513 2890 quoque
1545 2833 1614 2876 ed.
1725 2837 1778 2876 17
1812 2832 1888 2877 de-

191 2891 396 2945 fensione
427 2889 514 2934 LR
545 2891 617 2934 -ni
647 2906 671 2934 r
701 2890 772 2935 ed
904 2896 958 2936 19
991 2892 1120 2936 ces-sii
1149 2890 1186 2934 L
1218 2893 1347 2937 cessit
1376 2891 1418 2934 R
1449 2906 1563 2936 corr
1588 2907 1623 2935 r.
1667 2893 1674 2948 Ι
1722 2891 1888 2936 montis

194 2949 282 2992 LR
319 2955 511 2995 montem
548 2963 584 2993 r.
745 2954 798 2993 21
835 2951 974 3007 posui
1011 2949 1098 2994 LR
1137 2963 1250 2996 corr.
1283 2966 1319 2994 r.
1479 2955 1534 2995 29
1575 2951 1762 2995 imidiis
1800 2949 1890 3002 ΕΒ.

195 3021 308 3052 cort.
340 3023 378 3054 r.
