2014 3226
209 169 319 221 400
675 167 909 210 DONATI
939 167 1219 210 INTERPR.
1252 166 1430 210 VERG.

213 325 316 357 esse
356 309 584 356 videatur
623 309 673 354 et
713 307 974 354 advertens
1014 308 1066 352 in
1106 322 1156 354 se
1197 322 1391 353 omnem
1430 306 1672 354 invidiam
1704 306 1904 369 congeri

124 387 210 427 320
227 382 451 446 rogantis
490 381 715 442 precibus
758 382 1103 441 acquiesceret.
1182 384 1224 428 te
1253 383 1457 440 propter
1494 380 1708 440 Libycae
1742 384 1904 440 yentes

210 457 582 514 Nomadumque
620 457 821 514 tyranni
860 456 1013 509 odere,
1053 455 1236 512 infensi
1278 454 1323 499 T
1317 456 1416 514 syrii
1425 471 1440 500 .·
1494 457 1697 516 propter
1735 471 1903 514 unum,

210 531 394 590 inquit,
435 532 484 576 te
524 531 573 575 et
611 544 746 593 meos
787 530 947 576 omnis
988 531 1036 575 et
1076 530 1237 590 gentis
1284 529 1474 575 vicinas
1522 528 1723 588 offendi,
1771 527 1904 576 domi

211 604 428 664 forisque
478 603 646 650 odium
692 619 770 649 me
816 618 915 649 non
966 603 1151 649 frustra
1207 601 1541 649 circumdedit.
1621 617 1732 649 cum
1786 602 1905 649 dicit
1951 616 1972 649 5

211 678 423 738 Libycas
471 678 640 739 gentes
681 679 730 723 et
768 676 1021 723 Nomadas
1068 678 1307 736 tyrannos
1347 677 1611 737 tangitque
1649 676 1905 723 hominum

213 767 365 815 genus
405 766 649 810 asperum,
690 751 812 798 satis
854 749 1072 797 ostendit
1112 765 1169 796 ex
1211 750 1395 796 offensa
1435 749 1579 813 gravi
1616 765 1759 810 posse
1791 749 1904 797 illos

212 825 459 872 crudelius
493 826 542 871 et
572 825 822 871 inmanius
856 823 1167 872 commoveri.
1235 822 1505 885 supprimit
1544 826 1712 871 autem
1750 840 1904 885 quan-

211 900 411 946 titatem
450 899 674 961 gentium
714 900 763 944 et
802 900 1144 959 tyrannorum,
1185 899 1241 944 ut
1279 896 1466 944 infiniti
1504 899 1697 945 numeri
1735 898 1905 945 formi-

213 973 378 1020 dinem
424 973 681 1019 monstret.
759 971 967 1033 proinde
1014 973 1144 1018 inter
1189 974 1266 1018 tot
1312 987 1369 1018 ac
1415 971 1532 1019 talis
1585 972 1747 1032 qualis
1800 971 1907 1020 vita
1931 986 1974 1018 10

213 1047 401 1108 sperari
447 1048 615 1107 potuit
662 1047 750 1093 aut
795 1048 906 1108 quis
948 1047 1107 1093 exitus
1146 1045 1409 1105 moriendi,
1450 1061 1563 1092 cum
1600 1048 1714 1107 post
1751 1046 1906 1107 impe-

211 1123 343 1167 rium
375 1122 463 1166 aut
495 1121 761 1181 captivitas
788 1123 1069 1181 speraretur
1093 1122 1179 1166 aut
1203 1119 1315 1167 finis
1341 1120 1711 1168 infelicissimus
1737 1117 1907 1167 vitae?

212 1199 256 1242 te
278 1196 481 1254 propter
522 1194 723 1241 eundem
764 1195 997 1242 extinctus
1027 1195 1193 1253 pudor
1232 1198 1287 1250 et,
1320 1208 1418 1252 qua
1455 1195 1561 1241 sola
1599 1195 1762 1241 sidera
1801 1194 1907 1241 adi-

214 1270 339 1324 bam,
379 1269 519 1327 fama
548 1270 719 1328 prior:
756 1268 879 1316 bene
918 1269 1087 1330 posuit
1126 1269 1370 1316 extinctus
1409 1268 1590 1329 pudor:
1632 1282 1743 1315 cum
1775 1268 1908 1315 enim

214 1344 473 1404 quaereret
509 1342 740 1390 incendia
779 1344 962 1390 amoris
1004 1342 1279 1402 absumere,
1327 1358 1427 1390 non
1465 1344 1597 1403 ipsa,
1645 1341 1729 1389 sed
1770 1356 1908 1403 spem
1931 1355 1974 1388 15

213 1415 405 1478 proprii
447 1416 651 1477 pudoris
699 1416 921 1464 extinxit.
1001 1417 1059 1464 de
1099 1416 1262 1463 famae
1303 1417 1470 1462 autem
1508 1415 1731 1477 perditae
1771 1417 1909 1463 statu

214 1506 313 1538 non
360 1491 592 1538 inmerito
641 1490 963 1551 querebatur,
1012 1490 1130 1552 quia
1177 1490 1366 1538 deiecto
1411 1506 1467 1537 eo
1508 1507 1565 1537 ex
1605 1505 1703 1551 quo
1743 1490 1909 1537 fuerat

215 1566 386 1612 exorta
432 1565 543 1626 ipsa
591 1580 786 1625 quoque
835 1564 1007 1612 eodem
1053 1580 1170 1612 casu
1218 1564 1520 1624 conciderat,
1573 1563 1712 1612 cuius
1760 1578 1910 1612 causa

215 1638 437 1686 omnium
476 1640 727 1686 castarum
765 1640 1030 1700 praeconia
1070 1654 1310 1699 superans
1349 1654 1505 1700 usque
1538 1638 1601 1686 ad
1631 1639 1741 1699 ipsa
1773 1639 1910 1686 astra

214 1715 519 1774 pervenerat.
598 1727 708 1759 cum
754 1713 1028 1760 multorum
1072 1713 1364 1760 inimicitias
1412 1715 1461 1760 et
1508 1712 1754 1760 castitatis
1797 1728 1907 1773 per·
1932 1726 1979 1758 2⁰

215 1786 373 1834 ditam
420 1788 772 1834 commemorat
818 1788 1026 1847 famam,
1074 1786 1292 1834 ostendit
1338 1802 1427 1847 per
1470 1786 1674 1834 Aenean
1721 1786 1910 1834 factum

215 1876 276 1907 ne
333 1861 443 1921 quis
498 1861 675 1908 dehinc
730 1876 839 1908 eam
895 1860 1098 1924 dignam
1153 1860 1374 1908 crederet
1427 1861 1745 1908 matrimonio
1800 1876 1910 1908 suo.

216 1936 294 1982 cui
324 1949 398 1982 me
429 1935 771 1982 moribwndam
802 1935 998 1990 deseri3‚
1029 1935 1232 1994 hospes?
1286 1935 1406 1982 licet
1444 1936 1612 1982 omnia
1650 1935 1908 1996 superiora

217 2023 329 2055 cum
367 2007 560 2071 ingenti
598 2008 796 2056 adfectu
833 2011 1096 2070 prosecuta
1134 2010 1214 2068 sit,
1252 2009 1335 2056 hic
1373 2011 1543 2056 tamen
1582 2010 1721 2056 auxit
1762 2009 1908 2056 mise-

215 2083 473 2129 rationem.
553 2082 687 2143 quod
725 2083 799 2130 ait
838 2099 954 2146 ergo
995 2084 1089 2141 cui,
1130 2099 1189 2130 ex
1228 2082 1563 2144 superioribus
1610 2084 1776 2143 potest
1821 2098 1906 2144 ap·
1931 2095 1995 2131 ιε·

215 2171 411 2216 parere:
467 2158 626 2204 omnis
673 2156 805 2204 enim
851 2172 902 2205 se
950 2157 1142 2205 dixerat
1189 2157 1449 2205 offendisse
1488 2159 1538 2204 et
1577 2156 1709 2218 apud
1749 2155 1908 2204 omnis

217 2229 488 2279 concidisse
541 2231 728 2278 famam
783 2246 945 2278 suam:
1005 2231 1214 2292 proinde
1259 2231 1485 2278 futurum
1531 2232 1587 2277 ut
1632 2231 1795 2278 illam.
1820 2232 1913 2283 aut.

215 2303 372 2351 hostis
413 2303 476 2350 ad
515 2319 724 2366 poenam
762 2306 1011 2353 tracturus
1045 2307 1173 2353 esset
1205 2306 1293 2352 aut
1324 2304 1506 2352 abiecti
1535 2303 1738 2366 pudoris
1767 2304 1912 2351 femi-¹

216 2392 335 2424 nam
363 2377 530 2424 nullus
565 2379 892 2439 quaesiturus.
958 2379 1170 2441 hospitis
1211 2380 1379 2426 autem
1416 2379 1615 2426 nomine
1655 2394 1766 2426 eum
1806 2393 1907 2426 cre-

217 2450 345 2498 didit
385 2451 748 2513 appellandum,
784 2451 916 2513 quod
953 2468 1134 2516 negare
1173 2469 1271 2501 non
1310 2454 1521 2515 poterat.
1585 2451 1795 2513 denique
1835 2453 1908 2499 ait
1930 2465 1999 2499 3111

215 2525 303 2571 hoc
347 2526 504 2572 solum
547 2539 722 2572 nomen
767 2528 999 2584 quoniam
1045 2528 1103 2574 de
1149 2528 1346 2585 coniuqe
1391 2528 1565 2574 restat:
1625 2527 1669 2574 si
1721 2527 1906 2585 mariti,
1982 2563 1986 2570 ,

216 2598 397 2660 inquit,
428 2599 669 2647 vocabulo
710 2602 980 2660 conventus
1019 2616 1188 2663 preces
1227 2615 1362 2648 meas
1402 2599 1572 2648 audire
1610 2615 1709 2647 non
1749 2615 1907 2660 curas,
1983 2631 1985 2634 -

129 2674 214 2714 325
231 2671 322 2720 has
353 2673 432 2721 vel
462 2672 674 2734 hospitis
704 2673 944 2736 religione
977 2677 1249 2723 commotus
1281 2673 1502 2722 admitte.
1565 2674 1683 2733 qued
1711 2665 1907 2721 morer?

339 2862 363 2901 1
396 2858 615 2915 corrigeri
644 2857 730 2900 LR
768 2859 938 2916 corriyi
976 2859 1047 2902 ed.
1080 2861 1263 2916 conyeri
1298 2857 1349 2903 r'.
1503 2862 1528 2901 6
1568 2859 1792 2902 nomadas
1821 2857 1908 2901 LR·
1945 2862 1985 2872 “⁴

218 2915 490 2961 Numadwm
520 2916 592 2961 ed.
725 2920 779 2960 10
810 2921 930 2961 totae
959 2917 1045 2961 LR
1077 2923 1140 2962 tot
1171 2932 1226 2962 ac
1254 2932 1279 2960 r
1309 2923 1338 2961 t.
1368 2922 1409 2962 et
1440 2917 1511 2962 ed.
1638 2921 1691 2960 17
1723 2930 1906 2972 quaere-

217 2975 354 3020 batur
384 2975 615 3023 LRcorr.
648 2990 671 3018 r
701 2975 772 3022 ed.
848 3027 850 3030 ,
897 2980 952 3021 30
980 2978 1134 3032 putuit
1163 2976 1235 3021 ed.
1787 3006 1797 3011 ‹-
1845 2985 1867 3005 -'
1903 3003 1906 3006 -
