2014 3226
194 175 305 226 450
664 173 894 217 DONATI
925 173 1205 218 INTERPR.
1237 174 1414 218 VERG.

195 317 348 361 ventu
403 314 639 361 victoriae
694 314 855 373 fuero,
910 315 996 360 hoc
1050 314 1328 362 candentem
1384 316 1434 360 in
1481 314 1617 360 litore
1671 316 1885 368 taurum,

195 389 286 435 hoc
344 391 416 434 est
472 387 668 434 candidi
723 388 899 434 coloris
954 390 1153 434 taurum
1209 390 1257 434 et
1314 387 1536 434 addendo
1597 387 1887 434 candentem

197 463 394 509 ornavit
433 477 609 508 munus
651 476 807 520 suum,
840 461 1083 508 minueret
1123 463 1304 520 autem,
1337 462 1379 508 si
1411 461 1593 508 diceret
1630 460 1807 508 bovem
1839 462 1890 507 et

197 539 383 582 taceret
432 535 490 581 de
538 535 721 594 colore⁷
769 537 1056 582 constituam
1099 539 1210 582 ante
1249 549 1367 582 aras
1404 536 1501 581 voti
1538 549 1650 582 reus
1690 538 1887 592 extaque

196 611 350 656 salsos
380 610 623 666 proiciam
661 611 715 655 in
754 611 929 666 fluctus
970 612 1011 655 ct
1048 611 1165 655 vina
1205 610 1438 668 liquentia
1481 609 1703 667 fundam.
1781 608 1886 655 illic
1914 624 1955 657 ·5

196 683 335 730 vobis
385 682 591 729 candido
639 684 782 729 tauro
831 682 1125 729 sacrificium
1173 683 1353 730 faciam
1397 682 1484 728 ubi
1523 682 1768 745 gloriosus
1810 697 1887 728 ex-

196 758 367 816 titero,
423 758 595 816 utpote
650 756 912 803 manifeste
974 757 1354 817 pollicitationis
1409 771 1520 803 reus
1575 758 1626 803 et
1680 755 1887 814 debitor,

196 832 313 877 vina
369 831 519 877 etiam
574 829 778 876 fundam
836 832 884 876 et
940 830 1170 877 animalis
1227 832 1339 877 exta
1394 829 1624 877 fiuctibus
1675 829 1886 876 tradam.

108 908 194 947 ‘240
213 906 354 958 discit,
405 918 601 961 eumque
647 905 761 951 *imis
809 905 897 950 sub
944 905 1168 962 fluetibus
1216 905 1371 952 audiit
1419 905 1575 950 omnis
1621 903 1887 950 Nereidum

196 978 462 1036 Phorcique
509 979 680 1024 chorus
725 978 1050 1036 Panopeaque
1105 980 1238 1037 virqo
1295 981 1336 1024 et
1379 981 1527 1037 pater
1578 979 1683 1037 ipse
1735 991 1890 1024 manu
1914 994 1959 1026 ιο
1995 990 1997 993 “

197 1067 377 1110 maqna
423 1052 670 1098 Portunus
719 1055 904 1099 euntem
950 1053 1151 1110 inpulit:
1212 1052 1265 1098 in
1312 1067 1460 1099 causa
1508 1066 1597 1099 sua
1645 1050 1760 1098 deos
1813 1051 1887 1097 in·

196 1125 395 1173 vocavit
442 1127 492 1172 et
539 1124 700 1172 audiri
749 1127 1052 1172 commeruit.
1131 1125 1341 1186 denique
1389 1127 1442 1172 in
1484 1127 1682 1172 tantum
1723 1140 1891 1172 omnes

199 1200 268 1246 dii
315 1200 465 1246 maris
515 1202 564 1246 et
601 1200 707 1260 ipse
746 1199 997 1247 Portunus
1038 1201 1186 1259 favit,
1229 1203 1288 1246 ut
1327 1215 1506 1247 navem
1546 1200 1647 1246 suis
1684 1198 1890 1260 inpelle-

197 1276 309 1320 rent
354 1273 603 1333 manibus,
653 1289 751 1334 quo
801 1273 1006 1321 celerius
1053 1273 1382 1335 pervenirent.
1459 1273 1548 1320 illa
1591 1276 1701 1320 noto
1749 1274 1890 1320 citius
1991 1320 1993 1340 ὲ

198 1348 473 1406 volucrique
510 1349 689 1406 saqitta
729 1348 794 1394 ad
832 1351 1014 1395 terram
1044 1348 1170 1407 fuqz't
1203 1351 1245 1394 et
1265 1349 1415 1406 portu
1446 1362 1496 1394 sc
1529 1347 1741 1394 condidit
1771 1347 1890 1394 alto:
1915 1363 1959 1396 15
1991 1350 1993 1372 ³

198 1424 396 1468 tantum
442 1422 643 1484 roganti
690 1421 890 1468 deorum
938 1421 1090 1468 maris
1131 1421 1370 1468 auxilium
1408 1421 1612 1482 profuit,
1651 1422 1710 1466 ut
1748 1420 1890 1467 navis

199 1510 370 1542 cursus
418 1495 637 1543 velocior
683 1497 844 1542 ventis
894 1497 942 1542 et
990 1497 1203 1558 sagittae
1251 1494 1501 1543 volatibus
1555 1495 1890 1556 provenisset:

200 1569 411 1630 denique
451 1570 614 1630 prima
653 1571 817 1616 tenuit
855 1570 973 1616 litus
1015 1572 1063 1615 et
1103 1569 1166 1617 ad
1203 1570 1423 1630 palmam
1460 1569 1622 1630 prima
1652 1567 1891 1630 perducta

200 1647 287 1691 est.
366 1646 467 1689 tum
504 1646 641 1690 satus
680 1642 898 1691 Anchisa
939 1646 1121 1691 cunctis
1161 1658 1216 1691 ex
1257 1657 1386 1690 more
1432 1645 1636 1690 vocatis:
1690 1643 1890 1689 cunctos
1964 1642 1970 1646 '

199 1718 420 1777 vocavit,
467 1716 551 1764 sed
589 1718 887 1778 praesentis,
935 1720 1152 1764 ceterum
1192 1733 1292 1764 non
1332 1719 1473 1764 erant
1512 1731 1701 1778 omnes;
1755 1718 1890 1763 tene-

113 1795 198 1835 245
216 1791 364 1838 batur
387 1792 517 1838 enim
543 1790 815 1854 Sergestus,
841 1791 928 1852 qui
958 1791 1240 1838 inhaeserat
1272 1791 1414 1838 saxis,
1465 1792 1688 1838 rictorem
1710 1805 1892 1849 maqna
1967 1823 1971 1831 .

190 1866 453 1924 praeconis
498 1879 607 1912 voce
656 1864 945 1913 Cloanthum
996 1865 1211 1913 declarat
1258 1866 1497 1924 viridique
1543 1863 1737 1912 advelat
1780 1867 1891 1911 tem-

192 1953 323 1999 pora
362 1939 528 1986 lauro:
566 1939 660 1987 hoc
697 1955 797 1987 11011
835 1939 934 1986 fuit
970 1940 1263 2000 praemium,
1295 1938 1381 1987 sed
1411 1939 1606 2001 insigne
1637 1937 1890 1986 victoriae.

200 2027 498 2071 muneraque
527 2014 582 2060 in
611 2014 756 2060 navis
787 2017 946 2060 ternos
977 2017 1144 2072 optare
1174 2014 1397 2060 iuvencos
1429 2015 1651 2071 vinaque,
1685 2014 1735 2059 et
1771 2011 1892 2059 haec

203 2088 342 2133 extra
379 2087 655 2148 praemium
694 2087 892 2135 fuerant
933 2102 1058 2148 quae
1099 2087 1284 2134 edendo
1317 2087 1397 2135 vel
1427 2086 1638 2134 bibendo
1671 2084 1913 2133 consumi.

202 2162 482 2221 potuerant,
525 2163 567 2207 ct
604 2163 792 2222 arqenti
829 2176 1062 2220 maynum
1100 2163 1187 2208 dat
1222 2162 1352 2221 ferre
1390 2161 1635 2215 talentum,
1668 2159 1760 2207 hoc
1794 2159 1893 2206 fuit

205 2233 338 2294 quod
383 2249 562 2296 augere
607 2251 713 2282 rem
759 2234 1060 2282 familiarem
1106 2236 1276 2296 potuit
1315 2237 1364 2282 et
1401 2235 1678 2295 praemium
1719 2232 1891 2292 videri,
1948 2259 1950 2262 ·

204 2307 307 2355 alia
351 2310 520 2355 tamen
567 2310 848 2356 communia.
892 2308 1101 2356 navibus
1147 2309 1358 2355 fuerant.
1435 2310 1559 2370 ipsis
1599 2309 1894 2367 praecipuos

204 2381 481 2429 ductoribus
520 2383 659 2430 addit
694 2383 920 2430 honores:
956 2384 1225 2444 praecipua
1265 2381 1495 2429 dicuntur
1535 2397 1662 2443 quae
1696 2382 1894 2442 praeter

205 2455 601 2503 communionem
640 2455 849 2519 singulis
886 2458 1088 2518 proprio
1127 2457 1324 2504 1101111116
1364 2455 1687 2518 deputantur,
1733 2456 1793 2501 ut
1836 2453 1894 2501 fit
1939 2446 1943 2451 ’

205 2544 351 2590 saepe
389 2529 443 2575 in
473 2530 798 2591 testamentis,
831 2544 944 2577 cum
976 2530 1147 2592 aliqua
1176 2545 1266 2591 per
1294 2530 1693 2591 praeceptionem
1724 2528 1892 2591 singu-

114 2606 204 2646 250
220 2602 382 2650 lorum
418 2602 653 2650 heredum
693 2605 938 2661 censuerit
977 2618 1080 2652 esse
1110 2605 1335 2652 testator.
1396 2604 1564 2651 victori
1598 2602 1898 2662 chlamydem
1936 2614 1943 2655 p

326 2747 353 2786 5
384 2743 614 2800 proiciam
652 2742 740 2787 LR
773 2745 1024 2799 porriciam
1064 2743 1135 2788 ed.
1319 2747 1342 2786 7
1383 2744 1620 2798 manifeste
1659 2741 1746 2785 LR
1780 2745 1898 2785 -stae
1930 2730 1935 2736 ’

206 2816 231 2845 r
262 2801 371 2846 edF.
423 2803 429 2858 Ι
485 2814 584 2847 reos
614 2801 702 2845 LR
733 2814 847 2846 corr.
881 2817 903 2845 r
935 2803 1006 2846 ed.
1163 2807 1218 2846 12
1250 2803 1413 2847 audire
1443 2801 1531 2845 LR
1562 2815 1676 2846 corr.
1707 2815 1732 2844 1·
1762 2799 1832 2844 ed.

210 2866 266 2905 14
301 2862 590 2917 pervenirent
626 2860 710 2904 LR
741 2875 899 2918 praev.
933 2861 1004 2906 ed..
1164 2865 1220 2906 24
1251 2866 1407 2918 optare
1437 2861 1524 2904 LR
1563 2866 1723 2918 aptare
1761 2858 1832 2902 ed.

208 2924 265 2963 25
304 2924 435 2964 extra
472 2918 558 2963 LR
597 2920 677 2964 edI
713 2926 912 2965 eoetrema
951 2920 1060 2964 edF.
1213 2924 1268 2964 31
1303 2934 1388 2977 per
1419 2919 1778 2977 praeceptionem
1807 2890 1935 2960 1213.¹¹

209 2978 417 3035 eorrupit
447 2979 519 3022 ed.
665 2983 720 3022 32
753 2983 944 3024 testatur
973 2979 1021 3022 L.
1830 2995 1868 3017 .=
1911 3004 1924 3017 -.
