2014 3226
176 155 285 207 250
644 154 875 197 DONATI
905 153 1185 197 INTERPR.
1219 154 1397 198 VERG.

176 297 407 343 tenebant.
455 293 610 355 [ilicet
639 295 766 353 ienis
799 294 922 341 edax
951 308 1146 342 samona
1170 295 1236 341 ad
1259 295 1460 354 fastiyia
1484 298 1619 341 vento
1644 295 1867 350 volvitur,

177 372 443 428 exuperant
471 371 713 426 flammae,
745 369 870 427 furit
900 371 1062 415 aestas
1093 369 1159 415 ad
1190 366 1374 428 auras]
1382 385 1397 414 .·
1438 384 1467 415 a
1496 370 1657 428 porta,
1687 369 1869 430 inquit,

174 445 369 505 perrexi
409 442 470 489 ad
510 442 723 501 domum,
763 458 823 489 ne
862 441 951 489 illo
993 457 1043 489 se
1082 442 1293 490 forsitan
1333 442 1639 498 contulisset,
1673 442 1757 489 sed
1795 444 1870 488 in-
1971 428 1979 462 ³

176 517 315 580 gredi
346 532 444 563 non
475 517 632 578 potui.
697 531 891 563 omnem
924 517 1056 562 enim
1086 516 1242 564 hostis
1282 515 1484 563 tenebat
1524 518 1610 562 aut
1648 515 1870 563 flamma:
1972 463 1980 557 i

175 592 413 637 inferiora
458 589 638 649 hostis,
687 591 945 650 superiora
992 605 1108 637 vero
1156 592 1400 636 tectorum
1449 605 1596 637 saeva
1642 589 1871 637 incendia
1916 606 1936 640 5
1976 572 1980 610 ι

86 670 172 708 760
190 664 524 726 possederant.
593 664 804 723 procedo
843 664 936 710 hoc
976 666 1051 711 est
1088 663 1380 726 progredior
1417 664 1497 711 vel
1535 664 1744 710 ulterius
1793 679 1870 711 ac-

177 739 307 798 cedo,
350 741 391 785 et
427 739 619 785 Priami
657 739 791 784 sedes
831 752 1082 797 arcemque
1119 739 1291 792 reviso,
1338 754 1400 784 ne
1439 738 1529 784 illa
1569 737 1632 785 ad
1671 737 1871 785 domum
1975 705 1982 788 i

175 813 332 873 patris
374 812 450 859 sui
491 814 578 858 aut
617 811 680 858 ad
719 812 969 859 munitum
1009 811 1227 873 aliquem
1266 811 1429 860 locum
1470 827 1520 859 se
1566 811 1869 859 contulisset.

177 890 218 933 et
247 887 347 932 iam
370 887 639 944 porticibus
671 888 840 933 vacuis
862 886 1073 932 Iunonis
1106 885 1241 945 asylo
1273 886 1489 933 custodes
1521 886 1626 933 lecti
1653 886 1872 933 Phoenix

177 964 218 1007 et
263 961 403 1007 diras
452 959 623 1008 Ulixes
663 961 909 1022 praedam
955 961 1239 1008 servabant:
1293 960 1493 1008 invenio
1543 961 1732 1007 servari
1769 960 1871 1006 iam
1897 976 1974 1062 ιο.

173 1034 410 1095 praedam
463 1034 517 1080 in
570 1033 844 1095 porticibus
898 1034 1068 1081 vacuis
1121 1034 1215 1082 hoc
1262 1036 1338 1081 est
1386 1050 1414 1081 a
1459 1033 1590 1081 bello
1642 1033 1743 1081 iam
1795 1033 1871 1080 in-
1967 1065 1974 1114 ξ

173 1108 417 1155 munibus.
488 1108 787 1169 praedarum
827 1109 958 1155 enim
998 1108 1250 1171 congestio
1291 1107 1584 1156 ostendebat
1623 1110 1872 1155 certamen
1968 1118 1974 1122 '

175 1182 307 1243 quod
352 1182 516 1229 fuerat
563 1197 666 1230 esse
712 1182 1002 1230 confectum.
1083 1182 1216 1243 quod
1253 1182 1421 1243 posuit
1461 1185 1629 1229 autem
1666 1181 1871 1230 Iunonis

175 1257 337 1317 asylo,
386 1257 455 1303 sic
503 1258 724 1318 accipere
767 1271 1050 1317 possumus,
1096 1258 1154 1303 ut
1191 1258 1395 1304 inimica
1433 1255 1558 1303 Iuno
1598 1256 1873 1303 laetaretur

175 1334 288 1377 ante
330 1331 496 1378 oculos
538 1345 652 1378 suos
685 1346 789 1378 esse
821 1332 1080 1392 proposita
1112 1346 1240 1392 quae
1275 1329 1576 1378 Graecorum
1607 1331 1871 1377 victoriam
1896 1346 1937 1380 1⁵
1982 1314 1987 1408 ζ

174 1406 488 1452 testarentur.
542 1406 635 1452 hac
666 1405 881 1463 undique
907 1405 1058 1452 Troia
1086 1419 1227 1463 yaea,
1251 1405 1343 1452 1100
1378 1406 1452 1452 051
1476 1404 1720 1451 Τ10101100
1746 1403 1870 1452 divi-

174 1480 290 1539 tiae,
315 1481 523 1526 incensis
548 1482 709 1538 erepta
735 1479 917 1540 adytis:
949 1494 1047 1526 non
1074 1478 1200 1525 dixit
1225 1479 1423 1526 sublata
1453 1477 1510 1524 de
1543 1478 1760 1539 templiS,
1786 1477 1871 1526 sed

175 1552 232 1599 de
264 1554 388 1614 ipsis
423 1553 710 1601 ardentibus
744 1552 909 1614 adytis
941 1553 1034 1600 hoc
1067 1555 1140 1600 est
1171 1552 1509 1614 penetralibus
1540 1555 1702 1613 rapta,
1737 1551 1870 1599 unde
1950 1595 1954 1598 ⁴

175 1626 448 1688 apparebat
485 1628 598 1689 ipsa
637 1642 832 1689 quoque
872 1626 1152 1688 penetralia
1189 1626 1417 1675 incendio
1459 1641 1571 1674 011111
1607 1627 1731 1688 ipsis
1775 1625 1870 1673 diis
1959 1652 1962 1665 ι

175 1717 278 1749 0550
318 1703 624 1763 consumpta.
702 1718 875 1748 verum
915 1701 1033 1762 quia
1073 1701 1375 1764 generalitas
1415 1717 1515 1749 non
1553 1702 1749 1748 tantam
1794 1701 1870 1747 in·
1894 1709 1963 1768 0αρ

175 1776 472 1838 dignitatem
519 1777 720 1837 poterat
765 1775 1117 1837 demonstrare,
1162 1775 1284 1823 fecit
1320 1791 1410 1837 per
1449 1775 1871 1823 enumerationem
1956 1787 1967 1836 g

175 1849 446 1911 specierum
485 1851 542 1896 ut
581 1850 854 1913 sacrilegiis
888 1851 1115 1911 quaesita
1146 1848 1426 1898 evidentius
1460 1849 1689 1911 aperiret.
1740 1863 1872 1896 ‘men-
1950 1817 1967 1907 ζ

174 1938 348 1982 saeque
387 1924 606 1979 deorum,
647 1939 775 1986 quae
816 1939 845 1971 a
884 1923 1066 1972 divinis
1105 1923 1377 1971 honoribus
1418 1923 1482 1971 ad
1520 1923 1872 1971 sceleratorum
1951 1926 1969 1983 ξς

86 2002 172 2041 765
190 1999 301 2044 11110
338 1999 656 2046 transierant.
733 2002 1033 2057 crateresque
1071 2012 1196 2045 awro
1234 1998 1400 2053 solidi,
1443 2012 1565 2058 quos
1603 1997 1753 2058 plena
1792 2011 1871 2044 00·
1952 1982 1998 2039 ς)

174 2070 310 2118 lendi
348 2071 544 2120 devotio
584 2072 771 2120 fecerat
810 2073 862 2120 et
901 2073 1101 2134 copiosa
1140 2071 1435 2132 substantia,
1474 2087 1574 2118 non
1617 2071 1872 2118 caelatura

176 2144 402 2193 currente
440 2147 694 2209 materiae,
734 2146 820 2194 sed
857 2146 911 2193 in
950 2146 1165 2194 solidum
1202 2146 1328 2193 fusa.
1406 2146 1691 2206 captivaque
1728 2145 1872 2193 vestis
1948 2150 1986 2242 {i

296 2321 318 2359 1
359 2317 591 2372 replerant
626 2316 733 2371 LR,
779 2317 861 2360 sed
907 2316 958 2359 in
1003 2316 1197 2373 interpr.
1238 2317 1434 2371 tenebat,
1479 2328 1624 2370 quare
1661 2315 1873 2360 tenebant

175 2374 342 2431 scripsi
389 2389 494 2418 cum
535 2375 606 2419 ed.
647 2378 695 2420 et
741 2390 801 2432 op
803 2376 933 2420 timis
976 2375 1116 2434 Verg.
1164 2375 1310 2420 libris.
1371 2376 1377 2430 Ι
1434 2375 1558 2420 ilicet
1577 2400 1637 2407 —
1662 2378 1687 2417 2
1727 2387 1873 2419 auras

162 2434 308 2478 deest
337 2434 387 2477 in
417 2433 525 2489 LR,
566 2435 649 2479 sed
688 2435 963 2492 explicatur.
1145 2439 1171 2478 5
1203 2439 1334 2479 vento
1364 2433 1453 2478 LR
1489 2447 1594 2478 vero
1622 2448 1648 2477 1
1679 2433 1750 2477 0(1.

176 2498 201 2536 6
226 2469 525 2549 possiderant
551 2493 637 2536 LR
662 2495 958 2550 possidebant
989 2494 1060 2538 ed.
1119 2496 1126 2551 Ι
1182 2495 1251 2539 vel
1280 2493 1368 2537 LR
1406 2499 1448 2538 et
1479 2493 1760 2538 0(1.9
1792 2507 1870 2538 cu-

173 2553 315 2597 stodis
346 2552 444 2596 LR.
629 2557 682 2596 13
716 2558 868 2598 autem
905 2555 1138 2622 transpos.
1171 2554 1242 2598 ed.
1428 2557 1484 2596 14
1510 2565 1755 2609 possumus
1783 2550 1871 2595 LR

169 2612 323 2668 potuit
352 2611 397 2655 H
429 2611 499 2656 ed.
655 2616 710 2656 17
742 2614 1011 2658 incensis—
1030 2613 1185 2671 adytis
1221 2614 1332 2669 post
1367 2625 1486 2670 qaza
1523 2610 1741 2668 interpol.
1776 2611 1869 2655 0(1..

175 2671 341 2715 eadem
377 2671 520 2716 verba
549 2673 659 2728 post
690 2671 879 2716 divitiae
917 2686 1002 2729 pro
1033 2672 1255 2716 lemmate
1286 2671 1506 2715 habenda
1537 2672 1666 2724 sunt,
1707 2683 1870 2726 quam·
1940 2724 1943 2725 7
1975 2702 1979 2719 ;

175 2743 319 2785 quam
349 2744 443 2774 non
474 2730 545 2774 ita
576 2730 754 2787 scripta
783 2731 834 2774 in
867 2731 965 2776 LR.
995 2733 1001 2788 Ι
1036 2737 1190 2788 erepta
1220 2730 1308 2774 LR
1339 2736 1432 2775 -tae
1463 2730 1535 2774 ed.
1645 2733 1700 2773 18
1730 2734 1870 2786 rapta
1935 2731 1939 2734 ’

175 2789 263 2832 LR
294 2795 385 2834 ·tae
417 2790 488 2834 ed.
656 2794 713 2833 20
745 2795 925 2835 tantum
957 2791 1028 2834 0(1.
1193 2794 1247 2834 21
1281 2791 1376 2845 fuit
1405 2789 1493 2832 LR
1522 2789 1577 2844 fit
1604 2803 1628 2831 1·
1659 2788 1732 2833 0(1.
1763 2788 1872 2843 fecit
1950 2823 1951 2827 ¹

175 2863 273 2892 nos.
397 2854 454 2893 24
485 2850 735 2894 transierat
765 2849 852 2892 LR
884 2863 998 2894 corr.
1023 2865 1048 2893 r
1079 2849 1150 2893 ed.
1209 2851 1216 2906 Ι
1273 2850 1530 2905 atheresque
1561 2847 1648 2891 LR
1686 2861 1800 2892 corr.
1830 2861 1868 2890 r.

266 2913 323 2952 25
354 2914 397 2953 et
425 2908 512 2952 LR
542 2908 614 2952 ed.
647 2922 703 2952 ea:
733 2907 908 2952 malim.
1039 2913 1215 2952 25-26
1247 2909 1453 2953 caelatur
1483 2913 1744 2952 accurrente
1774 2921 1868 2951 ma·

175 2968 292 3012 teria
322 2967 366 3010 H
397 2967 469 3012 ed.
1872 2975 1877 2981 '
1939 2976 1942 2979 ⁴
