2014 3226
0 3007 12 3042 ἓ

0 3043 27 3104 {³

735 156 1076 216 PRAEFATIO
1624 174 1751 216 xvii

61 315 199 361 libris
247 311 332 379 (cf.
378 317 422 373 1,
453 315 570 360 147.
623 314 741 359 159.
794 314 911 360 180.
964 313 1158 372 2,176.
1210 314 1329 360 608.
1380 315 1574 373 3,104.
1620 307 1748 379 194)

63 389 286 436 Donatus
318 387 493 446 tenuit,
527 389 583 434 ut
621 402 857 450 magnum
898 402 1042 447 saepe
1084 401 1314 434 versuum
1352 403 1611 434 numerum
1651 403 1749 434 uno

63 463 292 510 lemmate
334 460 790 521 comprehenderet,
837 460 1129 521 procedente
1169 461 1578 521 interpretatione
1619 476 1750 509 coer-

62 538 186 594 cuit,
239 536 361 583 item
401 550 430 581 a
469 535 646 581 latiore
680 550 806 595 quae
845 535 897 581 in
936 534 1108 594 primis
1149 534 1290 582 libris
1338 534 1551 582 occurrit
1598 535 1750 596 expli-

62 609 253 656 catione
283 609 529 670 paulatim
560 608 780 666 recessit3
814 623 982 656 rursus
1007 608 1364 669 parsimoniam
1388 624 1486 669 qua
1511 608 1562 655 in
1586 608 1751 670 priore

61 685 200 745 parte
249 698 330 730 eos
377 683 510 730 locos
559 682 643 743 qui
693 682 846 742 „nihil
894 682 1079 729 habent
1119 682 1251 742 quod
1290 682 1553 729 artificiose
1593 684 1752 744 possit

60 755 268 819 exponi⁴⁶
309 753 380 817 (7,
409 752 536 815 646)
580 756 725 803 modo
759 757 956 803 silentio
989 757 1328 817 praetermisit
1358 756 1503 804 modo
1538 757 1751 803 strictim

59 831 231 894 attigit
279 834 350 894 gl,
379 832 460 877 35.
505 831 737 876 52-63.
780 830 1012 877 86-87.
1059 831 1363 878 109-110,
1408 832 1526 877 112.
1571 832 1747 877 124-

64 905 532 951 127.·144-147.
577 905 695 951 202.
743 905 1050 950 289-290,
1102 905 1220 951 299.
1272 905 1391 951 301.
1443 905 1749 952 625-626.

61 975 345 1026 643.·“’676.
390 979 696 1025 710-711,
742 979 787 1038 2,
815 979 1047 1025 29--30.
1092 978 1398 1024 216—221.
1443 979 1751 1026 342—346.

61 1052 368 1099 512-518,
422 1053 616 1111 3,142.
662 1053 781 1099 191.
824 1053 944 1098 211.
989 1052 1293 1099 238-244.
1339 1053 1645 1099 354-355.
1703 1055 1752 1112 4,

62 1128 145 1175 77.
175 1127 294 1173 166.
324 1128 443 1173 278.
473 1126 593 1173 368.
637 1126 1019 1186 5,156-161.
1050 1127 1168 1173 194.
1204 1126 1324 1172 598.
1369 1128 1415 1186 6,
1443 1128 1750 1174 271-272.

59 1202 366 1248 451-452.
418 1201 537 1246 547.
589 1200 708 1247 807.
760 1193 891 1264 834)
938 1201 992 1246 in
1038 1200 1312 1261 posteriore
1358 1215 1514 1261 paene
1557 1200 1750 1248 abiecit.

58 1274 217 1321 omnis
256 1278 425 1321 autem
464 1274 935 1335 interpretationum
974 1275 1212 1321 memoria
1250 1275 1303 1320 in
1342 1273 1502 1321 tribus
1544 1273 1641 1322 sita
1678 1277 1753 1322 est

56 1348 197 1396 libris
237 1364 388 1395 manu
428 1349 640 1409 scriptis,
681 1347 741 1395 de
781 1347 960 1410 quibus
999 1363 1129 1394 nunc
1170 1347 1399 1408 deinceps
1440 1363 1598 1411 agam.

181 1422 624 1470 Laurentianus
679 1422 804 1483 plut.
844 1421 980 1468 XLV
1027 1422 1130 1469 cod.
1173 1421 1279 1481 XV,
1333 1422 1751 1482 membranaceus,

58 1497 246 1544 formae
302 1495 503 1560 grandis
558 1497 718 1556 0,270
751 1504 823 1546 ><
855 1497 1039 1559 0,375,
1094 1495 1506 1557 quaternionibus
1555 1496 1753 1558 viginti,

58 1570 193 1619 foliis
232 1573 429 1618 centum
469 1573 518 1617 et
558 1571 830 1632 sexaginta,
863 1570 1035 1618 divisis
1073 1569 1126 1616 in
1165 1569 1306 1617 binas
1346 1573 1513 1631 partes
1552 1572 1751 1633 paginis

57 1644 280 1692 continet
317 1647 430 1705 post
469 1644 676 1691 titulum
716 1643 913 1703 „Tiberi
955 1643 1131 1691 Claudi
1170 1643 1357 1691 Donati
1397 1644 1461 1691 ad
1499 1644 1753 1691 Tiberium

61 1717 322 1766 Claudium
359 1718 632 1765 Maximum
679 1717 1019 1765 Donatianum
1065 1718 1221 1764 filium
1270 1733 1413 1766 suum
1459 1719 1752 1779 interpreta-

64 1793 251 1840 tionum
289 1791 692 1855 Vergilianarum
738 1791 983 1840 Aeneidos
1030 1792 1157 1839 liber
1201 1791 1227 1838 I
1279 1792 1458 1853 incipit
1511 1791 1752 1839 feliciter“

57 1867 364 1927 prooemium
405 1868 454 1913 et
492 1865 645 1913 libros
678 1865 848 1925 I—V,
889 1881 918 1913 a
954 1865 1116 1913 verbis
1158 1866 1300 1926 „illos
1340 1864 1456 1927 qui“
1494 1882 1649 1928 usque
1690 1866 1754 1914 ad

59 1940 390 2002 „sepultorem
436 1940 658 1986 invenire
705 1955 804 1986 non
843 1938 1054 2000 posset“.
1133 1940 1230 1988 duo
1270 1939 1466 1987 librarii
1502 1941 1635 1987 hunc
1674 1955 1752 1987 co-

61 2012 218 2061 dicem
243 2015 654 2075 conscripserunt,
682 2014 809 2061 alter
833 2008 943 2079 (LI)
976 2015 1324 2075 quaterniones
1350 2017 1539 2076 septem
1562 2014 1752 2076 priores

59 2103 215 2149 usque
256 2088 319 2136 ad
361 2089 408 2148 2,
434 2089 542 2135 494
582 2089 766 2148 „caesis
808 2103 957 2149 quam
996 2087 1259 2149 primum“,
1299 2088 1427 2135 alter
1475 2081 1609 2154 (Lu)
1655 2091 1751 2135 tre-

58 2160 219 2208 decim
255 2162 605 2224 quaterniones
644 2164 902 2223 sequentes
941 2177 1096 2223 usque
1138 2162 1200 2209 ad
1231 2162 1391 2210 finem.
1452 2162 1512 2209 de
1544 2162 1752 2210 diversis

61 2235 288 2283 manibus
334 2235 479 2284 Thilo
529 2228 675 2301 (Mus.
716 2235 870 2283 Rhen.
915 2237 980 2284 15
1022 2253 1068 2297 p.
1107 2229 1237 2302 149)
1284 2236 1411 2283 nihil
1456 2238 1753 2284 memoravit

58 2308 290 2371 idemque
343 2309 470 2358 falso
525 2308 827 2357 Bandinium
882 2302 1051 2375 (catal.
1094 2310 1230 2359 codd.
1269 2325 1382 2358 mss.
1423 2310 1752 2358 bibliothecae

61 2381 309 2431 Mediceae
340 2382 704 2431 Laurentianae
743 2384 839 2431 vol.
866 2378 940 2450 ΙΙ)
980 2386 1180 2432 secutus
1218 2385 1500 2431 litterarum
1539 2385 1752 2431 formam

60 2455 488 2520 Langobardicam
516 2457 642 2504 dixit
674 2459 724 2504 et
755 2458 953 2505 saeculo
978 2457 1022 2504 X
1055 2451 1354 2524 (Bandinius
1377 2453 1471 2523 XI)
1506 2457 1750 2505 attribuit.

59 2531 192 2578 recte
232 2531 290 2578 de
327 2533 589 2592 utriusque
627 2530 821 2579 librarii
851 2547 1001 2579 manu
1031 2532 1380 2580 iudicaverunt
1410 2529 1622 2579 editores
1654 2531 1752 2580 col·

62 2603 290 2652 iectionis
334 2605 780 2668 palaeographicae
828 2599 1202 2670 Florenfinae1)
1259 2599 1399 2670 (fasc.
1439 2604 1513 2652 IV
1557 2607 1686 2666 part.
1726 2604 1752 2652 I

62 2676 172 2726 Lat.
213 2679 296 2726 37.
339 2672 457 2744 38),
511 2677 575 2726 ad
621 2693 744 2740 quos
790 2694 868 2726 me
916 2679 1248 2728 consulentem
1304 2679 1382 2726 vir
1435 2678 1748 2727 doctissimus

58 2750 332 2814 Rostagno,
362 2751 691 2800 bibliothecae
722 2751 1088 2801 Laurentianae
1126 2754 1389 2814 professor,
1418 2753 1629 2816 benigne
1670 2752 1750 2799 de-

185 2924 227 2971 1)
260 2918 521 2965 Collezione
551 2921 824 2965 Fiorentina
856 2922 905 2966 di
936 2921 1157 2966 facsimili
1187 2921 1490 2979 paleografici
1524 2921 1751 2966 illustrati

0 2964 12 3006 ἱ*
60 2976 131 3020 da
158 2976 300 3023 Girol.
327 2979 491 3025 Vitelli
521 2993 547 3024 e
579 2978 678 3024 Ces.
710 2980 858 3037 Paoli,
888 2981 1080 3026 Firenze
1114 2985 1243 3026 1888.

154 3058 250 3093 Don.
273 3061 431 3100 interpr.
446 3061 561 3102 Vox-g.
596 3062 672 3094 vol.
695 3062 727 3095 1.
1363 3054 1394 3097 b
