2014 3226
233 178 343 229 574
702 177 933 221 DONATI
964 177 1029 220 IN
1033 177 1243 221 TERPR.
1277 178 1455 222 VERG.

232 318 400 367 ordine
441 318 617 365 suisset
647 319 793 365 tanta
823 332 1096 379 perpessus.
1175 318 1352 380 incipit
1385 334 1502 381 ergo
1535 319 1711 366 seriem
1742 319 1923 367 referre

231 394 504 455 gestorum:
544 392 627 438 3οᾱ
658 407 732 438 mc
769 393 877 451 fata
915 406 1023 438 mea
1063 394 1105 438 01
1142 391 1296 439 scelus
1338 393 1527 440 exitiale
1557 392 1818 440 Lacaenae
1849 394 1924 442 his

230 481 435 513 mersere
474 465 641 520 malis,
687 466 774 512 illa
814 466 931 513 leaeo
969 469 1278 513 monumenta
1317 466 1533 526 reliquit:
1579 465 1696 527 duo,
1745 466 1922 528 inquit,

233 538 524 588 detestanda
563 538 615 585 in
654 555 810 585 unum
851 541 1204 600 convenerant,
1252 541 1448 601 tempus
1497 543 1546 587 et
1593 540 1754 587 fatum
1801 541 1922 588 satis

233 614 507 661 adversum.
569 613 646 660 his
673 615 946 660 accesserat
970 629 1092 659 uxor
1122 614 1358 674 pessima:
1400 613 1533 675 quod
1558 615 1630 660 ait
1653 613 1922 676 Lacaenae,
1965 630 1982 669 5

230 688 335 734 illic
387 688 647 735 constituit
698 702 892 734 omnem
939 686 1369 749 vituperationem.
1464 690 1537 734 est
1592 689 1722 734 enim
1775 689 1823 735 et
1871 689 1924 735 in

230 760 510 809 nominibus
564 761 804 822 probrosa
866 760 1176 824 significatio.
1277 762 1318 808 si
1373 761 1503 809 enim
1559 761 1791 809 Sinonem
1845 761 1924 819 vel

230 835 410 883 Ulixen
464 835 668 895 dixeris,
723 850 835 882 mox
890 834 1177 882 mendacem
1229 835 1480 882 hominem
1530 836 1611 882 vel
1659 836 1924 883 factiosum
1952 878 1959 886 ,,

229 909 480 970 ostendes,
532 910 576 956 si
615 924 645 955 a
684 909 914 971 gentibus
963 909 1042 956 vel
1092 909 1215 956 locis
1267 910 1346 957 vel
1391 909 1681 970 parentibus
1728 908 1923 956 tradere

228 983 443 1031 volueris
484 999 678 1042 nomen,
717 999 831 1030 mox
870 982 1010 1030 dabis
1049 983 1360 1030 intellectum
1397 985 1619 1030 bonusne
1660 985 1965 1058 quisquam}

229 1074 292 1105 an
331 1057 493 1105 malus
533 1057 786 1117 videatur,
835 1073 864 1104 a
903 1056 1154 1120 gentibus,
1202 1058 1259 1104 ut
1299 1059 1374 1105 est
1414 1051 1486 1124 (2,
1522 1050 1577 1122 3)
1618 1057 1957 1119 „infandum,
1981 1073 1985 1106 ¹.

226 1133 421 1195 regina,
462 1130 602 1179 iubes
646 1146 886 1179 renovare
934 1131 1174 1191 dolorem,
1223 1131 1463 1179 Troianas
1511 1133 1568 1178 ut
1607 1146 1723 1193 opes
1765 1133 1814 1178 et
1851 1131 1922 1178 la-
1980 1139 1986 1230 ,ᾗ

226 1206 497 1253 mentabile
535 1221 743 1268 regnum
783 1205 1002 1253 eruerint
1040 1200 1250 1266 Danai“,
1302 1222 1331 1252 a
1370 1205 1492 1253 10013
1535 1197 1773 1271 (2,122)
1815 1205 1985 1266 ,,1110’Ι

225 1279 426 1328 Ithacus
477 1282 643 1327 vatem
689 1294 871 1342 magno
922 1277 1195 1326 Calchanta
1240 1278 1490 1326 13111111111311“
1493 1316 1504 1339 ,
1561 1295 1590 1326 a
1634 1278 1921 1341 parentibus
1958 1323 1959 1326 ,

227 1347 301 1419 (3,
336 1347 466 1419 247)
508 1353 722 1415 „bellum
762 1354 913 1400 etiam
951 1369 1042 1414 pro
1083 1353 1230 1400 caede
1268 1353 1418 1401 boum
1452 1353 1720 1415 stratisque
1752 1354 1921 1401 iuven-

227 1429 318 1490 cis,
368 1425 865 1476 Laomedontiadae“.
943 1427 1066 1476 haec
1121 1430 1170 1475 et
1223 1429 1277 1474 in
1330 1427 1559 1475 laudibus
1617 1427 1923 1475 observanda
1960 1420 1989 1458 ³²

227 1504 363 1563 sunt,
412 1517 442 1549 a
480 1501 789 1565 regionibus,
836 1504 893 1548 ut
933 1504 1007 1548 est
1054 1494 1135 1567 (3,
1179 1494 1232 1558 1)
1277 1504 1572 1563 „postquam
1611 1516 1688 1549 res
1727 1500 1923 1562 Asiae“,
1970 1494 1988 1559 j'

228 1592 258 1624 a
295 1577 418 1624 10013
467 1569 542 1643 (7,
589 1569 718 1642 195)
768 1575 969 1637 „dicite,
1016 1574 1380 1636 Dardanidae“,
1434 1575 1528 1623 hoc
1586 1578 1660 1623 est
1712 1574 1820 1623 nati
1869 1576 1923 1622 in

226 1650 505 1711 Dardania,
547 1665 577 1697 a
614 1649 905 1711 parentibus
946 1645 1028 1716 (6,
1072 1643 1200 1716 125)
1243 1651 1378 1712 „sate
1427 1651 1666 1713 sanguine
1706 1647 1920 1697 divum“.
1963 1651 1965 1653 ’

224 1725 299 1772 ita
340 1727 415 1772 est
454 1740 570 1788 ergo
611 1726 662 1771 et
691 1723 961 1785 Lacaenae,
1003 1725 1147 1785 quasi
1180 1739 1347 1772 omnes
1388 1739 1515 1786 quae
1546 1723 1662 1770 inde
1694 1725 1985 1794 oriunturQ

224 1799 351 1846 tales
392 1798 506 1859 sint,
545 1800 603 1844 ut
642 1797 894 1859 decipiant
931 1798 1138 1845 maritos
1180 1801 1229 1846 et
1267 1798 1461 1845 fallant.
1540 1798 1746 1860 expletis
1785 1799 1920 1860 prin·
1964 1796 1974 1819 ⁵

226 1874 384 1934 cipiis,
424 1873 478 1919 in
510 1888 721 1934 quorum
759 1872 1007 1919 brevitate
1047 1874 1097 1919 et
1134 1887 1398 1934 personam
1438 1871 1679 1933 expressit
1718 1873 1767 1919 et
1807 1886 1918 1919 cau-
1963 1867 1985 1931 g

225 1962 348 2009 sam,
378 1946 558 2008 incipit
581 1946 830 1994 malorum
852 1947 1076 2007 ipsorum
1099 1949 1354 2008 praestare
1376 1947 1636 1993 rationem.
1699 1945 1919 1993 dicturus

223 2021 381 2085 igitur
412 2020 545 2082 quod
577 2020 824 2068 dormiens
858 2020 1092 2082 deceptus
1125 2021 1192 2068 sit
1222 2019 1507 2082 praetendit
1538 2021 1919 2080 excusationem,

223 2110 284 2142 ne
323 2095 431 2142 viro
470 2094 589 2142 forti
635 2095 724 2142 illo
763 2094 843 2142 vel
889 2095 1102 2141 maxime
1148 2096 1371 2156 tempore
1423 2094 1743 2142 criminosum
1791 2095 1920 2141 esset
1949 2141 1992 2159 ἡ,

225 2169 294 2217 310
326 2167 581 2229 dormisse,
620 2171 677 2216 ut
709 2169 966 2230 suppliciis
998 2169 1270 2216 innumeris
1305 2170 1605 2230 oportunum
1637 2183 1687 2214 se
1718 2167 1916 2216 faceret.
1959 2160 1993 2230 ’Ϊξ

222 2242 303 2290 1110
343 2258 458 2306 ergo
497 2242 607 2303 loci,
647 2242 885 2304 temporis
926 2244 975 2289 et
1011 2258 1252 2304 personae
1290 2242 1483 2290 ratione
1523 2244 1720 2290 servata
1750 2243 1920 2290 tuetur
1964 2230 1995 2333 ’,ἒ

224 2315 382 2379 partis
423 2331 537 2364 suas
579 2319 628 2364 et
665 2317 833 2364 uxoris
875 2319 1064 2379 gravat.
1143 2331 1352 2375 namque
1389 2319 1445 2363 ut
1473 2330 1754 2376 supremam
1783 2316 1917 2375 falsa
1961 2310 1995 2386 {⁹32

223 2391 348 2438 mter
382 2389 571 2450 qaudia
617 2393 799 2438 noctem
846 2392 1083 2451 egerimus
1127 2387 1256 2438 wostz‘
1302 2393 1345 2438 et
1392 2391 1599 2437 m‘miam
1643 2390 1918 2438 meminisse
1963 2377 1994 2435 ‘a

222 2478 409 2512 necesse
449 2466 540 2512 est:
577 2464 697 2512 fecit
734 2465 894 2513 noctis
926 2464 1447 2512 commemorationem
1479 2466 1528 2511 et
1560 2463 1743 2511 adiecit
1773 2463 1915 2527 signa
1950 2471 1952 2474 ’

224 2540 345 2598 01113,
385 2540 444 2585 1113
483 2538 704 2600 apertius
744 2538 937 2586 Aeneas
978 2541 1267 2601 agnosceret
1306 2537 1365 2586 de
1407 2553 1504 2599 qua
1543 2539 1686 2586 nocte
1725 2537 1813 2584 ille
1843 2537 1915 2585 10-
1954 2547 1963 2575 l

342 2698 367 2736 6
400 2695 561 2738 etenim
591 2693 634 2737 V
665 2698 730 2738 est
760 2695 878 2737 enim
909 2707 992 2737 nos
1024 2707 1077 2738 ea
1109 2708 1143 2737 e.
1176 2693 1267 2737 ΗΟ
1293 2693 1364 2737 ed.
1489 2697 1511 2735 7
1546 2693 1754 2737 omnibus
1777 2691 1819 2736 V
1843 2691 1914 2736 ed.

202 2753 485 2811 ,nontim‘bus
513 2766 611 2796 nos.
640 2754 647 2809 Ι
679 2753 817 2798 sinon
839 2752 883 2796 V
915 2766 1028 2796 corr.
1055 2753 1127 2796 ed.
1250 2758 1275 2796 9
1309 2752 1508 2796 ostendis
1538 2751 1609 2796 ed.
1639 2753 1645 2808 Ι
1683 2752 1844 2796 velocis
1872 2749 1916 2795 V
1952 2782 1954 2787 -

221 2812 290 2856 vel
321 2812 429 2856 locis
459 2811 531 2855 ed.
626 2815 682 2855 10
713 2825 883 2856 namen
905 2811 948 2854 V
972 2825 1084 2856 corr.
1111 2811 1182 2855 ed.
1279 2817 1331 2854 11
1365 2817 1418 2856 ut
1447 2816 1512 2856 est
1541 2810 1583 2854 V
1613 2816 1665 2855 ut
1696 2823 1782 2854 om
1803 2809 1911 2855 edF.
1948 2831 1950 2834 ·

313 2875 368 2914 12
408 2870 740 2915 lamentabilem
779 2869 832 2913 V.
987 2875 1042 2914 13
1081 2875 1287 2915 eruerent
1316 2869 1371 2914 V.
1526 2873 1580 2913 16
1619 2875 1661 2914 et
1699 2870 1752 2912 in
1782 2869 1825 2914 V
1862 2869 1946 2913 in

223 2943 310 2974 om.
345 2929 416 2974 ed.
550 2934 607 2973 24
638 2930 847 2986 deceptas
877 2930 938 2974 sit
967 2929 1010 2974 V
1041 2930 1082 2973 d.
1115 2929 1211 2984 fuit
1241 2929 1311 2973 ed.
1444 2933 1500 2972 26
1531 2933 1585 2972 ut
1614 2942 1702 2973 om.
1729 2927 1772 2972 V
1804 2927 1910 2981 add.
1949 2958 1954 2963 -

223 2989 292 3033 ed.
323 2989 329 3046 l
363 3003 408 3033 30
439 3002 527 3032 om.
553 2987 596 3032 V
627 2988 733 3032 add.
761 2988 832 3033 ed.
