2014 3226
188 150 294 201 318
655 148 885 192 DONATI
916 147 1195 191 INTERPR.
1227 147 1404 192 VERG.

187 291 351 337 divino
385 304 439 337 ex
471 304 550 335 ore
581 289 826 335 sacerdos:
866 288 1093 335 divinum
1125 287 1265 348 dixit,
1299 287 1428 348 quod
1461 286 1630 335 divina
1661 290 1872 336 caneret..
1956 334 1962 343 ,

98 370 183 408 375
201 367 312 410 uate
351 363 454 417 dea,
495 377 611 409 uam
651 366 692 408 te
730 362 997 408 maioribus
1035 363 1108 408 ire
1142 376 1231 420 per
1270 363 1422 409 altum
1453 362 1686 420 auspiciis
1715 364 1873 409 mani·
1968 356 1970 364 '

184 439 308 496 festa
353 437 494 494 fides,
542 438 611 483 sie
656 437 764 494 fata
811 435 953 481 deum
997 449 1082 482 rex
1127 437 1326 482 sortitur
1364 436 1598 494 solvitque
1636 436 1781 490 vices,
1827 437 1871 483 is

186 512 385 558 vertitur
424 511 562 556 ordo:
612 525 727 555 nam
768 524 877 555 cum
918 510 983 556 311
1022 509 1300 556 coniunctio
1339 509 1613 569 rationalis,
1652 524 1751 556 non
1791 509 1870 556 de-

184 585 292 631 buit
329 584 421 630 hoc
460 584 567 630 1000
607 583 769 643 prima
807 584 1063 630 constitui:
1110 598 1171 629 ne
1211 582 1277 630 sit
1314 583 1471 644 igitur
1507 582 1702 643 vitium,
1743 582 1870 630 ordi·
1917 603 1938 636 5

186 673 356 704 namus
390 658 482 703 ita:
523 659 638 703 nate
671 656 776 715 dea,
809 656 1076 704 maioribus
1115 659 1164 703 te
1204 656 1275 703 ire
1315 672 1403 717 per
1442 657 1598 703 altum
1638 657 1871 717 auspiciis

184 732 448 778 manifesta
487 730 620 790 fides,
661 746 777 776 nam
816 730 886 778 310
925 731 1031 777 fata
1070 730 1215 777 deum
1254 746 1338 776 rex
1378 731 1585 778 sortitur
1614 730 1870 791 volvitque

183 807 334 863 vices,
381 806 423 851 is
471 805 685 851 vertitur
731 803 863 851 ordo.
932 819 1102 864 pauca
1147 805 1233 851 tibi
1281 819 1303 850 e
1350 805 1534 859 multis,
1586 818 1677 863 quo
1724 806 1872 852 tutior

180 880 369 938 hospita
419 878 592 925 lustres
640 892 852 937 aequora
891 880 934 925 et
970 877 1191 926 Ausonio
1229 879 1392 937 possis
1432 878 1674 926 considere
1703 881 1868 938 portu,

95 959 179 998 380
197 953 445 1011 expediam
470 953 635 1009 datis,-
658 952 916 1011 prohibent
943 966 1061 998 uam
1093 955 1246 999 cetera
1272 952 1462 999 Parcae
1483 953 1605 999 scire
1627 951 1869 999 Helenum
1894 971 1937 1003 10
1975 950 1980 1011 ’ς

180 1027 372 1085 farique
403 1029 530 1072 vetat
558 1025 796 1073 Saturnia
820 1026 974 1072 Iuno:
1004 1026 1178 1087 multa,
1202 1025 1380 1086 inquit,
1404 1025 1499 1073 tibi
1530 1025 1869 1073 instructionis

182 1115 327 1147 causa
367 1100 565 1147 fuerant
602 1099 882 1160 referenda,
927 1100 1011 1147 sed
1048 1116 1108 1146 ne
1148 1100 1200 1147 id
1239 1099 1341 1160 fiat,
1382 1099 1451 1146 dii
1489 1099 1754 1161 prohibent
1791 1115 1869 1146 me

181 1175 303 1221 scire
351 1177 399 1221 et
444 1173 568 1221 Iuno
617 1173 788 1235 aliqua
834 1174 1015 1221 referre
1066 1189 1165 1221 non
1219 1175 1431 1235 patitur,
1485 1176 1652 1221 tamen
1707 1173 1868 1220 dicam

181 1263 307 1308 quae
355 1250 563 1309 possunt
610 1263 713 1295 esse
758 1249 810 1294 in
857 1264 966 1294 mea
1019 1249 1280 1309 potestate.
1355 1249 1603 1308 principio
1650 1248 1868 1303 Italiam,

179 1336 323 1379 quam
370 1325 421 1368 tu
466 1323 567 1369 iam
612 1337 718 1369 rere
754 1322 1087 1381 propinquam
1132 1324 1426 1380 vicinosque,
1473 1323 1666 1382 ignare,
1706 1335 1866 1381 paras
1893 1340 1934 1372 15

176 1396 407 1443 invadere
437 1399 626 1455 portus,
659 1396 802 1455 louya
834 1396 1012 1455 procul
1043 1396 1197 1455 Iouyis
1227 1397 1309 1443 via
1341 1396 1515 1443 dividit
1542 1397 1680 1443 invia
1711 1397 1863 1443 terris.

91 1476 175 1515 385
194 1472 305 1516 ante
338 1473 379 1516 et
405 1469 670 1517 Trinacria
700 1470 960 1516 lentandus
992 1484 1154 1517 remus
1183 1471 1238 1517 iu
1269 1469 1406 1516 unda
1439 1473 1482 1517 et
1509 1469 1630 1517 salis
1653 1467 1867 1516 Ausonii

178 1543 487 1590 lustrandum
525 1545 734 1591 navibus
775 1557 953 1602 aequor
991 1544 1266 1603 infernique
1305 1544 1440 1592 lacus
1471 1542 1754 1603 Aeaeaeque
1791 1545 1865 1591 iu-

176 1618 287 1664 sula
345 1616 536 1672 Circae,
593 1633 740 1676 quam
794 1620 898 1665 tuta
942 1619 1107 1677 possis
1167 1618 1336 1665 urbem
1397 1631 1660 1677 conponere
1719 1620 1864 1664 terrm

177 1693 443 1752 antequam
496 1691 689 1739 Aeneas
744 1693 912 1739 venire
975 1691 1039 1738 ad
1099 1691 1301 1739 Italiam
1362 1694 1529 1752 posset
1591 1693 1641 1739 et
1699 1691 1752 1738 in
1807 1707 1864 1738 ea
1889 1710 1978 1758 211»γ

177 1765 381 1812 condere
421 1766 699 1826 civitatem,
739 1765 864 1812 dixit
902 1782 991 1827 per
1029 1767 1151 1827 quot
1188 1765 1312 1826 loca,
1350 1781 1440 1827 per
1478 1781 1630 1827 quam
1668 1765 1862 1827 prolixa

177 1840 304 1886 esset
340 1841 499 1886 maria
537 1841 855 1888 transiturus.
930 1840 1105 1901 primo,
1142 1840 1322 1902 inquit,
1360 1839 1525 1899 Italia,
1563 1841 1621 1886 ut
1657 1840 1862 1902 ignarus

174 1914 344 1973 putas,
389 1929 489 1960 non
535 1915 610 1962 est
653 1915 901 1975 proxima3
962 1928 1079 1960 nam
1127 1914 1275 1976 longe
1330 1929 1439 1961 eam
1493 1913 1555 1960 ab
1609 1913 1685 1960 his
1739 1912 1861 1961 locis

174 1988 353 2033 natura
393 1986 637 2035 discrevit.
704 1987 914 2049 denique
955 1989 1070 2034 ante
1103 1987 1360 2035 Trinacria
1398 1987 1660 2035 lentandus
1698 2002 1860 2034 remus

174 2060 227 2106 in
273 2060 427 2121 unda,
474 2061 566 2109 hoc
613 2063 688 2108 est
735 2061 958 2123 Siciliae3
1021 2064 1071 2108 01
1124 2061 1256 2121 110113Δ
1288 2061 1500 2109 Α11301111
1548 2060 1861 2108 lustrandum
1884 2078 1948 2118 252¹

174 2133 381 2182 navibus
422 2150 620 2195 aequor,
653 2135 778 2182 dixit
817 2137 865 2182 et
903 2135 1096 2182 Italiae.
1158 2135 1438 2197 infernique
1476 2135 1613 2182 lacus
1645 2135 1859 2182 Aeaeae-

175 2222 269 2267 que
307 2207 474 2255 insula
507 2207 676 2256 Circae
715 2204 975 2273 †quoniae
1013 2209 1323 2274 inferosque.¹
1375 2225 1526 2270 quam
1556 2210 1669 2256 11110
1699 2209 1858 2270 1103313

173 2280 358 2328 urbem·
391 2296 663 2344 conponere
710 2286 865 2331 terra:
927 2286 1066 2344 tunc,
1113 2284 1298 2345 inquit,
1344 2283 1530 2344 poteris
1576 2284 1689 2330 11110
1726 2284 1860 2330 terra.

293 2426 318 2464 3
350 2422 421 2466 his
452 2424 517 2478 (et
543 2422 683 2480 infra)
716 2423 801 2466 LR
832 2425 872 2467 is
901 2439 925 2468 1
955 2425 1029 2467 hic
1060 2424 1130 2467 ed.
1223 2428 1251 2466 4
1282 2424 1528 2467 rationalis
1550 2423 1635 2466 LR
1658 2423 1859 2468 causalis
1937 2459 1947 2476 ,

172 2479 219 2522 111
252 2494 398 2537 marg.
425 2481 622 2525 adnotat
652 2496 743 2525 non
774 2484 828 2526 ut
860 2483 1235 2527 emendationem
1264 2482 1314 2526 r'.
1424 2487 1450 2526 9
1481 2483 1744 2538 hospitalib;
1775 2482 1859 2526 tris
1938 2482 1947 2497 ⁹

171 2538 207 2582 L
246 2539 360 2583 item
399 2540 498 2584 sine
528 2558 545 2595 ,·
576 2541 618 2584 R
648 2555 703 2585 us
734 2541 932 2585 inseruit
961 2557 985 2585 1·
1020 2543 1202 2598 hospita
1241 2541 1399 2586 luseres
1428 2539 1474 2584 r‘
1505 2541 1795 2598 (fist-264).
1939 2589 1942 2596 Ι

174 2602 228 2641 10
262 2599 516 2655 expeditam
546 2599 587 2642 R
619 2613 732 2643 corr.
764 2615 799 2644 1.
954 2606 1007 2644 12
1046 2602 1152 2656 fert?
1183 2601 1252 2644 ita
1282 2601 1528 2657 scriptum,
1570 2602 1625 2644 ut
1654 2599 1731 2644 vix
1761 2599 1858 2656 legi

171 2659 321 2715 possit
352 2658 387 2701 L
424 2659 514 2712 fert
544 2658 586 2701 R
622 2660 706 2713 fiat
743 2674 777 2703 r.
932 2665 985 2703 13
1026 2662 1129 2704 iuro
1167 2659 1210 2703 R
1245 2656 1367 2704 ‘iuno'
1394 2674 1430 2703 r.
1591 2663 1646 2702 14
1685 2673 1777 2715 qua
1814 2658 1856 2701 R

172 2732 286 2774 quae
316 2733 349 2761 r.
475 2721 528 2760 17
563 2722 667 2762 a‘nte
697 2717 784 2761 LR
815 2724 920 2763 ante
951 2725 992 2764 et
1020 2734 1056 2763 r.
1086 2721 1092 2776 Ι
1129 2719 1246 2764 sales
1267 2719 1310 2762 R
1338 2719 1452 2764 salis
1479 2733 1516 2762 r.
1641 2721 1695 2761 18
1727 2731 1856 2770 aeae-
1985 2754 1987 2758 .

172 2791 254 2834 que
285 2776 383 2821 LR.
509 2781 562 2820 19
597 2777 744 2821 Circes
777 2778 846 2820 ed.
971 2783 1024 2822 21
1056 2779 1322 2836 'contendere
1347 2777 1436 2821 LR
1465 2777 1654 2822 condere
1683 2791 1708 2820 1·
1737 2776 1808 2821 ed.
1845 2776 1851 2835 Ι
1873 2832 1875 2834 ¹
1993 2819 1995 2831 ἶ

170 2837 292 2892 quod
321 2835 364 2879 R
395 2849 507 2879 corr.
533 2850 567 2880 r.
688 2840 742 2879 23
775 2850 868 2880 nou
900 2838 1008 2881 ante
1040 2843 1092 2881 ut
1122 2838 1349 2894 expectes.
1465 2840 1522 2879 26
1553 2850 1714 2892 eaeque
1743 2835 1792 2879 L.
1954 2851 1955 2854 ¹
1992 2834 1996 2852 ¹

173 2899 227 2938 27
261 2897 456 2951 quoniae
494 2895 752 2950 inferosque
782 2895 817 2938 L
857 2898 1074 2952 quoniam
1111 2898 1154 2940 ei
1189 2897 1446 2952 inferosque
1475 2895 1518 2939 R
1556 2895 1678 2940 dixit
1710 2899 1752 2939 et
1781 2895 1854 2938 in-

169 2954 290 3008 feros
319 2969 343 2997 r
378 2967 465 2998 om.
500 2953 570 2998 ed.
604 2953 740 3010 plura
772 2954 999 2998 excidisse
1030 2955 1260 2999 videntur.
