2014 3226
775 151 1116 195 PRAEFATIO
1585 152 1799 195 XXXVII

98 296 285 345 saeculi
325 294 429 353 XV,
471 293 691 341 continet
729 292 881 339 libros
921 292 1100 338 I-—VI
1141 293 1259 338 275.
1324 293 1504 353 incipit
1543 292 1603 339 ab
1646 292 1797 352 „llos“

96 371 259 432 spatio
317 368 378 416 ad
427 366 792 430 depingendam
840 367 857 412 i
904 366 1093 414 relicto.
1172 367 1377 414 lacunae
1425 367 1475 412 in
1525 369 1701 427 quarto
1751 368 1800 414 et

100 447 232 492 sexto
280 442 478 489 eaedem
525 443 641 488 sunt
690 442 839 501 atque
880 440 931 486 in
970 439 1141 486 LRV.
1221 441 1480 488 certiorem
1522 456 1596 487 me
1638 439 1696 487 de
1738 441 1798 487 iis

99 518 214 565 fecit
254 532 341 578 per
379 516 573 562 litteras
613 516 817 576 rogatus
857 515 934 561 vir
978 513 1293 562 doctissimus
1336 513 1575 578 Coggiola
1623 514 1798 561 biblio-

99 591 356 638 thecarius.
416 616 483 620 —
540 588 857 635 Parisinus
919 587 1252 636 bibliothecae
1308 589 1578 636 nationalis
1641 590 1798 648 7957,

96 665 410 721 chartaceus,
462 662 694 710 foliorum
737 663 864 725 209,
916 662 1129 724 scriptus
1179 678 1307 710 anno
1351 663 1520 722 1461,
1578 662 1800 710 continet

98 738 253 786 libros
295 737 462 796 I—V,
509 738 687 798 incipit
735 752 763 783 a
810 735 972 783 verbis
1020 738 1164 798 „post
1209 736 1324 784 illos
1371 734 1485 798 qui“
1525 735 1577 783 in
1625 751 1798 783 rasura

102 812 174 860 ita
213 811 405 874 positis,
446 814 502 858 ut
541 812 702 872 primo
741 810 884 873 „illos
926 808 1040 871 qui“
1082 811 1322 871 scriptum
1362 810 1515 858 fuisse
1548 810 1797 868 videatur3

101 902 214 933 nam
263 883 408 947 „qui“
456 900 585 931 nunc
633 900 782 946 supra
830 884 1015 931 lineam
1062 883 1300 945 scriptum
1352 887 1449 945 est,
1512 884 1693 932 desinit
1747 886 1800 931 in

100 960 403 1021 „sepultores
454 959 678 1006 invenire
724 973 823 1006 non
869 957 1064 1019 posset“
1117 960 1170 1018 5,
1206 960 1326 1006 871.
1405 959 1636 1006 lacunam
1683 958 1799 1005 libri

99 1035 267 1096 quarti
305 1033 512 1080 eandem
550 1032 699 1080 habet
739 1048 890 1094 quam
922 1031 1030 1079 LR.
1070 1059 1136 1064 —
1180 1032 1495 1080 Parisinus
1535 1032 1796 1080 bibliothe-

97 1123 183 1156 cae
222 1108 491 1155 nationalis
537 1107 699 1166 7958,
747 1106 1171 1166 membranaceus,
1212 1107 1400 1154 formae
1443 1106 1669 1170 grandis,
1716 1107 1798 1154 lit-

99 1181 218 1230 teris
260 1181 541 1229 initialibus
580 1181 729 1242 pictis
771 1179 966 1242 alioque
1008 1183 1187 1228 ornatu
1234 1181 1517 1241 decoratus,
1566 1181 1798 1228 foliorum

103 1257 223 1316 161,
265 1255 445 1303 saeculi
480 1255 586 1315 XV,
627 1255 848 1302 continet
886 1254 1038 1302 libros
1068 1254 1316 1301 VI—XII
1356 1271 1384 1302 a
1427 1255 1605 1315 6,158
1650 1256 1799 1316 „quia

99 1346 243 1391 quem
289 1326 616 1390 perdidisset“
663 1344 816 1390 usque
864 1328 928 1375 ad
980 1331 1062 1388 12,
1100 1330 1202 1376 952
1255 1328 1661 1390 „matrimonium
1717 1328 1796 1376 de·

97 1402 348 1451 bebatur“.
412 1403 614 1451 lacunas
648 1402 787 1462 sexti,
821 1403 1034 1464 septimi,
1069 1404 1235 1450 octavi
1267 1402 1386 1450 libri
1418 1403 1617 1451 easdem
1648 1402 1800 1450 habet

96 1493 221 1540 quas
267 1477 328 1538 V,
382 1479 640 1540 praeterea
695 1477 874 1524 desunt
927 1478 1365 1538 interpretationes
1419 1479 1535 1539 post
1595 1478 1648 1536 9,
1693 1479 1793 1524 771

97 1551 282 1612 „iacuit
336 1550 514 1613 caput“
565 1566 720 1612 usque
778 1552 840 1598 ad
895 1553 976 1612 10,
1023 1553 1123 1598 121
1183 1552 1350 1611 „ribus
1406 1551 1800 1599 defendebantur

97 1642 268 1674 earum
315 1623 625 1685 altitudine“,
681 1641 804 1687 quas
851 1627 903 1672 in
952 1625 1117 1673 codice
1163 1626 1272 1687 ipso
1322 1627 1526 1687 periisse
1577 1627 1799 1687 apparet,

98 1700 206 1747 hiat
245 1700 375 1747 enim
414 1701 545 1747 inter
587 1699 671 1748 fol.
709 1700 829 1747 92B
869 1699 951 1746 fin.
985 1701 1035 1746 et
1077 1699 1201 1746 93A
1233 1701 1299 1746 in.
1342 1699 1620 1747 duodecimi
1666 1700 1799 1748 lacu-

98 1790 190 1821 nae
230 1775 508 1835 comparari
554 1775 827 1835 nequeunt,
875 1773 992 1835 quia
1041 1775 1260 1821 extrema
1309 1774 1490 1823 codicis
1536 1789 1652 1836 pars
1700 1789 1799 1820 non

97 1849 246 1910 plena
299 1850 386 1896 est.
464 1864 581 1895 nam
636 1849 750 1910 post
806 1851 887 1910 12,
929 1849 1031 1894 471
1092 1848 1191 1908 „sic
1247 1848 1379 1895 enim
1433 1848 1520 1895 illa
1576 1847 1799 1895 dixerat“

98 1922 313 1984 primum
351 1937 468 1984 pars
509 1938 566 1968 ex
610 1924 692 1984 12,
729 1923 1036 1982 195—471,
1078 1937 1229 1983 quam
1277 1922 1511 1970 librarius
1558 1922 1661 1969 iam
1709 1937 1797 1970 suo

100 1996 206 2043 loco
262 1997 548 2059 scripserat,
603 1995 826 2058 sequitur
871 1996 1085 2058 repetita
1130 1995 1300 2043 multis
1350 1996 1568 2059 omissis,
1623 1995 1798 2043 deinde

98 2069 446 2132 interpretatio
487 2086 516 2118 a
559 2071 642 2131 12,
676 2071 779 2118 471
823 2085 978 2131 usque
1019 2069 1082 2117 ad
1123 2071 1229 2118 493
1271 2070 1448 2130 „hasta
1486 2067 1649 2131 tulit“,
1689 2072 1798 2118 tum

106 2145 187 2204 12,
221 2146 326 2192 932
383 2144 643 2204 „miserere
699 2136 816 2210 (sic)
873 2145 916 2191 si
971 2160 1067 2204 qua
1123 2145 1344 2205 parentis
1384 2171 1456 2176 ——
1497 2142 1798 2192 debebatur“

106 2218 230 2277 952,
276 2220 526 2280 postremo
575 2218 766 2266 adnexa
812 2223 886 2267 est
932 2218 1180 2280 particula
1223 2220 1306 2279 12,
1334 2219 1627 2266 423—434
1669 2234 1796 2279 „non

101 2308 252 2339 manu
289 2294 505 2340 tenentis
529 2319 602 2324 —
627 2292 772 2341 dictis
814 2308 1008 2354 quoque
1050 2291 1373 2354 composuit“.
1440 2291 1641 2340 videtur
1679 2308 1796 2356 ergo

101 2365 182 2413 hic
206 2366 337 2414 liber
367 2365 602 2414 Urbinati
634 2368 684 2414 et
714 2366 1065 2414 Malatestiano
1107 2365 1271 2414 affinis
1311 2381 1429 2429 esse,
1463 2367 1548 2415 sed
1588 2366 1796 2414 adiectis

100 2442 212 2500 post
254 2441 337 2500 12,
371 2441 473 2487 471
517 2439 840 2502 undecunque
887 2456 1045 2502 neque
1093 2439 1196 2488 ullo
1246 2440 1450 2489 consilio
1498 2441 1795 2502 interpreta-

101 2514 295 2561 tionum
339 2513 548 2562 laciniis.
625 2514 967 2562 Parisinorum
1005 2513 1244 2562 librorum
1285 2514 1520 2562 notitiam
1566 2514 1797 2577 diligenti

7 2605 11 2610 ·
103 2601 247 2635 curae
302 2587 452 2636 debeo
507 2589 603 2636 viri
653 2587 929 2637 doctissimi
974 2588 1120 2635 Pauli
1165 2587 1321 2650 Lejay
1369 2588 1674 2650 professoris.
1725 2615 1792 2620 ——

0 2696 14 2724 >.=
102 2659 304 2709 Praeter
340 2661 435 2709 hos·
471 2677 592 2723 quos
631 2663 848 2710 tractavi
887 2661 1076 2710 codices
1115 2662 1240 2708 mihi
1281 2661 1479 2723 quidem
1520 2678 1578 2709 ex
1616 2661 1794 2710 biblio-

0 2779 6 2796 ,
102 2733 354 2782 thecarum
404 2737 644 2800 catalogis
683 2736 850 2784 nullus
890 2735 1124 2783 innotuit.
1188 2735 1246 2782 de
1279 2735 1418 2783 Petri
1452 2734 1634 2783 Criniti
1667 2735 1794 2784 libro

100 2823 250 2855 manu
291 2810 475 2870 scripto
515 2824 667 2872 supra
705 2812 1006 2857 mentionem
1045 2810 1152 2857 feci.

0 2902 3 2906 ·
212 2882 319 2929 Iam
352 2882 411 2930 de
443 2882 743 2932 editionibus
777 2883 1022 2948 agendum
1055 2886 1142 2931 est.
1195 2884 1443 2946 epitomen
1476 2898 1587 2931 cum
1618 2882 1794 2930 iisdem

0 2984 2 2987 -
101 2969 160 3002 ac
191 2954 339 3002 LRV
371 2955 561 3006 lacunis
584 2956 838 3005 Laudinus
871 2956 1027 3005 edidit
1060 2957 1340 3005 Florentiae
1370 2957 1510 3005 1487
1545 2956 1793 3005 codicibus
