2014 3226
170 161 241 213 56
633 156 863 200 DONATI
895 155 1173 199 INTERPR.
1207 154 1383 198 VERG.

172 317 262 361 que
311 314 591 361 personam,
639 301 694 343 ut
740 295 855 342 inde
901 298 1059 359 magis
1107 295 1271 343 dolere
1311 295 1562 354 videatur,
1611 293 1742 355 quod
1779 295 1853 340 in-

171 374 341 420 feriori
388 373 532 420 licuit
578 372 690 432 post
738 369 981 416 excidium
1021 370 1198 417 Troiae
1237 385 1326 430 per
1364 371 1441 416 tot
1480 367 1703 415 difficilia
1742 383 1854 415 con-

174 449 313 508 sequi
351 447 690 507 plenissimam
729 445 963 504 requiem.
1040 443 1267 490 Antenor
1305 458 1434 505 ergo,
1475 442 1620 489 homo
1662 442 1853 488 alienus

173 538 201 568 a
247 519 603 567 necessitudine
657 520 766 577 tua,
821 518 1021 565 humilis
1079 518 1229 578 atque
1283 516 1565 578 depressus,
1621 532 1645 562 e
1691 514 1853 563 medio

171 596 384 641 hostium
426 592 528 639 labi
562 593 724 653 potuit
756 593 806 638 et
837 607 1009 638 eorum
1039 606 1214 638 manus
1248 590 1460 652 effugere
1495 588 1673 650 quibus
1704 589 1855 636 Ilium
1902 603 1920 636 5

173 667 384 715 concidit
431 669 480 713 et
525 666 671 712 multi
717 664 908 712 nobiles
955 666 1231 726 perierunt,
1287 663 1349 711 ad
1394 663 1652 724 Illyricum
1703 664 1856 710 etiam

172 744 442 802 penetrare.
522 755 632 787 cum
672 739 794 786 dicit
834 739 896 785 ad
935 738 1193 799 Illyricum
1233 740 1283 785 et
1323 737 1445 784 dicit
1483 738 1766 797 penetrare,
1807 738 1856 783 et

172 816 509 875 prolixitatem
533 815 779 860 terrarum
811 813 1101 874 longissime
1132 815 1434 859 remotarum
1466 809 1855 872 intellegendum

172 893 243 936 est
281 890 555 935 monstrare
594 887 811 934 voluisse
852 889 901 933 et
940 886 1288 933 difficultatem
1327 884 1662 946 perveniendi,
1707 884 1856 931 simul

171 964 321 1009 etiam
368 961 429 1008 ad
476 961 674 1009 hostilis
722 962 880 1021 partis
928 959 1241 1021 penetrandi,
1300 974 1425 1019 quae
1481 960 1647 1006 omnia
1702 959 1856 1006 satiat
1881 973 1924 1006 ιο

170 1036 314 1084 dictis
360 1036 606 1096 posterius
657 1033 875 1082 adnexis.
952 1035 1213 1095 penetrare
1261 1036 1334 1081 est
1374 1034 1506 1080 enim
1544 1033 1742 1094 penitus
1781 1033 1855 1079 in-

168 1115 322 1168 trare3
378 1125 433 1156 eo
474 1108 667 1156 addidit
705 1109 855 1167 sinus,
893 1122 1112 1155 recessus
1154 1107 1343 1154 scilicet
1378 1109 1626 1154 terrarum
1672 1106 1855 1168 longis-

171 1185 291 1230 sime
330 1186 646 1242 remotarum,
686 1181 866 1243 quibus
906 1181 1103 1229 clausus
1143 1197 1243 1228 non
1281 1182 1530 1242 potuisset
1560 1179 1781 1241 evadere,
1813 1181 1858 1226 si

170 1257 389 1318 pericula
438 1258 732 1304 extitissent.
812 1258 861 1302 et
907 1259 963 1302 ut
1002 1256 1162 1302 maior
1201 1257 1330 1303 esset
1368 1253 1576 1302 Veneris
1616 1254 1759 1301 dolor
1797 1252 1856 1301 de

169 1331 408 1378 felicitate
441 1330 725 1389 Antenoris,
765 1330 987 1389 evadere,
1020 1330 1200 1389 inquit,
1239 1330 1406 1390 potuit
1444 1329 1642 1376 hostilis
1680 1342 1856 1375 manus
1883 1341 1924 1376 15

172 1421 226 1453 ac
274 1421 362 1466 per
407 1404 594 1452 medios
641 1405 859 1451 hostium
906 1402 1078 1466 globos
1127 1404 1177 1450 et
1224 1419 1313 1463 per
1350 1404 1665 1450 inimicorum
1703 1416 1857 1463 regna

170 1479 309 1525 tutus
366 1493 663 1539 securusque
717 1478 943 1525 transire.
1030 1478 1253 1537 transiit,
1307 1478 1495 1538 inquit,
1559 1479 1609 1523 et
1669 1475 1858 1523 fontem

173 1552 389 1599 Timavi:
443 1553 568 1599 miro
616 1551 765 1600 verbo
811 1567 903 1599 usa
951 1554 1024 1598 est
1069 1552 1293 1611 't-ransiit3
1347 1551 1559 1598 transire
1606 1551 1680 1597 est
1727 1550 1858 1597 enim

172 1627 275 1674 sine
323 1627 633 1691 cuiusquam,
661 1625 890 1672 molestia
937 1625 1017 1673 vel
1062 1624 1400 1686 inpedimento
1447 1625 1703 1685 pervenire
1761 1637 1856 1684 quo

173 1701 378 1760 quisque
432 1699 753 1747 contenderit.
833 1701 883 1746 et
937 1701 1056 1760 quia
1109 1699 1418 1746 levissimum
1471 1698 1569 1745 fuit
1621 1698 1857 1746 transisse
1882 1712 1926 1746 20

171 1774 359 1821 fontem
399 1766 575 1838 (fontis
614 1774 746 1819 enim
785 1772 1083 1836 significatio
1122 1773 1315 1820 nullam
1353 1771 1726 1820 demonstrabat
1762 1770 1856 1818 dif-

171 1845 444 1895 ficultatem
483 1839 806 1912 superatam),
837 1846 1020 1894 idcirco
1062 1846 1255 1894 addidit
1284 1845 1414 1893 unde
1445 1862 1535 1907 per
1566 1861 1653 1893 ora
1680 1861 1858 1893 novem

171 1922 313 1968 vasto
353 1935 464 1967 cum
502 1929 750 1968 murmure
788 1922 970 1970 montis
1001 1922 1044 1968 it
1074 1936 1210 1968 mare
1242 1922 1567 1981 praeruptum
1599 1922 1650 1966 et
1679 1919 1858 1982 pelago

170 1995 351 2054 premit
396 2008 516 2041 arva
562 1995 771 2042 sonanti.
848 2011 908 2042 ne
950 1996 1061 2056 quis
1102 1994 1432 2042 arbitraretur
1470 1995 1659 2042 fontem
1699 1992 1854 2040 fuisse

170 2067 477 2128 mediocrem,
517 2069 603 2128 qui
641 2069 744 2115 sine
784 2068 952 2130 aliquo
992 2068 1162 2116 labore
1200 2069 1405 2115 transiri
1442 2068 1703 2129 potuisset,
1742 2068 1852 2115 tan·
1878 2081 1922 2114 25

171 2147 252 2188 tae
290 2140 434 2188 illum
472 2141 659 2188 fontem
696 2143 897 2191 virtutis
938 2157 1040 2190 esse
1079 2142 1429 2201 conmemorat,
1460 2143 1517 2188 ut
1555 2157 1645 2202 per
1676 2156 1853 2189 novem

171 2214 306 2262 illius
347 2230 432 2262 ora
466 2215 700 2275 periculis
732 2215 959 2264 omnibus
989 2216 1117 2264 liber
1146 2215 1373 2264 Antenor
1402 2216 1674 2275 transierit,
1708 2216 1759 2262 et
1787 2213 1854 2262 ‘ad

172 2287 538 2349 exprimendam
575 2289 820 2336 undarum
858 2290 1040 2338 molem
1077 2291 1250 2338 nexuit
1286 2291 1429 2338 vasto
1463 2305 1573 2338 cum
1604 2303 1854 2336 murmure

171 2362 354 2409 montis
403 2363 446 2408 it
489 2377 622 2409 mare
667 2365 991 2424 praeruptum
1046 2366 1097 2410 et
1148 2364 1326 2426 pelago
1381 2364 1563 2424 premit
1610 2377 1730 2409 arva
1778 2377 1853 2410 so·

171 2436 334 2496 nanti,
389 2437 446 2482 ut
497 2435 606 2484 fons
661 2438 789 2484 esset
841 2437 894 2483 in
949 2437 1052 2484 solo
1103 2436 1367 2498 vocabulo,
1421 2452 1474 2483 re
1519 2439 1689 2485 tamen
1733 2450 1852 2483 vera
1880 2451 1925 2483 ³0

173 2508 478 2556 abundantia
524 2510 621 2571 sui,
670 2511 861 2576 opertis
899 2511 1045 2558 terris
1092 2512 1144 2557 in
1189 2511 1351 2558 alieno
1391 2511 1634 2558 elemento
1674 2510 1855 2557 faciem
1942 2571 1949 2576 .

293 2667 317 2707 7
351 2667 391 2707 et
423 2663 535 2707 dicit
566 2662 652 2706 LR
683 2668 723 2707 et
753 2664 797 2708 d.
830 2666 966 2708 etiam
997 2665 1068 2708 ed.
1224 2669 1278 2709 10
1308 2665 1452 2710 satiat
1480 2664 1568 2709 LR
1597 2665 1748 2719 faciat
1778 2663 1858 2707 edI
1951 2683 1969 2717 ².

172 2722 287 2775 facit
317 2721 426 2766 edF.
520 2725 575 2765 12
607 2735 655 2766 eo
686 2721 772 2765 LR
803 2727 845 2768 et
873 2723 946 2767 ed.
1041 2728 1094 2767 17
1125 2725 1315 2769 transiit
1345 2724 1432 2768 LR
1461 2724 1695 2779 superavit
1725 2722 1796 2766 ed.
1931 2719 1969 2767 Ἴ

175 2784 230 2824 18
261 2781 451 2827 transiit
479 2781 678 2825 transire
707 2780 793 2824 LR
823 2784 1055 2838 superavit
1084 2797 1300 2839 superare
1328 2783 1400 2827 ed.
1495 2786 1549 2827 21
1582 2783 1859 2827 dmonstrat

175 2839 246 2886 ed.
382 2843 437 2882 22
471 2840 654 2884 addidit
683 2839 770 2883 LR
796 2842 952 2895 posuit
979 2842 1053 2885 ed.
1201 2846 1256 2886 23
1281 2847 1586 2900 praeruptum
1615 2841 1704 2885 LR
1727 2847 1854 2896 pror.

173 2912 196 2940 r
227 2897 298 2942 ed.
418 2902 475 2943 25
509 2899 589 2954 qm?
618 2897 704 2943 LR
735 2912 843 2942 nam
873 2901 939 2944 sic
969 2900 1039 2946 ed,
1069 2903 1075 2956 Ι
1103 2902 1300 2946 tmansire
1331 2900 1400 2943 ed.
1519 2904 1572 2943 2-7
1603 2904 1651 2943 et.
1678 2899 1742 2944 ad
1771 2898 1858 2943 LR

173 2962 215 3001 et
245 2969 332 2999 om.
366 2956 436 3000 ed.
558 2961 614 3000 29
641 2963 942 3014 praeruptum
973 2958 1060 3002 LR
1084 2973 1209 3015 pror.
1241 2959 1313 3004 ed.
1747 2998 1749 3002 Α
