2014 3226
770 160 1073 209 AENEIDOS
1105 161 1146 204 II
1703 162 1803 213 197

119 302 270 362 periit
324 302 461 348 cuius
515 302 779 361 imperium
833 316 921 362 per
977 317 1130 348 annos
1181 301 1402 350 infinitos
1449 302 1629 349 floruit.
1707 302 1808 348 ruit

120 376 348 436 antiqua:
410 375 671 435 antiquum
717 373 881 422 nobile
931 378 980 421 et
1025 377 1229 422 maximi
1276 376 1440 423 meriti
1486 377 1675 423 veteres
1721 391 1806 436 po—

118 452 342 509 suerunt3
395 448 520 496 nihil
561 450 688 495 enim
731 452 895 509 potest
937 464 1040 496 esse
1084 449 1372 497 diuturnum
1419 450 1517 497 nisi
1565 449 1694 510 quod
1743 452 1807 496 sit

118 522 311 569 firmum
367 526 417 569 et
469 522 675 584 dignum
731 521 862 583 quod
917 522 1094 571 debeat
1146 524 1299 571 etiam
1364 524 1544 572 futuris
1601 524 1807 572 saeculis

0 626 1 665 i
75 614 93 644 5
117 598 375 644 reservari.
461 590 578 643 huic
632 597 788 658 igitur
841 596 1094 644 nobilitati
1148 599 1343 658 patriae
1398 613 1515 645 suae
1569 600 1809 659 conparat

0 683 1 690 ¹
117 673 311 731 tempus
360 686 456 731 quo
503 670 616 730 ipsa
663 685 772 716 cum
821 669 1010 718 civibus
1051 672 1200 731 atque
1239 673 1471 720 universo
1508 673 1718 733 imperio
1760 678 1809 719 et

118 743 291 806 opibus
332 745 434 791 suis
460 743 738 805 ⁴absumpta
777 747 867 804 est,
906 745 1133 804 felicitas,
1172 746 1351 806 inquit,
1390 747 1646 794 tantorum
1683 747 1810 793 tem·

115 834 292 880 porum
338 818 484 865 unius
531 820 689 865 noctis
737 818 899 878 spatio
948 818 1240 866 adversante
1289 819 1523 869 subversa
1569 822 1666 879 est,
1711 820 1809 868 fuit.

118 907 233 956 ergo
273 892 422 939 etiam
464 891 855 939 consideratione
895 894 1133 954 temporis
1174 893 1328 940 dolor.
1394 909 1505 941 cum
1536 893 1668 942 enim
1699 909 1807 955 per-

53 983 93 1014 10
117 966 223 1014 dita
262 968 588 1029 gemerentur,
629 980 754 1027 quae
793 967 1024 1019 inimicae
1064 968 1223 1014 noctis
1255 969 1402 1015 unius
1437 969 1696 1031 angustiae
1729 983 1808 1013 ex·

118 1040 254 1088 clusa
307 1039 573 1089 latitudine
627 1040 899 1103 long-aevae
952 1040 1208 1088 felicitatis
1264 1043 1566 1102 exciverant,
1626 1041 1809 1089 adiecit

117 1113 420 1174 miseranda,
460 1129 672 1174 quorum
712 1114 813 1163 alia
853 1114 1202 1177 significabant
1239 1115 1590 1179 indignitatem
1628 1131 1809 1175 rerum,

118 1188 219 1236 alia
274 1187 619 1235 crudelitatem
673 1188 914 1248 hostium,
968 1191 1218 1250 postremo
1275 1189 1374 1236 alia
1423 1205 1547 1250 quae
1595 1189 1645 1236 in
1693 1189 1808 1237 deos

118 1278 315 1324 quoque
341 1261 557 1309 admissa
581 1262 844 1326 sacrilegia
875 1265 1190 1311 testarentur.
1242 1263 1517 1326 indignitas
1549 1264 1646 1310 fuit
1678 1263 1809 1324 quod

51 1354 93 1385 15
116 1337 493 1384 interfectorum
540 1351 745 1398 corpora
793 1337 1118 1398 oppleverant
1163 1338 1272 1384 vias
1320 1331 1471 1403 (quae
1519 1338 1666 1385 aliter
1712 1338 1809 1384 vici

117 1404 457 1475 appellantur)
505 1413 555 1456 et
602 1413 776 1459 contra
822 1426 968 1458 suum
1016 1411 1162 1459 decus
1209 1427 1309 1459 non
1355 1414 1640 1460 meruerant
1677 1411 1809 1458 hunc

118 1486 306 1531 exitum
344 1484 598 1545 talemque
628 1485 802 1533 mortis
835 1500 1004 1534 casum
1035 1485 1214 1545 subire,
1247 1501 1358 1533 cum
1392 1486 1636 1534 caderent.
1699 1500 1809 1532 ecce

119 1558 255 1606 aliud
310 1560 587 1619 exequitur,
643 1559 777 1620 quod
829 1561 1028 1620 praeter
1082 1561 1204 1607 civis
1253 1559 1503 1608 adfectum
1550 1561 1702 1607 etiam
1750 1558 1809 1606 de

117 1634 413 1694 contemptis
460 1633 747 1681 numinibus
792 1632 926 1681 dolet
965 1636 1140 1695 utpote
1179 1633 1384 1682 deorum
1423 1635 1630 1683 antistes
1670 1649 1808 1695 prae—

53 1723 95 1755 ευ
119 1706 281 1757 clarus
321 1709 372 1754 et
410 1707 592 1754 cultor:
647 1723 832 1769 perque
872 1707 1066 1767 domos,
1104 1708 1292 1769 inquit,
1340 1709 1389 1755 et
1426 1708 1660 1772 religiosa
1698 1707 1811 1755 deo-

116 1797 226 1828 rum
273 1780 472 1841 limina‚
526 1785 582 1828 ut
635 1797 735 1829 non
780 1784 978 1834 tantum
1024 1781 1122 1829 vici
1167 1797 1341 1832 verum
1386 1783 1539 1830 etiam
1584 1783 1809 1844 privatae

117 1854 312 1915 domus,
349 1855 538 1916 templa
579 1871 773 1917 quoque
811 1855 1042 1904 humanis
1080 1856 1366 1918 corporibus
1404 1856 1552 1918 plena
1599 1850 1809 1920 [essent]

117 1931 167 1976 et
194 1943 460 1981 caesorum
498 1929 754 1978 hominum
793 1932 1035 1992 sanguine
1072 1930 1420 1979 redundarent.
1493 1932 1691 1978 tantum
1729 1929 1811 1976 hic

121 2001 328 2063 addidit,
359 2006 416 2050 ut
446 2004 704 2053 relationis
736 2003 979 2052 invidiam
1012 2003 1262 2067 gradatim
1293 2005 1479 2053 faceret
1517 2004 1810 2067 graviorem.

55 2093 98 2126 8⁶
124 2076 243 2138 quid
289 2078 416 2124 enim
467 2077 686 2126 deterius
725 2077 824 2126 dici
860 2078 1027 2140 potuit
1066 2077 1301 2126 accidisse
1342 2094 1491 2140 quam
1528 2078 1617 2126 illo
1654 2093 1811 2139 usque

122 2149 449 2205 Troianorum
487 2152 622 2201 mala
659 2153 809 2203 fuisse
840 2168 1118 2216 progressa,
1158 2154 1216 2200 ut
1252 2153 1475 2201 homines
1508 2153 1594 2213 qui
1623 2152 1810 2200 hostia-

118 2239 229 2277 rum
273 2227 518 2288 sanguine
556 2226 763 2288 placare
794 2229 1170 2275 consueverant
1203 2227 1320 2275 deos
1358 2227 1448 2275 hos
1487 2241 1660 2275 cruore
1697 2241 1811 2288 pro·

116 2298 225 2359 prio
270 2298 616 2353 funestarent?
689 2301 765 2349 ita
809 2301 863 2348 in
901 2317 1055 2348 unum
1095 2301 1351 2365 colligitur
1388 2301 1610 2348 omnium
1646 2299 1808 2349 infeli·

118 2373 262 2434 citas,
316 2376 375 2420 ut
426 2373 612 2435 periret
656 2375 818 2436 primo
866 2375 1033 2436 patria
1077 2389 1190 2422 cum
1234 2390 1388 2438 regno
1436 2377 1585 2436 atque
1633 2372 1810 2436 opibus

48 2461 96 2495 ω
119 2446 242 2507 suis,
287 2447 420 2499 cives
466 2448 597 2502 caesi
628 2449 855 2502 iacerent
892 2449 941 2502 in
977 2448 1183 2511 publico
1223 2451 1312 2497 aut
1348 2450 1403 2497 in
1442 2448 1669 2500 domibus
1709 2449 1811 2499 suis

30 2555 36 2565 -1
118 2522 205 2570 aut
242 2524 375 2570 certe
410 2523 464 2569 in
498 2522 703 2584 templis
731 2521 833 2573 *sub
869 2522 1073 2573 deorum
1106 2524 1256 2573 occisi
1283 2522 1630 2584 conspectibus
1661 2520 1807 2569 nihil-

121 2608 216 2655 que
260 2596 363 2645 iam
409 2595 591 2658 reliqui
637 2596 768 2644 foret
813 2596 947 2658 quod
985 2597 1091 2645 sine
1124 2606 1310 2660 ,magno
1349 2597 1490 2645 luctu
1528 2595 1686 2646 videri
1722 2610 1807 2657 po-

117 2668 306 2723 finisset.
379 2684 470 2716 nec
503 2670 605 2719 -soli
639 2682 829 2730 poenas
873 2672 996 2719 dant
1038 2673 1279 2732 sanquine
1322 2671 1496 2721 Teucri
1565 2669 1806 2730 quondam

237 2798 263 2838 9
295 2796 348 2838 in
378 2756 549 2840 consid.
582 2796 654 2840 ed.
750 2799 804 2839 10
835 2797 1079 2854 angustiae
1102 2796 1189 2840 LR
1220 2797 1449 2854 anqustiis
1481 2795 1551 2840 ed.
1646 2799 1699 2837 11
1733 2807 1808 2838 εει·-

39 2878 51 2903 ι
118 2853 323 2905 cimam
348 2852 440 2902 LR
458 2855 733 2905 extenderant
762 2855 835 2902 cd.
866 2861 1090 2903 morant
1117 2871 1153 2899 r.
1323 2859 1379 2898 14
1408 2854 1696 2912 eam-{kaur-

42 2907 54 2940 *.
122 2914 179 2961 18
201 2912 341 2964 aliud
369 2926 459 2961 om.
483 2913 558 2958 od
659 2918 731 2962 20
761 2914 868 2964 deos
894 2913 986 2963 LR
1003 2914 1086 2962 ed.
1120 2914 1275 2961 domoc
1303 2929 1341 2968 r,
1371 2913 1500 2970 quod
1530 2913 1809 2970 intorpreta-

35 2930 74 3226 ι
117 2968 247 3020 tione
268 2971 500 3022 fimatur.
624 2977 679 3016 22
703 2972 848 3029 plena
875 2971 965 3023 LR
987 2973 1067 3018 ed.
1100 2979 1243 3023 essent
1272 2972 1452 3022 addidi.
