2014 3226
191 205 296 256 180
653 203 886 247 DONATI
917 202 980 245 IN
983 202 1197 246 TERPR.
1230 201 1407 245 VERG.

184 346 312 392 illud
351 345 537 391 malum
578 344 781 390 celerius
821 343 874 388 in
913 343 1130 402 patriam
1170 342 1415 389 ducerent.
1478 342 1668 389 scandit
1704 343 1876 400 fatalis

184 420 408 465 machina
434 431 598 464 muros
622 419 721 475 feta
746 419 911 463 armis.
957 418 1105 474 pueri
1129 418 1309 463 circum
1332 417 1658 474 innuptaeque
1679 417 1877 475 puellae

184 507 326 538 sacra
366 494 547 538 canunt
583 492 842 550 funemque
880 505 1033 536 mauu
1071 491 1339 549 coutiuyere
1382 490 1618 548 yaudeut:
1671 489 1777 537 ibat
1822 491 1876 536 in

183 567 399 626 patriam
438 565 672 611 ultimum
710 565 894 624 fatum⁷
936 565 984 610 et
1022 579 1286 624 puerorum
1325 563 1581 624 utriusque
1622 578 1763 610 sexus
1802 565 1875 610 in-

184 639 398 699 prudens
448 640 584 685 aetas
634 639 802 684 secuta
846 652 1037 684 errores
1092 639 1285 684 nostros
1339 635 1572 699 religiosa
1627 637 1874 697 cantabat,
1923 654 1939 684 5

185 712 449 759 exerebant
488 712 678 758 innoxii
715 711 1027 772 parricidalis
1067 726 1242 757 manus
1281 712 1476 771 patriae
1509 710 1670 771 simul,
1702 726 1876 771 paren-

183 786 315 833 tibus
358 801 413 832 ac
453 785 548 832 sibi
588 785 819 833 ducentes
853 785 1069 832 exitium.
1131 785 1356 845 quisquis
1388 785 1557 831 funem
1589 785 1878 848 contigisset

183 860 259 905 vel
294 861 514 906 rotarum
548 859 717 920 lapsus
751 859 1008 907 adiuvaret
1031 858 1318 906 laetabatur
1342 858 1628 906 existimans
1654 858 1748 905 diis
1766 874 1876 906 sese

96 938 179 977 240
198 933 380 979 talibus
429 933 604 980 officiis
652 934 966 994 placiturum.
1046 933 1133 979 illa
1180 933 1309 979 subit
1354 933 1631 990 mediaeque-
1679 934 1876 980 minaris

181 1008 418 1054 inlabitur
456 1008 591 1054 urbi:
630 1007 757 1054 mira
789 1007 1056 1054 admodum
1088 1006 1351 1067 descriptio
1383 1006 1706 1069 ingredientis
1739 1007 1874 1068 equi3
1902 1025 1942 1055 ιο

182 1096 292 1127 cum
341 1082 471 1127 enim
518 1081 799 1128 traheretur
837 1083 981 1127 tanta
1020 1080 1334 1143 magnitudo,
1375 1096 1485 1126 cum
1526 1079 1741 1141 quodam
1779 1083 1874 1128 tre-

180 1170 315 1201 more
362 1154 668 1202 movebatur.
745 1155 876 1202 hunc
921 1157 1182 1201 tremorem
1222 1154 1474 1217 Vergilius
1521 1155 1713 1201 ratione
1751 1156 1876 1201 tem-

180 1229 315 1289 poris
349 1229 566 1276 dictante
599 1230 753 1275 vertit
783 1229 835 1274 in
868 1227 1316 1287 comminationem,
1340 1230 1396 1274 ut
1426 1243 1525 1275 non
1556 1230 1661 1275 tam
1689 1229 1877 1275 moveri

180 1302 434 1349 videretur
458 1302 803 1364 magnitudine
830 1317 919 1349 sua
944 1316 1094 1363 quam
1125 1303 1321 1350 minari.
1370 1301 1656 1363 mediaeque
1681 1304 1876 1349 minans

180 1376 423 1423 inlabitur
470 1375 603 1423 urb-i:
665 1377 762 1424 nisi
810 1375 1056 1423 ordinatio
1103 1375 1366 1423 verborum
1413 1377 1732 1436 conpetenter
1773 1375 1877 1437 fiat,
1901 1394 1943 1424 15

180 1452 404 1497 remanet
449 1453 598 1511 poeta
644 1450 697 1498 in
743 1450 884 1497 vitio.
963 1449 1208 1511 quomodo
1259 1450 1390 1497 enim
1429 1462 1582 1510 equus
1621 1451 1674 1496 in
1712 1449 1878 1498 media

180 1524 298 1571 urbe
333 1523 593 1571 labebatur
626 1525 711 1584 qui
742 1527 913 1585 portas
943 1523 1176 1570 nondum·
1198 1525 1363 1571 fuerat
1392 1521 1676 1585 ingressus?
1711 1526 1876 1585 poste-

178 1597 280 1645 rius
330 1598 462 1644 enim
510 1597 698 1645 dictum
745 1601 819 1645 est
866 1600 1045 1659 quater
1090 1598 1198 1658 ipso
1249 1597 1301 1643 in
1339 1598 1512 1645 limine
1551 1600 1724 1659 portae
1764 1598 1875 1645 sub-
1953 1599 1966 1654 ,ξ

181 1673 326 1718 stitit.
398 1671 690 1720 ‘ordinamus
739 1687 854 1735 ergo
903 1673 994 1731 sic,
1047 1674 1105 1718 ut
1150 1686 1239 1718 nec
1285 1673 1464 1719 vitium
1511 1672 1576 1719 sit
1623 1675 1672 1718 et
1717 1673 1875 1720 mani-
1949 1658 1964 1738 Ξ

180 1746 355 1793 festior
377 1746 660 1793 intellectus
683 1748 946 1807 appareat:
970 1745 1060 1793 illa
1085 1746 1219 1792 subit
1243 1747 1293 1792 et
1314 1745 1557 1792 inlabitur
1581 1749 1629 1792 et
1651 1745 1874 1793 nondum
1897 1756 1964 1811 203(

179 1819 403 1882 ingressa
442 1819 543 1867 iam
577 1819 772 1867 mediae
810 1819 923 1866 urbi
967 1815 1150 1867 minari
1196 1819 1471 1867 videbatur,
1550 1834 1576 1867 o
1605 1821 1799 1878 patria,
1846 1834 1874 1867 o
1948 1813 1949 1818 ¹

182 1892 347 1939 divum
394 1892 566 1940 domus
603 1894 761 1941 Ilium
807 1897 850 1940 et
892 1894 1062 1941 inclita
1109 1893 1226 1940 bello
1265 1895 1455 1941 moenia
1495 1894 1874 1940 Dardanidum!
1964 1955 1966 1957 ‚

181 1969 351 2026 quater
395 1968 500 2025 ipso
546 1969 599 2015 iri
646 1969 814 2015 limine
849 1971 1024 2026 portae
1065 1967 1275 2014 substitit
1304 1971 1453 2026 *atquc
1489 1971 1623 2014 utero
1662 1969 1874 2015 sortitum

182 2043 368 2099 quater.
397 2055 540 2088 amma
586 2042 769 2089 dedere.
845 2036 1088 2089 instamus
1133 2044 1294 2088 tamen
1331 2043 1616 2089 inmemores
1655 2042 1874 2100 caecique
2012 2054 2014 2086 ῑ

93 2118 178 2157 245
195 2115 363 2172 furore
413 2118 455 2161 et
496 2118 767 2163 monstrum
817 2116 991 2174 infelix
1043 2118 1241 2163 sacrata
1294 2116 1510 2163 sistimus
1564 2129 1698 2163 arce:
1758 2131 1872 2175 non,
1894 2108 1982 2199 πῆ

181 2188 360 2249 inquit,
383 2189 437 2235 in
458 2188 553 2236 'hac
577 2204 727 2237 causa
758 2189 830 2236 dii
857 2190 1014 2251 patrii
1045 2189 1329 2249 defuerunt3
1361 2205 1478 2236 nam
1503 2205 1650 2236 ,omne
1682 2189 1872 2236 malum
1944 2175 1969 2236 ξ’
2012 2184 2014 2211 ³

182 2261 315 2322 quod
353 2278 466 2309 mox
505 2262 670 2310 fuerat
706 2264 969 2311 venturum
1005 2264 1131 2324 ipsis
1169 2279 1257 2324 per
1294 2262 1437 2326 signa
1479 2263 1870 2310 monstrantibus
1938 2310 1943 2316 ,

182 2334 547 2384 evidentissime
577 2336 829 2398 proditum
860 2339 949 2384 est.
1008 2337 1093 2385 sed
1123 2351 1261 2384 mens
1293 2336 1517 2398 inpedita
1547 2337 1707 2398 plenis
1739 2351 1871 2394 erro-
1938 2362 1940 2367 ·

180 2408 315 2456 ribus
355 2409 407 2455 id
446 2409 578 2471 quod
616 2427 706 2472 pro
745 2412 916 2458 nostra
955 2410 1116 2459 salute
1154 2410 1370 2458 faciebat
1407 2426 1506 2458 non
1546 2409 1740 2458 curavit
1780 2410 1869 2458 ad-

302 2599 326 2636 2
354 2594 512 2649 pullae
542 2593 629 2636 LR
660 2607 774 2638 corr.
808 2595 843 2638 L
875 2595 917 2638 II
940 2609 1064 2638 man.
1098 2610 1132 2640 r.
1226 2599 1251 2638 5
1283 2595 1491 2653 reliyiose
1522 2595 1593 2638 ed.
1688 2599 1714 2638 6
1745 2608 1868 2640 exer·

181 2653 341 2696 cebant
371 2653 442 2697 ed.
624 2657 651 2696 8
683 2653 924 2699 adiuverat
955 2654 1041 2698 LR
1063 2655 1321 2699 adiuvisset
1349 2654 1421 2698 ed.
1454 2655 1695 2698 adiuvaret
1724 2667 1823 2698 nos.
1861 2652 1866 2710 Ι

182 2712 276 2756 diis
304 2725 396 2756 sese
426 2711 513 2754 LR
543 2725 588 2755 se
618 2712 711 2756 diis
740 2713 939 2767 forced.
986 2730 989 2731 ⁷
1050 2718 1104 2757 15
1135 2714 1220 2767 fiat
1247 2713 1298 2766 L,
1331 2713 1412 2756 sed
1442 2713 1514 2756 ita
1545 2712 1784 2769 scriptum,
1807 2713 1870 2757 aut

173 2771 282 2826 piat
311 2770 408 2827 legi
434 2770 600 2826 possit,
633 2771 760 2827 quod
790 2771 833 2815 R
861 2772 1020 2827 habet,
1051 2772 1161 2816 inde
1193 2773 1449 2828 accipiatur
1470 2766 1701 2815 LIIman.
1726 2771 1772 2814 Η
1795 2771 1867 2815 ed.

180 2829 265 2883 fiat
285 2843 321 2873 r.
407 2833 462 2872 17
487 2829 693 2873 nondum
716 2829 920 2874 LRmo‘n
943 2831 1014 2876 ed.
1103 2835 1156 2874 19
1181 2831 1442 2876 ordinemus
1466 2831 1536 2874 ed.
1614 2835 1670 2874 26
1695 2843 1870 2875 ornnem
1942 2835 1955 2874 i

175 2888 324 2932 aliwm
356 2887 392 2930 L
430 2888 481 2932 in
512 2895 649 2932 vn‘me
683 2890 856 2933 mabam
894 2903 1008 2934 corr.
1039 2890 1215 2946 partim
1246 2889 1347 2946 ipse
1377 2890 1551 2946 partim
1581 2888 1624 2932 11
1650 2902 1776 2934 man.
1951 2887 1953 2889 ’

182 2950 238 2988 29
270 2947 472 3000 faciebat
500 2946 588 2990 LR
618 2947 689 2991 ed.
722 2947 796 2991 ve'l
822 2949 962 3003 fiebat
990 2964 1014 2992 r
1050 2949 1099 2992 in
1131 2960 1278 3006 mar-g.
1310 2949 1508 2993 fortasse
1538 2949 1772 3002 faciebant
1804 2947 1868 2992 cf.
1945 2969 1950 3006 ς

182 3009 226 3060 5,
254 3009 372 3050 804?
781 3033 785 3038 -
