2014 3226
195 200 302 251 478
666 200 896 242 DONATI
927 201 1205 244 INTERPR.
1240 184 1416 244 VERG}

194 340 451 387 iuventute
500 340 702 400 fuerim7
751 340 948 401 quando
998 340 1287 387 admiranda
1342 342 1610 403 longaevus
1667 342 1887 402 ostendo⁷

194 414 343 461 simul
383 414 474 460 hoc
515 429 709 474 quoque
745 414 1006 474 probaturi
1038 418 1225 475 quanta
1256 416 1430 462 mortis
1465 415 1734 462 acerbitate
1766 415 1886 462 libe-

193 489 424 535 raveritis
472 488 660 534 Dareta
707 491 939 535 vestrum.
1029 489 1153 535 dixit
1209 492 1251 536 ei
1304 490 1498 536 adversi
1552 492 1718 536 eontra
1763 491 1889 536 stetit

193 576 282 609 ora
320 564 522 616 iuvenci,
565 563 647 620 qui
687 562 868 608 dommi
908 557 1135 609 adstabat
1163 577 1378 622 pamiae,
1411 564 1650 622 durosque
1687 564 1886 610 reducta

103 641 189 680 480
209 636 407 683 libravit
445 636 613 682 dextra
652 636 812 683 media
851 638 976 682 inter
1016 650 1199 682 cornua
1233 640 1417 683 caestus
1450 637 1639 683 arduus
1671 638 1886 696 effracto-
1932 653 1952 686 5

195 725 283 767 que
329 710 486 756 inlisit
521 712 575 756 iri
615 723 725 756 ossa
765 708 976 756 cerebro:
1031 711 1189 770 stetit,
1237 712 1422 771 inquit,
1471 712 1644 758 contra
1689 712 1887 758 iuvenci

192 785 390 842 faciem,
432 799 543 830 cum
583 783 672 830 illa
713 783 938 843 dixisset,
980 786 1030 830 et
1069 784 1274 830 reducta
1307 784 1514 831 ‘dextera
1563 778 1704 847 (tunc
1753 786 1885 831 enim

190 859 317 904 ictus
356 857 580 904 redditur
619 858 816 917 fortior,
867 859 909 904 si
950 874 974 904 e
1013 858 1199 904 maiore
1241 860 1401 918 spatio
1443 851 1634 923 veniat)
1679 858 1885 905 libravit

189 931 241 977 in
289 933 392 978 eius
441 931 692 978 cerebrum
739 948 942 978 manum
991 933 1140 992 atque
1184 933 1316 979 inter
1355 947 1539 979 cornua
1579 935 1769 979 caestus
1810 934 1883 979 in-

189 1005 305 1053 lisit.
369 1006 490 1053 haec
529 1021 644 1066 pars
686 1005 864 1066 capitis
903 1008 1172 1052 maximam
1208 1005 1444 1052 duritiam
1476 1005 1626 1052 habet
1657 1006 1882 1067 perinde·
1910 1023 1952 1054 10
1992 1020 1994 1046 ὲ

189 1096 283 1140 que
344 1080 614 1126 maximam
675 1078 938 1141 frangendi
999 1079 1368 1140 difficultatem,
1432 1082 1481 1126 et
1534 1082 1701 1126 tamen
1754 1081 1883 1128 ictus

186 1155 331 1201 istius
388 1153 600 1200 effractis
656 1153 845 1200 ossibus
902 1169 1055 1214 usque
1112 1154 1175 1200 ad
1225 1155 1389 1215 ipsum
1438 1153 1690 1201 cerebrum
1737 1170 1883 1215 pene-

187 1227 355 1275 travit.
422 1227 628 1288 proinde
663 1243 760 1288 qua
791 1230 949 1274 morte
981 1229 1175 1274 interiit
1204 1228 1293 1274 bos
1324 1229 1435 1289 ipsa
1467 1228 1683 1275 ostendit
1715 1228 1882 1275 Daren

186 1301 388 1348 interire
428 1303 660 1362 potuisse.
741 1301 987 1362 expressio
1027 1302 1150 1348 facti
1188 1302 1279 1348 illa
1319 1305 1414 1349 est:
1469 1317 1663 1363 sparso,
1702 1303 1882 1363 inquit,
1992 1359 1993 1363 Ἰ

188 1375 383 1423 cerebro
433 1377 629 1423 caestus
670 1376 721 1421 in
763 1391 875 1423 ossa
912 1375 1086 1422 inlisit.
1165 1391 1276 1423 ossa
1308 1378 1424 1423 sunt
1464 1392 1589 1437 quae
1630 1375 1882 1423 cerebrum
1908 1393 1948 1425 15
1992 1366 1995 1387 ³*

185 1452 375 1513 tegunt,
416 1450 669 1497 cerebrum
698 1451 864 1510 ipsum
897 1450 1166 1497 secundum
1200 1453 1287 1510 est⁷
1318 1450 1411 1496 hoc
1445 1452 1518 1497 est
1551 1449 1640 1496 sub
1675 1450 1880 1511 ossibus⁷

185 1539 380 1572 rursum
421 1539 532 1571 ossa
573 1524 856 1584 succedunt,
890 1540 1016 1584 quae
1057 1527 1171 1570 sunt
1211 1524 1300 1571 sub
1342 1523 1555 1571 cerebro.
1617 1525 1687 1570 sic
1726 1525 1883 1587 igitur

184 1599 343 1645 virtus
386 1599 590 1659 operata
631 1600 719 1659 est,
759 1601 815 1644 ut
854 1598 981 1645 ictus
1022 1600 1277 1645 caestuum
1316 1599 1578 1659 perfractis
1615 1598 1879 1659 superiori-

183 1672 273 1719 bus
323 1672 514 1719 ossibus
562 1674 611 1719 et
657 1671 855 1720 cerebro
904 1687 1076 1733 sparso
1125 1671 1187 1718 ad
1234 1673 1475 1720 interiora
1522 1687 1719 1733 quoque
1769 1687 1879 1719 ossa

184 1746 511 1794 descenderet.
574 1747 805 1794 sternitur
843 1748 1173 1805 ewanimisque
1211 1749 1415 1794 tremens
1438 1747 1716 1806 procumbit
1744 1747 1880 1793 hami
1903 1764 1947 1795 20

185 1820 290 1867 bos:
328 1835 427 1868 non
468 1820 728 1881 descripsit
766 1821 1075 1880 morientem,
1115 1820 1213 1881 sed,
1253 1823 1311 1867 ut
1348 1821 1495 1867 unius
1527 1821 1655 1867 ictus
1689 1821 1876 1867 violen-

182 1895 307 1940 tiam
354 1894 735 1955 demonstraret,
783 1896 898 1955 post
943 1894 1137 1953 inlisos,
1185 1894 1371 1955 inquit,
1420 1897 1613 1942 caestus
1652 1897 1877 1941 mortuus

183 1967 398 2015 concidit
442 1967 544 2015 bos.
623 1969 666 2015 si
709 1968 820 2029 bos,
868 1968 1054 2015 animal
1101 1968 1300 2029 durum,
1356 1968 1478 2015 dura
1532 1968 1717 2029 fronte,
1770 1970 1876 2015 tam

182 2041 329 2088 facile
377 2042 592 2090 concidit
639 2045 688 2090 et
731 2043 920 2090 fractus
969 2045 1064 2102 est,
1121 2042 1260 2103 quid⁷
1315 2042 1358 2090 si
1411 2041 1517 2103 ipse
1563 2042 1721 2089 Dares
1770 2045 1876 2089 tam

181 2115 383 2162 letalem
413 2116 656 2177 impetum
687 2115 1017 2178 suscepisset?
1057 2131 1166 2164 ecce
1198 2118 1387 2177 quanta
1419 2116 1645 2164 celeritas
1676 2117 1873 2164 mortis:
1899 2133 1942 2165 25
2002 2172 2005 2177 ,

183 2191 451 2251 antequam
505 2190 722 2250 caderet,
776 2190 992 2237 reddidit
1047 2190 1265 2236 animam
1319 2205 1407 2237 nec
1456 2191 1594 2237 visus
1641 2191 1716 2236 est
1761 2190 1875 2251 post

181 2263 367 2310 factum
425 2265 522 2311 nisi
572 2265 811 2312 exanimis
874 2267 924 2312 et
983 2265 1125 2310 humi
1181 2265 1475 2325 prostratus.
1553 2265 1603 2310 et
1651 2265 1774 2311 vicit
1825 2266 1874 2311 et

181 2336 364 2384 donum
415 2336 552 2386 bovis
600 2338 1007 2400 commodumque
1056 2339 1366 2399 contempsit.
1442 2338 1524 2386 ille
1568 2351 1716 2397 super
1761 2338 1872 2385 talis

181 2411 385 2470 effwndit
427 2415 620 2470 pectore
671 2427 831 2460 voees:
891 2412 1118 2460 Entellus
1172 2413 1286 2473 post
1340 2412 1527 2459 exitum
1579 2410 1721 2459 bovis
1782 2411 1870 2459 has

180 2483 372 2532 addidit
417 2500 574 2532 voces.
653 2501 764 2533 cum
804 2486 926 2534 dicit
963 2500 1132 2547 voces,
1179 2485 1396 2534 ostendit
1440 2485 1571 2533 hunc
1609 2485 1742 2533 dicta
1781 2499 1871 2532 sua
1893 2502 1937 2534 30

179 2559 315 2606 clara
354 2574 472 2607 voce
510 2561 839 2620 prosecutum.
900 2561 1026 2608 hane
1056 2560 1157 2615 tibi,
1189 2560 1345 2620 Erpjx,
1375 2560 1619 2607 meliorem
1650 2561 1870 2606 animam

171 2647 265 2692 pro
318 2636 468 2681 morte
512 2633 715 2681 Daretis
758 2634 1010 2692 persolvo:
1068 2634 1343 2693 meliorem,
1397 2635 1582 2694 inquit,
1637 2634 1866 2694 animam,

179 2707 323 2767 quasi
367 2707 545 2755 melior
591 2709 720 2755 esset
758 2707 898 2756 bovis
940 2709 1106 2755 anima
1145 2723 1294 2769 quam
1333 2707 1569 2756 hominis:
1623 2722 1722 2754 non
1761 2708 1867 2767 ipse

297 2836 323 2874 3
356 2833 518 2876 dareta
548 2831 634 2875 LR
666 2833 828 2876 Daren
860 2833 931 2877 ed.
1071 2837 1094 2876 7
1127 2847 1230 2877 eum
1260 2834 1345 2877 illa
1375 2833 1565 2877 dixisset
1594 2831 1681 2874 LR
1713 2845 1866 2875 corru-

177 2890 251 2946 pit
281 2890 352 2935 ed.
506 2895 562 2934 10
594 2892 810 2936 duritiem
841 2892 912 2935 ed.
1065 2896 1121 2935 25
1156 2893 1370 2947 impetum
1402 2890 1489 2934 LR
1520 2891 1590 2935 ed.
1623 2890 1697 2934 vel
1727 2892 1866 2936 ictum

176 2948 225 2992 in
256 2962 405 3006 marg.
429 2949 482 2994 r'.
595 2954 652 2993 26
683 2950 834 2994 reddit
863 2950 950 2993 LR
981 2951 1052 2995 ed.
1085 2950 1288 2995 reddidit
1316 2964 1414 2994 nos.
1522 2954 1577 2993 27
1602 2955 1868 3006 prostratus

175 3012 240 3052 est
269 3009 356 3051 LR
387 3009 457 3052 ed.
490 3014 554 3053 est
585 3008 735 3053 delevi
767 3023 872 3053 cum
902 3023 938 3053 r.
1061 3014 1115 3053 29
1149 3010 1313 3065 effudit
1343 3010 1412 3053 ed.
