2014 3226
188 149 259 199 42
652 144 884 188 DONATI
916 144 1195 187 INTERPR.
1229 142 1406 187 VERG.

101 293 185 331 180
299 288 388 334 Ait
427 302 541 349 ergo
573 285 767 333 Aeneas
805 284 1056 344 scopulum
1093 286 1277 332 interea
1317 285 1587 331 conscendit
1619 286 1662 330 et
1691 298 1877 331 omnem

180 365 485 421 prospectum
524 362 618 406 late
641 360 817 418 pelayo
841 360 975 417 petii,
1006 357 1200 406 Anthea
1232 359 1275 405 si
1307 371 1445 417 quem
1476 360 1708 405 iactatum
1739 362 1876 404 vento

188 437 347 482 videat
385 436 715 493 Pho-ygliasque
763 434 955 479 biremis
1006 435 1094 479 aut
1142 432 1312 493 Capyn
1360 435 1446 479 out
1483 432 1619 478 celsis
1664 433 1718 478 in
1748 446 1876 491 pup-

180 511 328 568 pibus
368 523 508 555 arma
551 506 700 554 Caici.
775 521 950 554 navem
988 507 1042 553 in
1081 510 1328 565 conspeetu
1370 506 1572 560 nullam,
1615 507 1701 552 tris
1741 505 1877 552 litore

101 588 361 630 185061·vos
408 582 642 641 prospicit
696 579 928 635 errantis,
985 581 1070 626 laos
1120 583 1216 627 tota
1265 582 1482 627 armenta
1531 582 1798 638 sequuntur
1843 594 1875 626 a
1923 595 1942 627 5

188 661 314 717 teryo
363 659 403 702 et
450 656 643 714 {oneum
680 668 774 713 per
819 655 963 701 vallis
1000 656 1228 713 pasoitur
1279 668 1464 713 aymen.
1543 655 1750 700 constitit
1801 654 1877 701 hic

188 744 446 787 arcumque
499 743 651 775 manu
706 727 963 787 celerisque
1015 730 1219 787 sayitlas
1267 729 1520 786 corripuit,
1575 728 1707 786 fidus
1753 741 1877 786 quae

189 805 281 851 tela
316 804 510 862 {serebat
546 801 770 856 Achates,
811 803 1120 861 ductoresque
1158 803 1290 861 ‘ipsos
1320 803 1542 860 primum
1580 803 1743 860 capita
1775 801 1876 848 alta

101 883 184 921 190
201 879 398 937 ferentis
445 877 669 923 cornibus
716 876 932 923 arboreis
979 877 1168 930 sternit,
1226 879 1327 922 tum
1374 876 1547 934 vulqus
1603 878 1645 922 et
1690 889 1876 922 omnem

186 954 348 998 ‘miscet
379 965 526 1010 ayens
559 951 663 997 telis
702 947 932 1009 [nemora
963 951 1089 996 'inter
1119 950 1326 1008 frondea
1359 949 1564 996 turbam.
1620 963 1706 997 nee
1727 951 1876 1008 prius
1901 966 1943 996 10

187 1026 373 1072 absistit
418 1039 563 1083 quam
611 1026 786 1082 septem
834 1025 1046 1082 inqentia
1094 1026 1244 1070 vietor
1283 1037 1486 1083 corpora
1523 1023 1706 1081 fundat
1742 1023 1877 1070 leam&

189 1103 229 1146 et
265 1114 522 1146 numerum
562 1096 700 1158 eum]
730 1098 938 1145 omuibus
971 1100 1161 1156 aequet:
1201 1097 1333 1158 quod
1365 1098 1438 1144 ait
1469 1113 1647 1144 navem
1677 1098 1730 1143 in
1763 1112 1877 1144 con-

188 1175 356 1234 spectu
403 1172 613 1230 nullam,
665 1171 754 1218 tris
802 1171 947 1218 litore
997 1187 1164 1219 cervos
1212 1171 1475 1233 prospicit,
1522 1173 1761 1232 prospicit
1800 1170 1876 1218 bis

188 1246 540 1307 accipiendum,
579 1250 636 1292 ut
676 1246 741 1292 sit
780 1261 956 1292 navem
996 1245 1181 1292 nullam
1225 1245 1478 1307 prospicit,
1512 1244 1597 1292 sed
1636 1245 1877 1306 prospicit

187 1336 369 1368 cervos.
432 1319 556 1367 fidus
598 1335 724 1380 quae
763 1320 865 1366 tela
904 1319 1107 1382 gerebat
1139 1318 1375 1367 Achates:
1417 1321 1504 1366 aut
1542 1319 1593 1366 in
1625 1320 1877 1380 praesenti
1901 1334 1942 1366 1⁵

187 1394 359 1442 aderat
405 1397 453 1441 et
499 1393 721 1456 gerebat,
770 1396 858 1439 aut
906 1392 1023 1453 quia
1061 1394 1167 1455 ipse
1208 1393 1489 1441 excudendo
1528 1394 1636 1456 igni
1675 1408 1877 1454 operam

187 1468 337 1514 dabat
385 1470 433 1515 et
478 1469 803 1526 remanserat,
850 1467 1027 1514 merito
1075 1467 1262 1514 dictum
1310 1466 1533 1530 gerebat,
1579 1470 1636 1514 ut
1682 1467 1875 1514 Aeneas

186 1545 303 1589 tunc
343 1544 564 1603 portaret
603 1541 704 1588 tela
745 1557 871 1601 quae
903 1540 1119 1589 Achates
1159 1541 1334 1589 solitus
1367 1542 1530 1588 fuerat
1561 1542 1702 1588 ferre.
1765 1555 1877 1588 cum

185 1617 340 1678 igitur
385 1615 577 1662 nullum
626 1617 671 1662 ei
718 1615 975 1678 navigium
1020 1616 1074 1662 in
1121 1615 1387 1662 latitudine
1443 1615 1663 1662 subiecta
1709 1615 1878 1678 pelagi

187 1691 520 1751 apparuisset,
568 1691 772 1736 eventus
817 1704 1073 1736 cervorum
1112 1704 1284 1752 greges
1323 1691 1524 1751 repente
1563 1690 1875 1748 monstravit,
1900 1705 1944 1742 20

187 1763 318 1824 quod
363 1764 526 1824 ipsum
574 1766 871 1823 oportunum
918 1763 1079 1811 visum
1127 1766 1223 1824 est,
1269 1779 1368 1811 non
1417 1763 1480 1810 ad
1525 1777 1669 1810 usum
1708 1778 1875 1825 super-

185 1836 338 1883 fluum
385 1852 541 1897 neque
591 1836 654 1884 ad
701 1837 923 1898 aliquam
971 1838 1113 1898 quasi
1160 1837 1375 1885 venandi
1412 1837 1743 1898 voluptatem,
1791 1836 1877 1884 sed

186 1911 305 1972 quia
357 1910 471 1956 inde
525 1911 782 1971 procurari
835 1912 1001 1972 potuit
1052 1910 1391 1974 indigentibus
1447 1926 1503 1958 ac
1558 1911 1700 1958 fessis
1763 1910 1874 1958 sub·
1955 1955 1969 1974 .·

187 1984 368 2031 sidium
406 1985 582 2044 victuS,
621 1987 679 2031 ut
719 2000 775 2031 ex
813 1984 875 2032 iis
916 1985 1110 2046 aliquos
1141 1985 1334 2034 Aeneas
1367 1984 1623 2032 occideret.
1687 1986 1876 2046 septem

187 2074 303 2120 ergo
349 2058 560 2105 maiores
609 2059 809 2118 stravit,
863 2059 916 2104 in
965 2058 1143 2120 quibus
1191 2058 1455 2106 alimoniae
1503 2058 1663 2106 maior
1708 2060 1876 2119 posset
1898 2059 1969 2106 25'

185 2146 289 2179 esse
315 2131 610 2192 substantia,
631 2132 815 2179 multos
839 2134 1096 2193 praeterea
1119 2133 1354 2195 parvulos
1378 2133 1644 2180 interemit.
1684 2132 1875 2180 interea

186 2204 441 2253 videamus
482 2205 895 2266 quemadmodum
935 2205 994 2253 de
1032 2207 1154 2268 ipsis
1193 2206 1351 2254 cervis
1390 2207 1583 2254 locutus
1615 2207 1682 2254 sit
1711 2207 1873 2267 poeta.
1957 2221 1968 2236 ν

186 2277 562 2340 reprehenditur
616 2279 745 2326 enim
798 2280 1175 2328 temerariorum
1229 2296 1369 2341 voce,
1425 2280 1558 2342 quod
1611 2279 1791 2328 dixerit
1844 2294 1874 2326 a
1957 2269 1966 2331 f

185 2354 326 2416 tergo
374 2355 667 2413 sequuntur:
730 2355 780 2400 et
824 2369 996 2401 revera
1042 2353 1224 2402 vitium
1265 2356 1361 2415 est,
1407 2369 1507 2402 non
1544 2355 1744 2415 poetae,
1789 2353 1875 2401 sed

186 2426 395 2487 pessime
426 2427 871 2487 pronuntiantium.
926 2443 1041 2474 nam
1073 2429 1165 2476 tris
1197 2444 1366 2477 cervos
1399 2427 1611 2476 errantis
1641 2429 1694 2475 in
1725 2428 1872 2475 litore
1896 2427 1977 2495 aa}

186 2499 519 2561 sequebantur
557 2500 659 2559 alii,
699 2499 787 2548 alii
827 2515 857 2548 a
893 2502 1036 2564 tergo
1073 2517 1163 2563 per
1201 2501 1348 2550 vallis
1387 2502 1733 2563 pascebantur.
1786 2516 1874 2566 po:

186 2587 361 2620 namus
408 2573 509 2619 iam
554 2573 706 2621 verba
753 2574 865 2636 ipsa
911 2589 1022 2622 cum
1067 2576 1472 2636 pronuntiatione
1519 2590 1609 2623 sua
1650 2578 1705 2627 ret
1743 2574 1873 2622 ordi·
1924 2594 1966 2840 {²

307 2717 328 2756 1
363 2714 432 2757 ait
462 2727 566 2771 ειν-ρο
598 2725 687 2758 om.
720 2713 791 2757 ed.
911 2718 966 2757 10
997 2717 1105 2770 post
1136 2717 1237 2760 telis
1267 2715 1479 2772 sequitur
1508 2729 1648 2773 usque
1677 2715 1874 2759 navibus

183 2777 375 2828 aequent
405 2771 492 2815 LR
522 2770 673 2828 suppl.
707 2771 779 2815 ed.
813 2771 870 2816 cf.
905 2777 1005 2817 118.
1118 2778 1174 2818 14
1204 2775 1521 2831 accipiendum
1553 2774 1638 2818 LR
1669 2779 1733 2818 est
1763 2773 1871 2818 add.
1940 2772 1949 2828 Ϊ

186 2830 259 2875 ed.
303 2833 310 2887 Ι
351 2831 429 2875 sed
450 2832 678 2887 prospicit
706 2830 793 2874 LR
822 2833 1043 2887 prospicit
1072 2845 1160 2876 om.
1194 2833 1265 2878 ed.
1389 2838 1444 2877 18
1476 2835 1630 2888 fuerat
1658 2832 1745 2875 LR
1774 2837 1875 2877 erat
1941 2861 1944 2868 .

186 2888 258 2933 ed.
352 2893 408 2932 20
438 2903 612 2947 yreyem
643 2889 716 2933 ed.
809 2894 864 2933 22
895 2892 1030 2946 quasi
1059 2905 1147 2936 om.
1181 2893 1252 2942 ed.
1343 2897 1410 2938 24,
1431 2894 1491 2936 iis
1521 2892 1607 2935 LR
1636 2893 1708 2939 his
1738 2891 1810 2940 ed,
1858 2888 1864 2892 ”
1936 2856 1963 2942 3

186 2951 243 2991 28
275 2948 607 3005 reprehendunt
629 2948 699 2992 ed.
730 2949 736 3004 Ι
762 2961 888 2994 voces
911 2949 982 2992 ed.
1011 2952 1018 3006 Ι
1046 2950 1169 2996 dixit
1191 2951 1262 2994 ed.
1349 2956 1404 2995 32
1436 2965 1523 3000 sua
1546 2950 1632 2994 LR
1662 2952 1773 3006 ipsa·
1798 2949 1870 2995 ed.
