2014 3226
223 170 332 222 384
689 168 922 211 DONATI
951 167 1239 212 INTERPR:
1266 167 1443 211 VERG.

224 326 391 368 auras:
447 311 536 369 sic,
587 310 679 368 ait,
726 308 929 367 mando,
978 311 1033 354 ut
1078 307 1140 354 ad
1179 309 1343 368 ipsum
1382 308 1619 355 mandata
1658 323 1768 355 mea
1807 310 1927 356 tota-

224 384 474 432 celeritate
507 382 811 443 perveniant.
876 381 1238 429 consideremus
1279 382 1556 429 cuiusmodi
1595 381 1757 429 verbis
1797 397 1921 429 usus.

224 458 289 505 sit
327 458 563 518 Iuppiter.
641 455 766 503 vade
805 455 1159 516 imperativum
1199 457 1287 515 est,
1326 471 1418 518 age
1457 456 1765 503 hortativum
1804 471 1917 503 cum

223 532 541 592 imperativo,
582 532 697 576 nate
737 530 1026 591 religiosum
1067 532 1115 575 et
1154 529 1314 591 pium3
1366 545 1511 589 voca,
1550 529 1739 590 labere,
1779 529 1914 576 adlo-

225 622 387 666 quere,
413 604 547 651 defer
580 603 800 663 adaeque
831 603 1130 663 imperativa
1159 606 1296 650 sunt:
1331 619 1541 663 quorum
1565 604 1666 650 alia
1690 605 1917 664 spectant
1996 631 2005 666 g·

223 694 486 740 personam
531 678 711 738 patris,
736 677 889 739 regis
929 692 1045 724 vero
1089 677 1210 736 alia,
1258 679 1314 723 ut
1356 677 1441 724 ille
1481 677 1670 738 duplici
1707 678 1915 724 necessi·
1994 688 1997 737 4

223 755 328 799 tate
369 751 664 799 constrictus
703 750 1014 798 voluntatem
1052 751 1210 811 patris
1258 751 1470 812 inpleret
1510 753 1560 798 et
1597 752 1743 814 regis.
1818 766 1917 798 non
1995 781 1997 820 ἦ

226 827 362 872 illum
400 826 537 872 nobis
573 825 790 884 genetrix
819 825 1154 884 pulcherrima
1186 825 1329 872 talem
1351 826 1582 884 promisit
1614 825 1930 884 Graiumque-

226 901 327 946 ideo
376 900 448 946 bis
495 899 711 946 {indicat
757 900 931 954 armis,
985 899 1070 946 sed
1118 899 1223 958 fore
1269 899 1352 958 qui
1393 899 1656 958 yravidam
1699 900 1918 959 imperiis

136 978 220 1017 230
239 975 450 1033 belloque
487 975 769 1032 frementem
805 973 1010 1020 Italiam
1048 976 1241 1032 reycrct,
1281 987 1433 1032 yenus
1473 973 1570 1020 alto
1611 988 1642 1020 a
1679 974 1918 1033 sanquine
2001 999 2005 1014 .

226 1049 399 1094 Teucri
437 1047 667 1106 proderet
711 1061 769 1094 ac
815 1049 963 1093 totuin
1008 1048 1096 1094 sub
1144 1047 1268 1106 leyes
1309 1049 1513 1094 mitteret
1549 1047 1732 1094 orbem:
1785 1046 1918 1109 qubd

224 1122 295 1168 ait
335 1122 503 1182 talem,
542 1121 635 1168 hoc
674 1120 945 1183 significat:
990 1122 1263 1168 amatorem
1302 1120 1617 1181 desidiosum,
1655 1121 1917 1183 neglegen-
1993 1154 1995 1186 3

223 1198 338 1258 tem,
371 1195 680 1243 obliviosum.
747 1197 863 1255 post
891 1195 1019 1242 hanc
1050 1194 1469 1256 vituperationem
1509 1195 1732 1256 sequitur
1755 1195 1916 1256 ‚plena

222 1269 460 1317 laudatio.
522 1285 621 1317 non
651 1268 851 1329 idcirco,
883 1269 1063 1330 inquit,
1094 1269 1169 1316 bis
1210 1268 1370 1316 evasit
1407 1269 1685 1316 infortunia
1722 1270 1916 1330 patriae
1992 1261 1994 1271 ¹

225 1359 355 1404 suae,
395 1346 451 1390 ut
484 1341 836 1406 Carthaginem
874 1343 1044 1390 foveat
1082 1345 1132 1389 et
1171 1342 1304 1403 apud
1342 1344 1506 1403 ipsam
1545 1342 1647 1390 otio
1689 1346 1737 1390 et
1775 1343 1916 1390 luxu·
1983 1373 2002 1397 ,a

222 1417 326 1464 riae
366 1417 640 1476 vacet,rsed
672 1419 728 1463 ut
762 1417 949 1464 feroces
988 1416 1167 1464 Italiae
1208 1417 1419 1478 populos
1458 1416 1625 1464 domet
1663 1419 1713 1464 et
1750 1417 1915 1478 pullu-

223 1492 384 1538 lantia
414 1490 628 1552 imperia
658 1491 860 1538 virtutis
893 1506 1009 1538 suae
1041 1492 1303 1538 maiestate
1337 1493 1601 1552 conpescat
1623 1494 1916 1552 repetatque

224 1565 466 1618 orientem
504 1565 723 1626 patriam
762 1566 812 1611 et
851 1580 1004 1627 genus
1038 1565 1218 1612 Teucri
1250 1580 1361 1612 cum
1393 1566 1528 1612 omni
1560 1564 1675 1612 orbe
1706 1564 1929 1613 feliciori*

223 1640 452 1686 fortunae
494 1640 770 1686 conservet:
811 1638 875 1685 ad
912 1639 1039 1686 hanc
1078 1638 1371 1687 felicitatem
1409 1640 1556 1696 natus
1596 1640 1684 1699 est,
1725 1638 1788 1685 ad
1825 1639 1918 1687 11οο
1982 1658 1989 1700 3

223 1713 367 1760 illum
407 1714 631 1776 genetrix
670 1728 759 1770 sua
799 1715 1015 1774 suscepit
1054 1715 1104 1760 et
1143 1713 1282 1760 aluit.
1359 1713 1480 1760 haec
1519 1729 1632 1760 cum
1670 1713 1916 1774 dicuntur,
1980 1703 1989 1720 “

226 1786 359 1848 quod
398 1787 531 1835 solus
569 1787 729 1848 possit
765 1787 940 1847 illique
978 1789 1123 1834 tanta
1161 1787 1466 1848 prosperitas
1505 1786 1755 1847 debeatur,
1785 1790 1917 1835 recte
1975 1806 1984 1814 ⁴⁴

225 1863 498 1908 commotus
545 1862 619 1908 est
665 1860 893 1922 Iuppiter
937 1877 1037 1908 non
1082 1861 1184 1909 iam
1233 1863 1438 1922 propter
1483 1860 1700 1909 Hiarbae
1756 1860 1915 1922 queri·

224 1936 457 1995 moniam,
489 1935 574 1982 sed
611 1937 816 1996 propter
855 1951 965 1982 eum
1007 1935 1092 1996 qui
1131 1935 1365 1983 cessando
1399 1934 1532 1997 apud
1564 1934 1917 1998 Carthaginem
1978 1927 1985 1962 ³

226 2024 364 2071 spem
411 2024 551 2056 suam
597 2008 838 2070 probatur
880 2009 1175 2068 deseruisse,
1223 2011 1280 2056 ut
1316 2009 1432 2056 inde
1469 2008 1614 2056 illum
1653 2011 1804 2056 etiam
1841 2009 1915 2056 in-

225 2083 387 2130 vitum
424 2082 616 2131 iuberet
655 2082 862 2130 excludi.
926 2083 1121 2130 addidit
1160 2083 1414 2130 cumulum
1452 2083 1614 2130 laudis
1654 2079 1772 2147 eius,
1804 2098 1927 2131 cumv

227 2156 348 2204 dicit
388 2172 444 2204 ac
482 2159 644 2203 totum
683 2157 772 2205 sub
811 2157 947 2220 leges
985 2157 1209 2204 mitteret
1247 2156 1429 2204 orbem.
1493 2156 1751 2205 constabat
1783 2157 1916 2204 enim
1967 2192 1971 2195 v

227 2232 343 2278 ante
375 2230 653 2278 Romanum
684 2230 963 2291 imperium,
995 2231 1130 2293 quod
1162 2230 1223 2278 ab
1255 2230 1426 2278 Aenea
1458 2233 1669 2292 sumpsit
1698 2231 1915 2292 initium,
1960 2282 1962 2288 ,

225 2319 378 2367 regna
403 2304 554 2351 fuisse
580 2304 730 2352 nullis
755 2305 921 2368 legum
946 2304 1151 2352 nexibus
1176 2306 1345 2353 vincta
1370 2320 1427 2352 ac
1450 2320 1538 2366 per
1568 2305 1661 2352 hoc
1691 2305 1929 2354 futurum.

226 2380 283 2425 ut
328 2378 609 2439 perdomita
647 2377 799 2425 Italia
842 2380 992 2440 atque
1031 2393 1258 2440 possessa
1295 2378 1489 2426 Aeneas
1535 2380 1702 2426 totum
1748 2378 1917 2427 orbem

346 2508 374 2546 4
406 2508 510 2547 ante
542 2503 629 2546 LR
659 2509 765 2548 nate
795 2519 818 2547 r
857 2509 1008 2548 autem
1039 2505 1110 2548 ed.
1163 2506 1168 2561 Ι
1225 2505 1449 2549 connectit
1477 2506 1585 2560 post
1608 2504 1743 2560 pium
1773 2503 1915 2548 inter-

226 2561 318 2619 pol.
352 2561 423 2606 ed.
532 2567 558 2606 5
591 2563 792 2619 adaeque
822 2563 909 2606 LR
940 2577 1054 2620 qnae
1086 2564 1157 2607 ed..
1265 2567 1380 2607 5—6
1412 2568 1649 2620 expectant
1672 2577 1916 2619 personam

226 2621 314 2664 LR
343 2626 548 2677 spectant
578 2622 640 2666 ad
663 2636 713 2678 p.
739 2623 809 2665 ed.
868 2659 871 2660 γ
909 2627 1082 2666 10--11
1105 2636 1255 2680 reqere
1272 2623 1531 2678 —prodere
1547 2623 1791 2667 —rnittere
1813 2621 1912 2667 LR.
1944 2659 1946 2662 ,

319 2685 371 2724 11
405 2681 560 2724 urbem
582 2680 632 2724 L.
725 2685 780 2724 18
813 2682 1026 2726 orientem
1049 2681 1137 2737 LR
1160 2681 1231 2725 ed.
1257 2681 1413 2725 nescio
1446 2694 1506 2724 an
1538 2683 1808 2738 corruptum
1837 2680 1914 2725 sit.
1940 2699 1953 2738 '.

318 2743 492 2783 18--19
523 2739 724 2793 feliciore
753 2740 1065 2794 fortunaLR
1096 2741 1167 2784 ed.
1305 2745 1360 2784 21
1394 2741 1468 2784 illi
1497 2754 1611 2796 quae
1642 2740 1728 2783 LR
1758 2741 1915 2796 illique

226 2812 310 2842 nos
341 2797 498 2842 locum
526 2799 703 2842 temere
732 2801 847 2843 mut.
873 2799 944 2844 ed..
1089 2804 1147 2845 24
1177 2804 1230 2843 ut
1259 2805 1410 2843 autem
1441 2799 1627 2843 deillum
1658 2799 1694 2842 L
1725 2799 1780 2844 de
1809 2812 1928 2856 exp..

226 2857 278 2900 in
308 2857 350 2900 R
379 2863 432 2902 ut
462 2857 569 2902 inde
597 2858 730 2902 illum
760 2871 844 2901 nos
876 2860 1044 2915 (utmde
1074 2858 1124 2902 in
1156 2858 1410 2914 archetypo
1441 2857 1587 2902 fuisse
1617 2859 1749 2914 puto)
1787 2863 1914 2902 ‘ut-

227 2915 410 2972 eaecludi
447 2927 559 2959 ‘cum
605 2916 908 2972 sequentibus
956 2917 1197 2961 coniunxit
1235 2919 1284 2961 et
1321 2917 1556 2962 sententia
1594 2919 1642 2960 et
1679 2918 1926 2973 structum,

227 2974 376 3019 invita
408 2975 479 3020 ed.
602 2979 657 3019 26
688 2976 844 3020 urbem
875 2975 934 3032 L„
1047 2981 1103 3020 28
1135 2978 1288 3021 vincta
1319 2976 1406 3020 LR
1436 2977 1596 3020 iuncta
1626 2975 1697 3030 ed.
