2014 3226
140 160 243 204 VH]
810 151 1148 197 PRAEFATIO

143 303 192 347 et
238 298 574 347 commendare
626 296 839 343 voluisse
894 293 1135 341 videatur.
1214 291 1330 338 dum
1378 292 1509 338 enim
1547 289 1829 352 Vergilium

143 374 413 433 „rhetorem
465 366 738 419 summum“
786 369 936 414 fuisse
984 367 1322 414 demonstrare
1370 363 1644 425 contendit,
1699 363 1829 411 illud

143 462 334 508 quoque
385 444 512 505 quod
559 445 610 490 in
656 441 906 504 prooemio
945 457 991 502 p.
1027 442 1060 487 4
1101 440 1243 499 dicit,
1285 454 1412 499 „non
1461 438 1830 500 grammaticos,

142 520 225 568 sed
274 522 489 566 oratores
537 517 826 579 praecipuos
882 531 994 562 eum
1047 513 1242 561 tradere
1294 509 1564 572 debuisse“,
1618 511 1829 573 probare

144 593 318 641 studet.
398 593 516 638 haec
555 590 706 636 habui
748 605 875 650 quae
913 604 1176 647 monerem,
1216 589 1274 634 ut
1313 587 1371 633 de
1411 586 1609 634 Donato
1648 586 1828 633 iustius

143 667 454 713 iudicaretur.
533 664 647 711 nolo
687 664 846 710 nostri
885 662 1070 710 saeculi
1108 662 1332 709 homines
1374 660 1437 707 ad
1474 659 1614 707 illam
1662 661 1829 708 existi-

141 742 406 787 mationem
456 753 683 786 revocare
732 751 831 798 qua
879 738 1042 783 aetate
1091 734 1323 783 Carolina
1371 737 1421 781 et
1465 735 1829 781 renascentium

141 815 418 861 litterarum
457 811 759 872 temporibus
798 810 982 870 floruit,
1022 809 1107 857 sed
1144 809 1197 856 id
1229 824 1337 872 ago,
1369 810 1427 855 ut
1457 807 1650 856 desinat
1684 809 1832 869 quasi

141 888 393 949 incognita
433 901 580 933 causa
619 884 859 932 damnari.
927 883 1191 931 dummodo
1232 884 1459 946 exigatur
1497 881 1559 928 ab
1599 897 1656 929 eo
1697 881 1830 943 quod

141 963 508 1022 praestaturum
548 974 598 1006 so
635 959 885 1021 professus
927 960 1012 1017 est,
1051 972 1151 1004 non
1189 955 1523 1020 neglegendus
1563 955 1776 1003 videtur.

253 1034 325 1080 Ti.
361 1032 594 1081 Claudius
633 1032 859 1079 Donatus
901 1033 1021 1092 quin
1061 1031 1282 1079 diversus
1326 1031 1392 1078 sit
1431 1029 1492 1077 ab
1533 1045 1589 1078 00
1630 1029 1831 1078 Donato

143 1124 286 1169 quem
329 1106 525 1154 Servius
567 1122 711 1168 saepe
750 1105 923 1152 laudat
962 1107 1146 1166 quique
1184 1105 1316 1152 idem
1357 1106 1431 1152 est
1469 1107 1618 1166 atque
1655 1103 1829 1151 Aelius

142 1181 367 1228 Donatus
422 1181 640 1227 Terentii
701 1182 943 1241 interpres
1005 1181 1120 1241 post
1181 1179 1475 1243 gravissima
1537 1180 1833 1242 argumenta

144 1254 317 1315 quibus
363 1270 409 1301 v.
442 1254 485 1300 d.
518 1253 721 1302 Hoeven
766 1253 893 1300 hanc
947 1254 1289 1314 quaestionem
1342 1252 1631 1315 profligavit
1683 1251 1830 1299 hodie

142 1344 282 1375 nemo
332 1330 407 1376 est
446 1329 530 1389 qui
569 1327 785 1387 dubitet,
833 1327 1020 1374 abolita
1057 1342 1322 1388 recoquere
1363 1342 1461 1374 non
1501 1320 1689 1388 11110111)
1771 1325 1832 1373 de

141 1403 247 1449 vita
285 1401 472 1449 Donati
517 1402 644 1448 nihil
691 1402 792 1448 fere
839 1403 1054 1461 constat,
1100 1416 1161 1448 ne
1204 1400 1257 1447 id
1304 1400 1527 1462 quidem,
1574 1416 1695 1447 num
1734 1399 1830 1447 Ro-

142 1491 314 1522 manus
363 1491 419 1522 ex
465 1475 584 1522 urbe
631 1475 803 1537 fuerit,
849 1474 947 1522 nisi
998 1475 1130 1536 quod
1184 1475 1404 1522 notabile
1458 1473 1582 1521 mihi
1634 1473 1835 1522 videtur

143 1565 291 1610 quam
329 1549 535 1612 dignum
572 1550 680 1596 viro
714 1548 935 1596 Romano
974 1548 1213 1596 iudicium
1254 1548 1313 1594 de
1345 1547 1522 1596 officiis
1555 1563 1673 1611 erga
1705 1564 1830 1595 rem·

142 1622 392 1683 publicam
438 1624 487 1670 et
533 1622 591 1670 de
638 1623 896 1670 maiestate
944 1622 1143 1683 imperii
1181 1623 1233 1669 in
1271 1623 1523 1684 prooemio
1562 1621 1833 1683 multisque

144 1696 255 1744 aliis
295 1696 416 1744 locis
454 1712 573 1758 prae
606 1712 656 1744 se
687 1697 828 1743 ferat.
887 1696 1008 1744 iuris
1041 1696 1255 1744 Romani
1286 1712 1397 1743 eum
1427 1696 1644 1758 peritum
1676 1695 1835 1744 fuisse

145 1773 194 1816 et
231 1770 330 1817 loci
367 1769 430 1816 ad
469 1771 545 1818 ius
585 1772 876 1831 spectantes,
918 1785 1040 1831 quos
1079 1787 1124 1817 v.
1150 1770 1195 1816 d.
1220 1770 1425 1818 Hoeven
1457 1787 1503 1831 p.
1532 1771 1599 1817 48
1619 1785 1691 1831 sq.
1732 1770 1834 1818 col-

143 1844 264 1906 legit
296 1845 345 1891 et
374 1859 462 1891 nos
493 1845 546 1890 in
577 1843 737 1891 indice
769 1843 1138 1905 complebimus,
1179 1847 1229 1892 et
1267 1844 1420 1892 verba
1458 1860 1516 1892 ex
1554 1844 1677 1891 iuris
1717 1859 1831 1892 con-

144 1917 386 1964 sultorum
433 1932 528 1964 usu
571 1917 625 1964 in
670 1917 857 1965 Donati
903 1917 1172 1966 dictionem
1217 1921 1418 1980 recepta
1472 1917 1832 1966 demonstrant.

146 2005 245 2051 qua
294 1992 345 2037 in
393 2006 445 2037 re
494 1990 626 2051 quod
673 1990 732 2038 de
778 1990 928 2040 verbo
976 1988 1186 2051 „ilicet“
1235 1993 1326 2051 11,
1359 1991 1465 2038 468
1518 1991 1707 2040 dictum
1756 1994 1835 2040 est

144 2080 188 2111 v.
230 2063 274 2111 d.
313 2063 514 2111 Hoeven
568 2080 826 2126 perperam
885 2065 1154 2130 intellexit:
1222 2081 1340 2113 nam
1394 2066 1527 2127 quod
1581 2066 1654 2112 ait
1707 2065 1831 2125 „ad-

266 2189 307 2244 1)
340 2187 466 2231 Duos
498 2188 705 2233 Donatos
738 2189 929 2246 primus,
961 2191 1015 2233 ut
1045 2189 1243 2244 videtur,
1270 2191 1535 2247 suspicatus
1567 2193 1641 2235 est
1664 2190 1832 2235 Petrus

146 2244 348 2290 Crinitus
381 2260 501 2291 anno
532 2263 576 2304 p.
603 2247 648 2292 C.
674 2263 719 2291 11.
748 2253 882 2302 1496,
924 2249 981 2292 (10
1013 2262 1105 2306 quo
1138 2262 1194 2292 ex
1231 2249 1352 2293 libro
1391 2263 1535 2294 manu
1566 2250 1740 2307 scripto
1779 2250 1831 2294 in
1896 2253 1897 2257 ’

144 2303 430 2349 bibliotheca
483 2307 751 2351 Monacensi
805 2310 1040 2352 asservato
1093 2307 1279 2353 rettulit
1324 2309 1659 2353 Mommsenius
1709 2309 1827 2353 Mus.

146 2363 291 2407 Rhen.
326 2368 381 2407 16
412 2379 456 2420 p.
484 2370 581 2409 139.
643 2379 754 2409 nam
792 2369 1043 2423 postquam
1082 2367 1256 2412 codicis
1295 2367 1623 2423 Laurentiani,
1662 2369 1745 2424 qui
1779 2368 1830 2412 in

146 2435 309 2466 manus
350 2422 449 2467 eius
487 2426 697 2478 venerat,
738 2425 1027 2483 supplendae
1066 2426 1287 2470 editionis
1326 2427 1649 2471 Landinianae
1687 2441 1832 2472 causa

147 2480 397 2548 ,‚meliora“
414 2483 673 2539 exscripsit,
689 2483 739 2527 in
756 2484 884 2529 calce
900 2484 1054 2541 quinti
1070 2484 1180 2529 libri
1202 2486 1321 2531 haec
1344 2486 1562 2531 adnotat:
1588 2487 1831 2542 „quamvis
1886 2530 1894 2538 ,

146 2540 331 2584 videtur
376 2554 518 2597 opera
563 2541 689 2595 ludi3
742 2557 834 2586 non
882 2543 1006 2588 enim
1053 2544 1240 2588 omnino
1284 2545 1449 2589 doctus
1486 2545 1565 2590 hic
1602 2545 1830 2590 Donatus.

148 2598 313 2666 quodsi
352 2599 624 2644 addivinare
662 2600 793 2655 licet,
836 2602 1042 2658 putarim
1082 2602 1228 2647 alium
1266 2606 1315 2648 et
1353 2603 1414 2648 ab
1452 2604 1556 2662 ipso
1595 2604 1829 2649 diversum

148 2671 229 2714 qm
261 2657 467 2702 Terentii
500 2659 763 2703 comoedias
796 2660 858 2704 sit
887 2661 1240 2718 interpretatus,
1272 2665 1320 2706 et
1349 2663 1550 2709 fortasse
1579 2663 1718 2707 huius
1758 2666 1835 2708 est

147 2714 271 2759 filius
310 2716 554 2774 dictusque
591 2717 920 2763 Donatianus“.
955 2747 1009 2753 —
1041 2722 1220 2777 postea,
1258 2724 1313 2765 ut
1341 2737 1383 2766 v.
1409 2723 1452 2766 d.
1478 2722 1669 2767 Hoeven
1699 2738 1746 2779 p.
1771 2727 1830 2766 32

147 2778 387 2828 memorat,
404 2775 585 2820 Merula
609 2777 669 2820 ad
685 2777 887 2822 Ennium
910 2794 955 2835 p.
973 2783 1030 2823 56
1056 2779 1219 2823 eadem
1241 2780 1424 2826 ratione
1447 2781 1616 2826 ductus
1635 2784 1832 2839 propter
1916 2831 1918 2833 ,

149 2833 466 2886 „obstinatam
490 2837 538 2878 et
558 2849 740 2879 morum
756 2837 837 2892 qui
859 2840 983 2882 retro
1009 2840 1056 2881 et
1079 2841 1322 2883 auctorum
1343 2840 1831 2896 praetermissionem“

149 2889 381 2935 Donatum
413 2894 827 2950 „suppositicium“
859 2909 959 2940 esse
991 2896 1212 2953 opinatus
1243 2900 1326 2943 est.
1375 2899 1492 2943 duos
1525 2899 1707 2943 scilicet
1737 2899 1831 2942 Do-

148 2951 283 2994 natos
313 2949 458 2995 fuisse
488 2952 531 2996 ei
562 2966 654 2996 non
684 2953 733 2997 in
763 2956 967 2999 mentem
998 2956 1143 3013 venit.-
