2014 3226
802 167 920 210 AEN
928 167 1101 211 EIDOS
1135 169 1196 211 VI
1730 173 1836 225 613

154 306 244 367 qui
298 305 456 353 futuri
510 307 650 352 erant
704 321 872 353 eorum
928 308 1125 368 posteri.
1212 308 1388 369 nolite,
1443 310 1629 370 inquit,
1684 314 1837 372 pueri,

156 372 360 443 (pueros
399 379 581 426 idcirco
623 378 856 439 arbitror,
905 381 1022 442 quia
1061 382 1396 443 unusquisque
1436 398 1546 430 mox
1587 389 1641 430 ut
1682 388 1835 432 nasci-

155 456 241 500 tur
293 468 416 514 puer
469 455 564 513 est,
618 454 736 501 licet
789 455 840 500 in
895 455 1056 516 ipsum
1119 455 1349 518 longaevi
1409 457 1619 505 hominis
1673 459 1836 506 anima

156 527 422 574 transitum
461 527 628 587 faciat,
670 530 718 574 et
756 528 842 574 isti
879 532 1008 576 recte
1050 531 1206 591 pueri,
1247 530 1478 590 quoniam
1526 532 1576 577 in
1625 533 1835 578 aetatem

109 616 132 648 5
156 600 395 662 puerilem
441 601 639 648 fuerant
684 596 926 667 venturi),
982 603 1053 649 ait
1101 618 1214 664 ergo
1266 604 1440 662 nolite,
1495 604 1655 664 pueri,
1711 606 1836 651 malo

157 673 465 735 adsuescere,
519 689 618 722 non
672 675 871 735 expedit
923 678 979 722 ut
1034 676 1156 724 talia
1210 676 1339 724 bella
1393 693 1559 739 gerere
1622 677 1836 735 discatis,

156 764 255 796 non
293 747 346 795 in
386 763 475 795 sua
514 749 704 797 viscera
743 749 920 797 debent
953 765 1090 797 arma
1122 750 1340 798 converti
1374 766 1498 812 quae
1533 751 1718 814 geritis,
1752 767 1837 799 nec

157 821 219 869 ab
258 821 483 871 hostibus
521 823 574 869 in
614 823 735 870 civis
776 838 886 870 cum
926 823 1105 871 scelere
1144 825 1378 871 revocari.
1456 825 1713 872 eonsilium
1753 824 1839 872 dat

156 896 416 945 ostendens
470 895 589 958 quid
644 896 883 959 prohibiti
938 896 998 943 ab
1055 897 1246 945 actibus
1294 897 1504 946 inimicis
1552 899 1710 946 facere
1757 898 1837 946 de·

89 986 132 1018 ιο
156 970 398 1030 buissent‚
444 971 632 1030 proice,
685 972 870 1031 inquit,
919 972 1011 1018 tela
1056 986 1229 1026 manu,
1275 973 1476 1031 sanquis
1521 987 1667 1019 meus.
1746 972 1824 1020 ille
1839 976 1925 1016 835

156 1045 456 1104 triumphata
506 1043 750 1104 Capitolia
796 1045 862 1092 ad
908 1045 1034 1092 alta:
1095 1044 1157 1091 ad
1212 1045 1315 1092 alta
1363 1043 1608 1106 Capitolia
1661 1044 1712 1092 id
1765 1051 1838 1093 est

156 1134 338 1181 magna
384 1117 463 1166 vel
509 1119 560 1164 in
610 1118 771 1166 altum
818 1118 988 1176 dueta,
1039 1118 1346 1180 triumphata
1400 1117 1523 1166 dixit
1576 1119 1837 1180 triumphis

156 1194 346 1240 ornata.
429 1191 655 1240 Corintho
701 1194 851 1240 victor
896 1195 1003 1253 ayet
1048 1206 1242 1245 currus,
1290 1192 1380 1239 hoc
1422 1194 1496 1239 est
1534 1208 1563 1240 a
1604 1191 1838 1240 Corintho

156 1267 317 1314 victor
355 1280 527 1315 currus
566 1265 725 1325 ducet,
764 1267 853 1312 aut
888 1281 1009 1328 quos
1042 1267 1228 1327 captivi
1258 1266 1512 1314 traherent
1542 1271 1630 1313 aut
1661 1265 1838 1327 quibus

89 1359 132 1390 15
154 1340 261 1401 ipse
309 1340 582 1388 veheretur.
660 1341 811 1388 caesis
856 1341 1064 1400 insiynis
1109 1338 1330 1395 Achivis,
1381 1341 1510 1386 eruet
1556 1340 1632 1387 illc
1678 1337 1839 1399 Aryos

156 1412 662 1474 Ayamemnoniasque
699 1414 938 1474 Mycenas
974 1415 1227 1473 ipswmque
1264 1411 1531 1467 Aeaciden,
1567 1427 1719 1474 ,oenus
1758 1428 1838 1460 ar·

154 1489 424 1548 mszotentis
470 1486 674 1543 Achilli,
722 1488 854 1535 ultus
905 1501 1020 1535 avos
1070 1487 1244 1535 Troiae
1288 1487 1462 1545 templa
1508 1490 1551 1534 et
1595 1489 1823 1534 temerata
1840 1489 1927 1529 840

154 1563 437 1610 Minervae:
475 1564 717 1624 quantum
755 1560 827 1608 fili
866 1559 1055 1609 animos
1094 1560 1267 1608 refecit
1305 1559 1637 1621 promittendo
1668 1559 1836 1607 interi·

155 1638 263 1684 tum
319 1634 555 1684 Graeciae
617 1637 667 1683 et
727 1635 968 1683 ultionem
1028 1633 1312 1697 spondendo
1375 1634 1578 1681 Troiani
1640 1632 1836 1681 excidii!

89 1727 133 1760 20
157 1712 264 1770 quis
318 1713 382 1766 te,
436 1724 610 1770 mayne
658 1707 800 1764 Cato,
857 1710 1054 1757 tacitum
1106 1711 1193 1756 aut
1245 1710 1309 1763 te,
1358 1706 1521 1762 (losse,
1567 1708 1839 1766 relinquat?

157 1785 266 1843 quis
307 1783 516 1832 Gracchi
557 1797 710 1842 yenus
756 1785 843 1830 aut
883 1783 1119 1843 yeminos,
1164 1782 1260 1829 cluo
1304 1780 1517 1841 fulmina
1563 1780 1695 1836 belli,
1739 1778 1839 1828 Sci-

149 1858 349 1918 piada8‚
395 1858 580 1906 cladem
625 1857 835 1917 Libyae,
874 1870 1124 1916 parvoque
1161 1857 1398 1915 potentem
1437 1854 1721 1901 Fabricium
1766 1853 1840 1900 vel

156 1935 200 1979 te
244 1931 398 1988 sulm,
435 1930 670 1987 Sermne,
715 1930 978 1979 serentem?
1053 1943 1221 1977 omnes
1266 1929 1354 1975 isti
1391 1926 1596 1975 diversis
1637 1925 1840 1986 artibus,

0 2067 1 2070 Ἴ
157 2007 348 2054 meritis
395 2020 590 2068 quoque
637 2007 688 2052 et
733 2004 918 2052 virtute
962 2003 1254 2062 floruerunt,
1309 2016 1433 2063 quos
1479 2000 1732 2063 Vergilius
1782 2015 1840 2047 ex

0 2104 1 2140 ᾗ
90 2097 133 2131 25
157 2095 368 2142 persona
390 2079 623 2128 Anohisis
655 2077 778 2126 dicit
807 2094 906 2125 non
939 2092 1042 2126 esse
1072 2074 1535 2138 praetermittendos
1567 2076 1617 2122 et
1639 2075 1841 2136 propter

0 2141 1 2175 ἦ
158 2154 382 2216 exempla
419 2155 612 2216 optima
640 2150 904 2200 tradendos
935 2151 1199 2199 memoriae
1230 2152 1550 2210 posterorum.
1607 2161 1699 2208 quo
1729 2148 1821 2207 fes·
1837 2149 1924 2190 846

157 2241 267 2276 swm
318 2229 518 2288 rapitis,
562 2226 748 2275 Fabii?
826 2223 981 2273 voluit
1027 2226 1077 2272 et
1123 2222 1301 2271 Fabios
1348 2221 1705 2281 demonstrare,
1754 2221 1842 2282 qui

158 2301 318 2350 futuri
356 2303 519 2351 essent
555 2301 609 2348 in
646 2314 850 2348 numero
889 2297 1153 2357 nobilium,
1192 2295 1276 2343 sed
1315 2295 1586 2359 longaevus
1624 2292 1839 2342 taedium

0 2405 1 2438 ᾗ
159 2375 446 2438 patiebatur
483 2372 783 2423 ambulandi.
846 2376 898 2420 tu
927 2372 1183 2421 Maximus
1218 2370 1300 2418 ille
1338 2382 1402 2425 es,
1431 2382 1561 2416 unus
1591 2369 1675 2428 qui
1705 2365 1843 2415 nobis

0 2459 1 2509 ξ
92 2466 137 2499 so
161 2449 430 2499 cunctando
474 2450 688 2498 restituis
731 2461 858 2495 rem:
909 2445 988 2493 hic
1034 2444 1129 2494 diu,
1167 2441 1427 2492 tractando
1474 2443 1526 2490 et
1569 2440 1840 2490 consultius

0 2517 1 2520 ¹
160 2522 429 2575 differendo
482 2522 612 2571 male
667 2523 808 2584 gesta
860 2519 1084 2568 correxit.
1173 2517 1401 2566 excudent
1451 2514 1540 2564 alii
1597 2514 1843 2575 spirantia

280 2683 308 2722 4
339 2680 449 2724 recti
478 2677 521 2722 V
549 2682 663 2724 reete
694 2676 767 2721 ed.
794 2678 801 2733 1
829 2689 964 2732 quam
990 2673 1034 2717 V
1063 2673 1279 2731 quoniam
1311 2670 1382 2715 ed.
1475 2672 1501 2713 6
1532 2669 1697 2736 expetit
1728 2666 1782 2711 V.

163 2741 220 2782 10
250 2751 417 2783 manus
446 2743 489 2783 et
515 2737 709 2794 sanquis
737 2734 794 2780 V.
925 2737 978 2778 18
1009 2746 1174 2778 cun-uc
1202 2730 1244 2774 V
1274 2743 1458 2775 cunum
1489 2726 1699 2784 plerique
1729 2724 1842 2769 Ver·

161 2795 344 2854 giliani.
469 2802 524 2842 15
555 2796 703 2842 caevis
731 2807 817 2852 pro
847 2793 990 2839 caesis
1018 2790 1075 2836 V.
1191 2793 1244 2834 17
1276 2794 1317 2834 et
1347 2788 1455 2845 post
1484 2785 1648 2843 templa
1679 2797 1767 2828 om.
1785 2782 1840 2828 V.

225 2859 279 2900 18
309 2856 382 2912 fils·
410 2857 590 2902 animos
618 2853 660 2898 V
690 2854 781 2909 filii
810 2853 1017 2898 ani-mum
1047 2850 1120 2895 ed.
1219 2853 1274 2893 22
1305 2846 1456 2893 clades
1486 2843 1586 2913 ed..
1664 2841 1844 2898 wenl-

162 2928 237 2959 cos
272 2929 435 2960 ον’-απ
471 2914 527 2959 V.
679 2917 736 2957 24
773 2925 946 2969 quoque
991 2923 1081 2954 om.
1113 2907 1184 2953 ed.
1337 2909 1392 2950 25
1432 2903 1660 2949 Anchwae
1703 2900 1775 2946 ed.

164 2977 220 3018 31
254 2974 363 3019 aliis
394 2973 447 3018 V.
