<?xml version="1.0" encoding="UTF-8"?>
<!DOCTYPE html PUBLIC "-//W3C//DTD XHTML 1.0 Transitional//EN"
    "http://www.w3.org/TR/xhtml1/DTD/xhtml1-transitional.dtd">
<html xmlns="http://www.w3.org/1999/xhtml" xml:lang="en" lang="en">
 <head>
  <title>
</title>
<meta http-equiv="Content-Type" content="text/html;charset=utf-8" />
  <meta name='ocr-system' content='tesseract 3.04.00' />
  <meta name='ocr-capabilities' content='ocr_page ocr_carea ocr_par ocr_line ocrx_word'/>
</head>
<body>
  <div class='ocr_page' id='page_1' title='image "./interpretationes01donauoft_0375.png"; bbox 0 0 2014 3226; ppageno 0'>
   <div class='ocr_carea' id='block_1_1' title="bbox 779 156 1831 210">
    <p class='ocr_par' dir='ltr' id='par_1_1' title="bbox 779 156 1831 210">
     <span class='ocr_line' id='line_1_1' title="bbox 779 156 1831 210; baseline 0.012 -12"><span class='ocrx_word' id='word_1_1' title='bbox 779 156 903 199; x_wconf 83' lang='lat' dir='ltr'>AEN</span> <span class='ocrx_word' id='word_1_2' title='bbox 908 156 1083 200; x_wconf 88' lang='lat' dir='ltr'>EIDOS</span> <span class='ocrx_word' id='word_1_3' title='bbox 1115 157 1179 200; x_wconf 93' lang='lat' dir='ltr'>III</span> <span class='ocrx_word' id='word_1_4' title='bbox 1725 159 1831 210; x_wconf 68' lang='lat'>325</span> 
     </span>
    </p>
   </div>
   <div class='ocr_carea' id='block_1_2' title="bbox 24 297 1926 2434">
    <p class='ocr_par' dir='ltr' id='par_1_2' title="bbox 137 297 1922 580">
     <span class='ocr_line' id='line_1_2' title="bbox 137 297 1834 357; baseline 0.001 -14"><span class='ocrx_word' id='word_1_5' title='bbox 137 311 306 343; x_wconf 81' lang='lat' dir='ltr'>verum</span> <span class='ocrx_word' id='word_1_6' title='bbox 353 297 517 344; x_wconf 86' lang='lat' dir='ltr'>eadem</span> <span class='ocrx_word' id='word_1_7' title='bbox 562 310 700 344; x_wconf 85' lang='lat' dir='ltr'>verso</span> <span class='ocrx_word' id='word_1_8' title='bbox 747 298 904 344; x_wconf 76' lang='lat' dir='ltr'>tennis</span> <span class='ocrx_word' id='word_1_9' title='bbox 951 312 1057 343; x_wconf 79' lang='lat' dir='ltr'>cuni</span> <span class='ocrx_word' id='word_1_10' title='bbox 1105 298 1304 344; x_wconf 83' lang='lat' dir='ltr'>cardine</span> <span class='ocrx_word' id='word_1_11' title='bbox 1350 301 1518 345; x_wconf 74' lang='lat' dir='ltr'>ventus</span> <span class='ocrx_word' id='word_1_12' title='bbox 1571 298 1748 357; x_wconf 73' lang='lat' dir='ltr'>inpulit</span> <span class='ocrx_word' id='word_1_13' title='bbox 1795 303 1834 346; x_wconf 80' lang='lat' dir='ltr'>et</span> 
     </span>
     <span class='ocr_line' id='line_1_3' title="bbox 139 370 1922 430; baseline -0.001 -14"><span class='ocrx_word' id='word_1_14' title='bbox 139 372 328 418; x_wconf 83' lang='lat' dir='ltr'>teneras</span> <span class='ocrx_word' id='word_1_15' title='bbox 366 371 580 418; x_wconf 81' lang='lat' dir='ltr'>turbavit</span> <span class='ocrx_word' id='word_1_16' title='bbox 616 372 772 418; x_wconf 80' lang='lat' dir='ltr'>ianua</span> <span class='ocrx_word' id='word_1_17' title='bbox 810 370 1025 429; x_wconf 75' lang='lat' dir='ltr'>frondes,</span> <span class='ocrx_word' id='word_1_18' title='bbox 1064 386 1327 430; x_wconf 73' lang='lat' dir='ltr'>numquam</span> <span class='ocrx_word' id='word_1_19' title='bbox 1366 372 1538 419; x_wconf 81' lang='lat' dir='ltr'>deinde</span> <span class='ocrx_word' id='word_1_20' title='bbox 1576 386 1691 419; x_wconf 76' lang='lat' dir='ltr'>caco</span> <span class='ocrx_word' id='word_1_21' title='bbox 1742 386 1816 418; x_wconf 86' lang='lat' dir='ltr'>vo·</span> <span class='ocrx_word' id='word_1_22' title='bbox 1836 377 1922 415; x_wconf 77' lang='lat'>450</span> 
     </span>
     <span class='ocr_line' id='line_1_4' title="bbox 139 443 1835 506; baseline 0.002 -17"><span class='ocrx_word' id='word_1_23' title='bbox 139 443 333 492; x_wconf 84' lang='lat' dir='ltr'>litantia</span> <span class='ocrx_word' id='word_1_24' title='bbox 370 445 611 503; x_wconf 74' lang='lat' dir='ltr'><em>prendere</em></span> <span class='ocrx_word' id='word_1_25' title='bbox 655 459 775 492; x_wconf 77' lang='lat' dir='ltr'>saxo</span> <span class='ocrx_word' id='word_1_26' title='bbox 821 459 907 492; x_wconf 89' lang='lat' dir='ltr'>nec</span> <span class='ocrx_word' id='word_1_27' title='bbox 945 459 1170 492; x_wconf 83' lang='lat' dir='ltr'>revocare</span> <span class='ocrx_word' id='word_1_28' title='bbox 1208 447 1330 493; x_wconf 82' lang='lat' dir='ltr'>situs</span> <span class='ocrx_word' id='word_1_29' title='bbox 1370 449 1457 493; x_wconf 81' lang='lat' dir='ltr'>aut</span> <span class='ocrx_word' id='word_1_30' title='bbox 1494 446 1690 506; x_wconf 72' lang='lat' dir='ltr'>iunyere</span> <span class='ocrx_word' id='word_1_31' title='bbox 1729 460 1835 492; x_wconf 79' lang='lat' dir='ltr'>car-</span> 
     </span>
     <span class='ocr_line' id='line_1_5' title="bbox 139 517 1835 580; baseline 0.001 -15"><span class='ocrx_word' id='word_1_32' title='bbox 139 519 277 565; x_wconf 82' lang='lat' dir='ltr'>mina</span> <span class='ocrx_word' id='word_1_33' title='bbox 330 522 495 565; x_wconf 81' lang='lat' dir='ltr'>curat:</span> <span class='ocrx_word' id='word_1_34' title='bbox 564 518 825 566; x_wconf 71' lang='lat' dir='ltr'><em>inconsulti</em></span> <span class='ocrx_word' id='word_1_35' title='bbox 880 519 1058 566; x_wconf 80' lang='lat' dir='ltr'>abeunt</span> <span class='ocrx_word' id='word_1_36' title='bbox 1110 520 1360 578; x_wconf 77' lang='lat' dir='ltr'>sedemque</span> <span class='ocrx_word' id='word_1_37' title='bbox 1416 519 1556 567; x_wconf 84' lang='lat' dir='ltr'>odere</span> <span class='ocrx_word' id='word_1_38' title='bbox 1607 517 1835 580; x_wconf 73' lang='lat' dir='ltr'><em>Sibyllae.</em></span> 
     </span>
    </p>

    <p class='ocr_par' dir='ltr' id='par_1_3' title="bbox 94 591 1838 950">
     <span class='ocr_line' id='line_1_6' title="bbox 94 591 1835 654; baseline 0 -14"><span class='ocrx_word' id='word_1_39' title='bbox 94 607 113 640; x_wconf 84' lang='lat'>5</span> <span class='ocrx_word' id='word_1_40' title='bbox 138 607 325 639; x_wconf 90' lang='lat' dir='ltr'>morem</span> <span class='ocrx_word' id='word_1_41' title='bbox 372 591 498 639; x_wconf 89' lang='lat' dir='ltr'>dixit</span> <span class='ocrx_word' id='word_1_42' title='bbox 546 591 766 654; x_wconf 84' lang='lat' dir='ltr'>Sibyllae</span> <span class='ocrx_word' id='word_1_43' title='bbox 815 594 864 638; x_wconf 92' lang='lat' dir='ltr'>et</span> <span class='ocrx_word' id='word_1_44' title='bbox 911 608 1009 652; x_wconf 90' lang='lat' dir='ltr'>quo</span> <span class='ocrx_word' id='word_1_45' title='bbox 1057 593 1109 639; x_wconf 92' lang='lat' dir='ltr'>in</span> <span class='ocrx_word' id='word_1_46' title='bbox 1156 593 1264 640; x_wconf 91' lang='lat' dir='ltr'>loco</span> <span class='ocrx_word' id='word_1_47' title='bbox 1313 594 1378 641; x_wconf 88' lang='lat' dir='ltr'>sit</span> <span class='ocrx_word' id='word_1_48' title='bbox 1425 596 1474 640; x_wconf 87' lang='lat' dir='ltr'>et</span> <span class='ocrx_word' id='word_1_49' title='bbox 1522 609 1618 654; x_wconf 85' lang='lat' dir='ltr'>quo</span> <span class='ocrx_word' id='word_1_50' title='bbox 1667 593 1835 641; x_wconf 79' lang='lat' dir='ltr'>ordine</span> 
     </span>
     <span class='ocr_line' id='line_1_7' title="bbox 139 665 1837 728; baseline 0.001 -15"><span class='ocrx_word' id='word_1_51' title='bbox 139 666 451 728; x_wconf 82' lang='lat' dir='ltr'>singulorum</span> <span class='ocrx_word' id='word_1_52' title='bbox 491 665 749 714; x_wconf 82' lang='lat' dir='ltr'>desideriis</span> <span class='ocrx_word' id='word_1_53' title='bbox 779 666 1090 727; x_wconf 85' lang='lat' dir='ltr'>respondeat.</span> <span class='ocrx_word' id='word_1_54' title='bbox 1155 667 1321 727; x_wconf 87' lang='lat' dir='ltr'>sumit,</span> <span class='ocrx_word' id='word_1_55' title='bbox 1353 667 1531 728; x_wconf 89' lang='lat' dir='ltr'>inquit,</span> <span class='ocrx_word' id='word_1_56' title='bbox 1565 666 1701 728; x_wconf 87' lang='lat' dir='ltr'>folia,</span> <span class='ocrx_word' id='word_1_57' title='bbox 1732 667 1837 715; x_wconf 88' lang='lat' dir='ltr'>illic</span> 
     </span>
     <span class='ocr_line' id='line_1_8' title="bbox 138 739 1836 802; baseline 0.001 -16"><span class='ocrx_word' id='word_1_58' title='bbox 138 754 375 801; x_wconf 88' lang='lat' dir='ltr'>responsa</span> <span class='ocrx_word' id='word_1_59' title='bbox 415 739 696 800; x_wconf 73' lang='lat' dir='ltr'>conscribit,</span> <span class='ocrx_word' id='word_1_60' title='bbox 738 739 937 787; x_wconf 88' lang='lat' dir='ltr'>ordinat</span> <span class='ocrx_word' id='word_1_61' title='bbox 979 742 1027 787; x_wconf 86' lang='lat' dir='ltr'>et</span> <span class='ocrx_word' id='word_1_62' title='bbox 1067 740 1300 787; x_wconf 82' lang='lat' dir='ltr'>dimittit:</span> <span class='ocrx_word' id='word_1_63' title='bbox 1351 741 1558 789; x_wconf 84' lang='lat' dir='ltr'>veniunt</span> <span class='ocrx_word' id='word_1_64' title='bbox 1596 741 1836 802; x_wconf 88' lang='lat' dir='ltr'>homines,</span> 
     </span>
     <span class='ocr_line' id='line_1_9' title="bbox 139 812 1838 877; baseline 0.002 -17"><span class='ocrx_word' id='word_1_65' title='bbox 139 812 455 861; x_wconf 78' lang='lat' dir='ltr'>considerant</span> <span class='ocrx_word' id='word_1_66' title='bbox 510 815 631 861; x_wconf 87' lang='lat' dir='ltr'>folia</span> <span class='ocrx_word' id='word_1_67' title='bbox 687 817 736 862; x_wconf 89' lang='lat' dir='ltr'>et</span> <span class='ocrx_word' id='word_1_68' title='bbox 790 815 961 862; x_wconf 89' lang='lat' dir='ltr'>futura</span> <span class='ocrx_word' id='word_1_69' title='bbox 1017 818 1335 877; x_wconf 87' lang='lat' dir='ltr'>cognoscunt.</span> <span class='ocrx_word' id='word_1_70' title='bbox 1414 815 1497 862; x_wconf 90' lang='lat' dir='ltr'>sed</span> <span class='ocrx_word' id='word_1_71' title='bbox 1549 815 1640 862; x_wconf 89' lang='lat' dir='ltr'>hoc</span> <span class='ocrx_word' id='word_1_72' title='bbox 1687 814 1838 863; x_wconf 87' lang='lat' dir='ltr'>habet</span> 
     </span>
     <span class='ocr_line' id='line_1_10' title="bbox 139 889 1838 950; baseline 0.002 -16"><span class='ocrx_word' id='word_1_73' title='bbox 139 903 245 935; x_wconf 87' lang='lat' dir='ltr'>mos</span> <span class='ocrx_word' id='word_1_74' title='bbox 285 889 391 949; x_wconf 90' lang='lat' dir='ltr'>ipse</span> <span class='ocrx_word' id='word_1_75' title='bbox 433 890 761 936; x_wconf 88' lang='lat' dir='ltr'>contrarium:</span> <span class='ocrx_word' id='word_1_76' title='bbox 817 890 1002 950; x_wconf 88' lang='lat' dir='ltr'>quippe</span> <span class='ocrx_word' id='word_1_77' title='bbox 1044 890 1087 935; x_wconf 89' lang='lat' dir='ltr'>si</span> <span class='ocrx_word' id='word_1_78' title='bbox 1133 890 1310 936; x_wconf 87' lang='lat' dir='ltr'>ventus</span> <span class='ocrx_word' id='word_1_79' title='bbox 1356 889 1563 950; x_wconf 90' lang='lat' dir='ltr'>inplerit</span> <span class='ocrx_word' id='word_1_80' title='bbox 1608 889 1739 937; x_wconf 86' lang='lat' dir='ltr'>fores</span> <span class='ocrx_word' id='word_1_81' title='bbox 1788 891 1838 937; x_wconf 89' lang='lat' dir='ltr'>et</span> 
     </span>
    </p>

    <p class='ocr_par' dir='ltr' id='par_1_4' title="bbox 73 961 1924 1244">
     <span class='ocr_line' id='line_1_11' title="bbox 73 961 1838 1023; baseline 0 -13"><span class='ocrx_word' id='word_1_82' title='bbox 73 977 116 1010; x_wconf 82' lang='grc' dir='ltr'>ιο</span> <span class='ocrx_word' id='word_1_83' title='bbox 141 961 507 1010; x_wconf 78' lang='lat' dir='ltr'>ordinationem</span> <span class='ocrx_word' id='word_1_84' title='bbox 539 963 775 1014; x_wconf 87' lang='lat' dir='ltr'>foliorum</span> <span class='ocrx_word' id='word_1_85' title='bbox 805 963 1102 1022; x_wconf 69' lang='lat' dir='ltr'>turbaverit,</span> <span class='ocrx_word' id='word_1_86' title='bbox 1132 965 1341 1023; x_wconf 88' lang='lat' dir='ltr'>pereunt</span> <span class='ocrx_word' id='word_1_87' title='bbox 1373 963 1599 1011; x_wconf 87' lang='lat' dir='ltr'>consulta</span> <span class='ocrx_word' id='word_1_88' title='bbox 1626 966 1676 1009; x_wconf 91' lang='lat' dir='ltr'>et</span> <span class='ocrx_word' id='word_1_89' title='bbox 1700 962 1838 1010; x_wconf 91' lang='lat' dir='ltr'>dubii</span> 
     </span>
     <span class='ocr_line' id='line_1_12' title="bbox 139 1036 1838 1097; baseline 0.001 -15"><span class='ocrx_word' id='word_1_90' title='bbox 139 1039 364 1083; x_wconf 88' lang='lat' dir='ltr'>remeant</span> <span class='ocrx_word' id='word_1_91' title='bbox 418 1038 505 1097; x_wconf 91' lang='lat' dir='ltr'>qui</span> <span class='ocrx_word' id='word_1_92' title='bbox 558 1036 792 1084; x_wconf 73' lang='lat' dir='ltr'>instructi</span> <span class='ocrx_word' id='word_1_93' title='bbox 838 1037 1038 1084; x_wconf 82' lang='lat' dir='ltr'>fuerant</span> <span class='ocrx_word' id='word_1_94' title='bbox 1083 1036 1306 1083; x_wconf 87' lang='lat' dir='ltr'>redituri.</span> <span class='ocrx_word' id='word_1_95' title='bbox 1382 1037 1458 1084; x_wconf 78' lang='lat' dir='ltr'>hic</span> <span class='ocrx_word' id='word_1_96' title='bbox 1506 1038 1591 1084; x_wconf 73' lang='lat' dir='ltr'>tibi</span> <span class='ocrx_word' id='word_1_97' title='bbox 1635 1051 1694 1084; x_wconf 87' lang='lat' dir='ltr'>ne</span> <span class='ocrx_word' id='word_1_98' title='bbox 1741 1051 1838 1096; x_wconf 75' lang='lat' dir='ltr'>qua</span> 
     </span>
     <span class='ocr_line' id='line_1_13' title="bbox 138 1111 1840 1170; baseline 0.002 -14"><span class='ocrx_word' id='word_1_99' title='bbox 138 1124 303 1158; x_wconf 83' lang='lat' dir='ltr'>morae</span> <span class='ocrx_word' id='word_1_100' title='bbox 348 1111 535 1169; x_wconf 77' lang='lat' dir='ltr'>fuerint</span> <span class='ocrx_word' id='word_1_101' title='bbox 580 1111 839 1170; x_wconf 64' lang='lat' dir='ltr'>dispendia</span> <span class='ocrx_word' id='word_1_102' title='bbox 878 1111 1023 1166; x_wconf 82' lang='lat' dir='ltr'>tanti,</span> <span class='ocrx_word' id='word_1_103' title='bbox 1065 1112 1288 1170; x_wconf 79' lang='lat' dir='ltr'>quamvis</span> <span class='ocrx_word' id='word_1_104' title='bbox 1325 1112 1607 1170; x_wconf 74' lang='lat' dir='ltr'>increpitent</span> <span class='ocrx_word' id='word_1_105' title='bbox 1642 1113 1758 1158; x_wconf 80' lang='lat' dir='ltr'>socii</span> <span class='ocrx_word' id='word_1_106' title='bbox 1797 1114 1840 1158; x_wconf 85' lang='lat' dir='ltr'>et</span> 
     </span>
     <span class='ocr_line' id='line_1_14' title="bbox 139 1185 1924 1244; baseline 0.001 -14"><span class='ocrx_word' id='word_1_107' title='bbox 139 1185 187 1230; x_wconf 77' lang='lat' dir='ltr'>vi</span> <span class='ocrx_word' id='word_1_108' title='bbox 234 1198 407 1231; x_wconf 79' lang='lat' dir='ltr'>cursus</span> <span class='ocrx_word' id='word_1_109' title='bbox 452 1187 506 1232; x_wconf 83' lang='lat' dir='ltr'>in</span> <span class='ocrx_word' id='word_1_110' title='bbox 552 1185 707 1232; x_wconf 82' lang='lat' dir='ltr'>altam</span> <span class='ocrx_word' id='word_1_111' title='bbox 753 1186 860 1232; x_wconf 79' lang='lat' dir='ltr'>vela</span> <span class='ocrx_word' id='word_1_112' title='bbox 899 1188 1028 1232; x_wconf 85' lang='lat' dir='ltr'>vocet</span> <span class='ocrx_word' id='word_1_113' title='bbox 1057 1186 1311 1244; x_wconf 72' lang='lat' dir='ltr'>possisque</span> <span class='ocrx_word' id='word_1_114' title='bbox 1350 1186 1489 1232; x_wconf 80' lang='lat' dir='ltr'>sinas</span> <span class='ocrx_word' id='word_1_115' title='bbox 1527 1185 1710 1244; x_wconf 83' lang='lat' dir='ltr'>inplere</span> <span class='ocrx_word' id='word_1_116' title='bbox 1747 1199 1817 1232; x_wconf 87' lang='lat' dir='ltr'>se-</span> <span class='ocrx_word' id='word_1_117' title='bbox 1838 1188 1924 1228; x_wconf 83' lang='lat'>455</span> 
     </span>
    </p>

    <p class='ocr_par' dir='ltr' id='par_1_5' title="bbox 26 1258 1838 1394">
     <span class='ocr_line' id='line_1_15' title="bbox 26 1258 1838 1324; baseline 0.001 -20"><span class='ocrx_word' id='word_1_118' title='bbox 26 1318 38 1324; x_wconf 43' lang='grc'>-</span> <span class='ocrx_word' id='word_1_119' title='bbox 140 1259 337 1314; x_wconf 78' lang='lat' dir='ltr'>cundOS,</span> <span class='ocrx_word' id='word_1_120' title='bbox 378 1259 497 1318; x_wconf 81' lang='lat' dir='ltr'>quin</span> <span class='ocrx_word' id='word_1_121' title='bbox 535 1258 686 1307; x_wconf 83' lang='lat' dir='ltr'>adeas</span> <span class='ocrx_word' id='word_1_122' title='bbox 724 1261 883 1307; x_wconf 83' lang='lat' dir='ltr'>vatem</span> <span class='ocrx_word' id='word_1_123' title='bbox 912 1259 1234 1319; x_wconf 75' lang='lat' dir='ltr'>precibusque</span> <span class='ocrx_word' id='word_1_124' title='bbox 1272 1259 1474 1306; x_wconf 84' lang='lat' dir='ltr'>oracula</span> <span class='ocrx_word' id='word_1_125' title='bbox 1503 1272 1696 1318; x_wconf 76' lang='lat' dir='ltr'>poscaS,</span> <span class='ocrx_word' id='word_1_126' title='bbox 1728 1259 1838 1318; x_wconf 81' lang='lat' dir='ltr'>ipsa</span> 
     </span>
     <span class='ocr_line' id='line_1_16' title="bbox 74 1332 1838 1394; baseline -0.001 -14"><span class='ocrx_word' id='word_1_127' title='bbox 74 1346 116 1381; x_wconf 75' lang='lat'>15</span> <span class='ocrx_word' id='word_1_128' title='bbox 140 1334 288 1380; x_wconf 90' lang='lat' dir='ltr'>canat</span> <span class='ocrx_word' id='word_1_129' title='bbox 338 1346 588 1392; x_wconf 81' lang='lat' dir='ltr'>vocemque</span> <span class='ocrx_word' id='word_1_130' title='bbox 641 1332 804 1381; x_wconf 73' lang='lat' dir='ltr'>colens</span> <span class='ocrx_word' id='word_1_131' title='bbox 858 1336 999 1392; x_wconf 77' lang='lat' dir='ltr'>atque</span> <span class='ocrx_word' id='word_1_132' title='bbox 1053 1347 1142 1381; x_wconf 81' lang='lat' dir='ltr'>ora</span> <span class='ocrx_word' id='word_1_133' title='bbox 1187 1332 1420 1380; x_wconf 78' lang='lat' dir='ltr'>resolvat:</span> <span class='ocrx_word' id='word_1_134' title='bbox 1481 1333 1605 1392; x_wconf 90' lang='lat' dir='ltr'>noli,</span> <span class='ocrx_word' id='word_1_135' title='bbox 1660 1333 1838 1394; x_wconf 86' lang='lat' dir='ltr'>inquit,</span> 
     </span>
    </p>

    <p class='ocr_par' dir='ltr' id='par_1_6' title="bbox 141 1406 1837 1469">
     <span class='ocr_line' id='line_1_17' title="bbox 141 1406 1837 1469; baseline 0 -15"><span class='ocrx_word' id='word_1_136' title='bbox 141 1407 318 1454; x_wconf 86' lang='lat' dir='ltr'>anxius</span> <span class='ocrx_word' id='word_1_137' title='bbox 352 1421 456 1454; x_wconf 89' lang='lat' dir='ltr'>esse</span> <span class='ocrx_word' id='word_1_138' title='bbox 489 1406 548 1454; x_wconf 89' lang='lat' dir='ltr'>de</span> <span class='ocrx_word' id='word_1_139' title='bbox 580 1423 743 1469; x_wconf 68' lang='lat' dir='ltr'>mora,</span> <span class='ocrx_word' id='word_1_140' title='bbox 782 1407 902 1455; x_wconf 89' lang='lat' dir='ltr'>licet</span> <span class='ocrx_word' id='word_1_141' title='bbox 941 1409 1074 1454; x_wconf 90' lang='lat' dir='ltr'>enim</span> <span class='ocrx_word' id='word_1_142' title='bbox 1113 1406 1372 1454; x_wconf 88' lang='lat' dir='ltr'>clamitent</span> <span class='ocrx_word' id='word_1_143' title='bbox 1411 1407 1547 1467; x_wconf 88' lang='lat' dir='ltr'>socii,</span> <span class='ocrx_word' id='word_1_144' title='bbox 1585 1406 1703 1453; x_wconf 87' lang='lat' dir='ltr'>licet</span> <span class='ocrx_word' id='word_1_145' title='bbox 1743 1406 1837 1454; x_wconf 86' lang='lat' dir='ltr'>ele-</span> 
     </span>
    </p>

    <p class='ocr_par' dir='ltr' id='par_1_7' title="bbox 139 1479 1840 1692">
     <span class='ocr_line' id='line_1_18' title="bbox 139 1479 1839 1545; baseline 0.001 -19"><span class='ocrx_word' id='word_1_146' title='bbox 139 1483 308 1527; x_wconf 87' lang='lat' dir='ltr'>menta</span> <span class='ocrx_word' id='word_1_147' title='bbox 347 1481 704 1545; x_wconf 84' lang='lat' dir='ltr'>suffragentur,</span> <span class='ocrx_word' id='word_1_148' title='bbox 751 1498 812 1530; x_wconf 89' lang='lat' dir='ltr'>ne</span> <span class='ocrx_word' id='word_1_149' title='bbox 850 1483 1036 1545; x_wconf 86' lang='lat' dir='ltr'>naviga</span> <span class='ocrx_word' id='word_1_150' title='bbox 1074 1482 1214 1543; x_wconf 89' lang='lat' dir='ltr'>prius</span> <span class='ocrx_word' id='word_1_151' title='bbox 1253 1496 1404 1542; x_wconf 89' lang='lat' dir='ltr'>quam</span> <span class='ocrx_word' id='word_1_152' title='bbox 1444 1479 1687 1542; x_wconf 85' lang='lat' dir='ltr'>Sibyllam</span> <span class='ocrx_word' id='word_1_153' title='bbox 1726 1494 1839 1528; x_wconf 89' lang='lat' dir='ltr'>con-</span> 
     </span>
     <span class='ocr_line' id='line_1_19' title="bbox 140 1554 1840 1616; baseline 0 -14"><span class='ocrx_word' id='word_1_154' title='bbox 140 1554 298 1615; x_wconf 85' lang='lat' dir='ltr'>sulas3</span> <span class='ocrx_word' id='word_1_155' title='bbox 336 1555 562 1616; x_wconf 90' lang='lat' dir='ltr'>proderit</span> <span class='ocrx_word' id='word_1_156' title='bbox 593 1555 727 1603; x_wconf 90' lang='lat' dir='ltr'>enim</span> <span class='ocrx_word' id='word_1_157' title='bbox 757 1555 856 1604; x_wconf 87' lang='lat' dir='ltr'>tibi</span> <span class='ocrx_word' id='word_1_158' title='bbox 885 1555 1169 1603; x_wconf 85' lang='lat' dir='ltr'>istiusmodi</span> <span class='ocrx_word' id='word_1_159' title='bbox 1199 1554 1428 1616; x_wconf 85' lang='lat' dir='ltr'>tarditas,</span> <span class='ocrx_word' id='word_1_160' title='bbox 1460 1557 1518 1602; x_wconf 91' lang='lat' dir='ltr'>ut</span> <span class='ocrx_word' id='word_1_161' title='bbox 1549 1554 1840 1602; x_wconf 86' lang='lat' dir='ltr'>instructior</span> 
     </span>
     <span class='ocr_line' id='line_1_20' title="bbox 141 1627 1840 1692; baseline 0.001 -18"><span class='ocrx_word' id='word_1_162' title='bbox 141 1627 304 1676; x_wconf 84' lang='lat' dir='ltr'>abeas.</span> <span class='ocrx_word' id='word_1_163' title='bbox 383 1630 494 1691; x_wconf 85' lang='lat' dir='ltr'>quis</span> <span class='ocrx_word' id='word_1_164' title='bbox 542 1645 647 1678; x_wconf 90' lang='lat' dir='ltr'>esse</span> <span class='ocrx_word' id='word_1_165' title='bbox 693 1629 853 1692; x_wconf 88' lang='lat' dir='ltr'>possit</span> <span class='ocrx_word' id='word_1_166' title='bbox 899 1630 1046 1679; x_wconf 91' lang='lat' dir='ltr'>huius</span> <span class='ocrx_word' id='word_1_167' title='bbox 1085 1629 1159 1676; x_wconf 91' lang='lat' dir='ltr'>rei</span> <span class='ocrx_word' id='word_1_168' title='bbox 1196 1630 1389 1676; x_wconf 85' lang='lat' dir='ltr'>fructus</span> <span class='ocrx_word' id='word_1_169' title='bbox 1429 1627 1698 1677; x_wconf 85' lang='lat' dir='ltr'>subnectit:</span> <span class='ocrx_word' id='word_1_170' title='bbox 1750 1629 1840 1675; x_wconf 86' lang='lat' dir='ltr'>illa</span> 
     </span>
    </p>

    <p class='ocr_par' dir='ltr' id='par_1_8' title="bbox 35 1702 1839 1765">
     <span class='ocr_line' id='line_1_21' title="bbox 35 1702 1839 1765; baseline -0.002 -14"><span class='ocrx_word' id='word_1_171' title='bbox 35 1755 37 1759; x_wconf 16' lang='lat'><strong>¹</strong></span> <span class='ocrx_word' id='word_1_172' title='bbox 75 1718 118 1751; x_wconf 80' lang='lat'>20</span> <span class='ocrx_word' id='word_1_173' title='bbox 141 1703 228 1750; x_wconf 81' lang='lat' dir='ltr'>tibi</span> <span class='ocrx_word' id='word_1_174' title='bbox 258 1702 442 1751; x_wconf 89' lang='lat' dir='ltr'>Italiae</span> <span class='ocrx_word' id='word_1_175' title='bbox 471 1705 683 1764; x_wconf 82' lang='lat' dir='ltr'>populos</span> <span class='ocrx_word' id='word_1_176' title='bbox 720 1707 1019 1765; x_wconf 78' lang='lat' dir='ltr'>venturaque</span> <span class='ocrx_word' id='word_1_177' title='bbox 1060 1703 1184 1752; x_wconf 87' lang='lat' dir='ltr'>bella</span> <span class='ocrx_word' id='word_1_178' title='bbox 1223 1706 1267 1750; x_wconf 86' lang='lat' dir='ltr'>et</span> <span class='ocrx_word' id='word_1_179' title='bbox 1302 1717 1394 1763; x_wconf 80' lang='lat' dir='ltr'>qao</span> <span class='ocrx_word' id='word_1_180' title='bbox 1434 1717 1663 1762; x_wconf 74' lang='lat' dir='ltr'>quemque</span> <span class='ocrx_word' id='word_1_181' title='bbox 1702 1702 1839 1749; x_wconf 87' lang='lat' dir='ltr'>modo</span> 
     </span>
    </p>

    <p class='ocr_par' dir='ltr' id='par_1_9' title="bbox 139 1776 1926 1838">
     <span class='ocr_line' id='line_1_22' title="bbox 139 1776 1926 1838; baseline -0.003 -14"><span class='ocrx_word' id='word_1_182' title='bbox 139 1776 399 1836; x_wconf 73' lang='lat' dir='ltr'>fuyiasqne</span> <span class='ocrx_word' id='word_1_183' title='bbox 435 1778 663 1837; x_wconf 81' lang='lat' dir='ltr'>ferasque</span> <span class='ocrx_word' id='word_1_184' title='bbox 702 1779 916 1827; x_wconf 85' lang='lat' dir='ltr'>laborem</span> <span class='ocrx_word' id='word_1_185' title='bbox 955 1778 1168 1838; x_wconf 75' lang='lat' dir='ltr'>expediet</span> <span class='ocrx_word' id='word_1_186' title='bbox 1205 1791 1468 1836; x_wconf 68' lang='lat' dir='ltr'>cursusque</span> <span class='ocrx_word' id='word_1_187' title='bbox 1506 1777 1642 1824; x_wconf 83' lang='lat' dir='ltr'>dabit</span> <span class='ocrx_word' id='word_1_188' title='bbox 1686 1790 1821 1823; x_wconf 80' lang='lat' dir='ltr'>vene·</span> <span class='ocrx_word' id='word_1_189' title='bbox 1839 1779 1926 1819; x_wconf 86' lang='lat'>460</span> 
     </span>
    </p>

    <p class='ocr_par' dir='ltr' id='par_1_10' title="bbox 140 1851 1838 1913">
     <span class='ocr_line' id='line_1_23' title="bbox 140 1851 1838 1913; baseline -0.001 -16"><span class='ocrx_word' id='word_1_190' title='bbox 140 1853 253 1898; x_wconf 90' lang='lat' dir='ltr'>rata</span> <span class='ocrx_word' id='word_1_191' title='bbox 283 1852 533 1900; x_wconf 79' lang='lat' dir='ltr'>secundos,</span> <span class='ocrx_word' id='word_1_192' title='bbox 591 1853 709 1901; x_wconf 81' lang='lat' dir='ltr'>haec</span> <span class='ocrx_word' id='word_1_193' title='bbox 738 1856 855 1901; x_wconf 83' lang='lat' dir='ltr'>swnt</span> <span class='ocrx_word' id='word_1_194' title='bbox 884 1867 1008 1913; x_wconf 78' lang='lat' dir='ltr'>quae</span> <span class='ocrx_word' id='word_1_195' title='bbox 1038 1855 1205 1900; x_wconf 71' lang='lat' dir='ltr'>nostra</span> <span class='ocrx_word' id='word_1_196' title='bbox 1237 1853 1377 1900; x_wconf 90' lang='lat' dir='ltr'>liceat</span> <span class='ocrx_word' id='word_1_197' title='bbox 1413 1853 1456 1898; x_wconf 86' lang='lat' dir='ltr'>te</span> <span class='ocrx_word' id='word_1_198' title='bbox 1493 1864 1603 1898; x_wconf 83' lang='lat' dir='ltr'>voce</span> <span class='ocrx_word' id='word_1_199' title='bbox 1639 1851 1838 1897; x_wconf 85' lang='lat' dir='ltr'>moneri.</span> 
     </span>
    </p>

    <p class='ocr_par' dir='ltr' id='par_1_11' title="bbox 140 1923 1839 1989">
     <span class='ocr_line' id='line_1_24' title="bbox 140 1923 1839 1989; baseline 0 -18"><span class='ocrx_word' id='word_1_200' title='bbox 140 1924 274 1986; x_wconf 90' lang='lat' dir='ltr'>ipsa,</span> <span class='ocrx_word' id='word_1_201' title='bbox 312 1925 505 1987; x_wconf 91' lang='lat' dir='ltr'>inquit,</span> <span class='ocrx_word' id='word_1_202' title='bbox 550 1926 646 1974; x_wconf 87' lang='lat' dir='ltr'>tibi</span> <span class='ocrx_word' id='word_1_203' title='bbox 685 1926 846 1975; x_wconf 87' lang='lat' dir='ltr'>edicet</span> <span class='ocrx_word' id='word_1_204' title='bbox 884 1943 1011 1989; x_wconf 90' lang='lat' dir='ltr'>quae</span> <span class='ocrx_word' id='word_1_205' title='bbox 1053 1942 1143 1989; x_wconf 88' lang='lat' dir='ltr'>ego</span> <span class='ocrx_word' id='word_1_206' title='bbox 1181 1924 1447 1987; x_wconf 88' lang='lat' dir='ltr'>prohibeor</span> <span class='ocrx_word' id='word_1_207' title='bbox 1486 1924 1701 1986; x_wconf 85' lang='lat' dir='ltr'>aperire,</span> <span class='ocrx_word' id='word_1_208' title='bbox 1749 1923 1839 1972; x_wconf 88' lang='lat' dir='ltr'>sci-</span> 
     </span>
    </p>

    <p class='ocr_par' dir='ltr' id='par_1_12' title="bbox 31 1998 1841 2064">
     <span class='ocr_line' id='line_1_25' title="bbox 31 1998 1841 2064; baseline -0.001 -19"><span class='ocrx_word' id='word_1_209' title='bbox 31 2058 34 2059; x_wconf 16' lang='lat'><em>⁷</em></span> <span class='ocrx_word' id='word_1_210' title='bbox 141 1998 260 2046; x_wconf 89' lang='lat' dir='ltr'>licet</span> <span class='ocrx_word' id='word_1_211' title='bbox 305 2015 431 2061; x_wconf 87' lang='lat' dir='ltr'>quae</span> <span class='ocrx_word' id='word_1_212' title='bbox 477 1999 715 2064; x_wconf 89' lang='lat' dir='ltr'>ingruant</span> <span class='ocrx_word' id='word_1_213' title='bbox 759 2000 916 2062; x_wconf 87' lang='lat' dir='ltr'>bella,</span> <span class='ocrx_word' id='word_1_214' title='bbox 971 2002 1058 2062; x_wconf 91' lang='lat' dir='ltr'>qui</span> <span class='ocrx_word' id='word_1_215' title='bbox 1102 1999 1279 2062; x_wconf 90' lang='lat' dir='ltr'>populi</span> <span class='ocrx_word' id='word_1_216' title='bbox 1325 2015 1350 2047; x_wconf 90' lang='lat' dir='ltr'>e</span> <span class='ocrx_word' id='word_1_217' title='bbox 1399 1998 1593 2046; x_wconf 87' lang='lat' dir='ltr'>diverso</span> <span class='ocrx_word' id='word_1_218' title='bbox 1641 1998 1841 2046; x_wconf 88' lang='lat' dir='ltr'>venturi</span> 
     </span>
    </p>

    <p class='ocr_par' dir='ltr' id='par_1_13' title="bbox 24 2072 1840 2147">
     <span class='ocr_line' id='line_1_26' title="bbox 24 2072 1840 2147; baseline -0.002 -25"><span class='ocrx_word' id='word_1_219' title='bbox 24 2114 37 2147; x_wconf 70' lang='lat'>³</span> <span class='ocrx_word' id='word_1_220' title='bbox 75 2087 120 2122; x_wconf 74' lang='lat'>25</span> <span class='ocrx_word' id='word_1_221' title='bbox 143 2074 244 2120; x_wconf 89' lang='lat' dir='ltr'>sint</span> <span class='ocrx_word' id='word_1_222' title='bbox 291 2075 340 2120; x_wconf 92' lang='lat' dir='ltr'>et</span> <span class='ocrx_word' id='word_1_223' title='bbox 388 2075 637 2135; x_wconf 89' lang='lat' dir='ltr'>quomodo</span> <span class='ocrx_word' id='word_1_224' title='bbox 684 2075 909 2138; x_wconf 82' lang='lat' dir='ltr'>singulos</span> <span class='ocrx_word' id='word_1_225' title='bbox 955 2074 1151 2123; x_wconf 86' lang='lat' dir='ltr'>labores</span> <span class='ocrx_word' id='word_1_226' title='bbox 1200 2073 1278 2121; x_wconf 84' lang='lat' dir='ltr'>vel</span> <span class='ocrx_word' id='word_1_227' title='bbox 1315 2072 1576 2122; x_wconf 88' lang='lat' dir='ltr'>tolerando</span> <span class='ocrx_word' id='word_1_228' title='bbox 1615 2074 1840 2119; x_wconf 78' lang='lat' dir='ltr'>transeas</span> 
     </span>
    </p>

    <p class='ocr_par' dir='ltr' id='par_1_14' title="bbox 142 2146 1839 2211">
     <span class='ocr_line' id='line_1_27' title="bbox 142 2146 1839 2211; baseline -0.002 -16"><span class='ocrx_word' id='word_1_229' title='bbox 142 2147 223 2195; x_wconf 86' lang='lat' dir='ltr'>vel</span> <span class='ocrx_word' id='word_1_230' title='bbox 262 2147 540 2209; x_wconf 86' lang='lat' dir='ltr'>superando</span> <span class='ocrx_word' id='word_1_231' title='bbox 581 2164 861 2211; x_wconf 84' lang='lat' dir='ltr'>conpescaS.</span> <span class='ocrx_word' id='word_1_232' title='bbox 925 2148 1169 2198; x_wconf 80' lang='lat' dir='ltr'>conclusit</span> <span class='ocrx_word' id='word_1_233' title='bbox 1207 2147 1426 2195; x_wconf 88' lang='lat' dir='ltr'>Helenus</span> <span class='ocrx_word' id='word_1_234' title='bbox 1465 2161 1702 2209; x_wconf 87' lang='lat' dir='ltr'>responsa</span> <span class='ocrx_word' id='word_1_235' title='bbox 1740 2146 1839 2193; x_wconf 85' lang='lat' dir='ltr'>lae-</span> 
     </span>
    </p>

    <p class='ocr_par' dir='ltr' id='par_1_15' title="bbox 139 2220 1843 2434">
     <span class='ocr_line' id='line_1_28' title="bbox 139 2220 1843 2284; baseline -0.001 -16"><span class='ocrx_word' id='word_1_236' title='bbox 139 2222 250 2269; x_wconf 89' lang='lat' dir='ltr'>tum</span> <span class='ocrx_word' id='word_1_237' title='bbox 294 2221 500 2270; x_wconf 88' lang='lat' dir='ltr'>Aenean</span> <span class='ocrx_word' id='word_1_238' title='bbox 546 2222 827 2284; x_wconf 85' lang='lat' dir='ltr'>dimittens,</span> <span class='ocrx_word' id='word_1_239' title='bbox 874 2224 1028 2270; x_wconf 90' lang='lat' dir='ltr'>etiam</span> <span class='ocrx_word' id='word_1_240' title='bbox 1073 2222 1305 2270; x_wconf 88' lang='lat' dir='ltr'>hortatur</span> <span class='ocrx_word' id='word_1_241' title='bbox 1351 2220 1536 2269; x_wconf 86' lang='lat' dir='ltr'>additis</span> <span class='ocrx_word' id='word_1_242' title='bbox 1581 2220 1707 2268; x_wconf 82' lang='lat' dir='ltr'>vade</span> <span class='ocrx_word' id='word_1_243' title='bbox 1753 2233 1843 2278; x_wconf 72' lang='lat' dir='ltr'>aye</span> 
     </span>
     <span class='ocr_line' id='line_1_29' title="bbox 144 2292 1841 2358; baseline -0.002 -16"><span class='ocrx_word' id='word_1_244' title='bbox 144 2297 188 2342; x_wconf 87' lang='lat' dir='ltr'>et</span> <span class='ocrx_word' id='word_1_245' title='bbox 237 2297 475 2356; x_wconf 70' lang='lat' dir='ltr'>inqentem</span> <span class='ocrx_word' id='word_1_246' title='bbox 527 2298 672 2358; x_wconf 81' lang='lat' dir='ltr'>factis</span> <span class='ocrx_word' id='word_1_247' title='bbox 725 2299 803 2358; x_wconf 82' lang='lat' dir='ltr'>fer</span> <span class='ocrx_word' id='word_1_248' title='bbox 855 2297 921 2345; x_wconf 80' lang='lat' dir='ltr'>acl</span> <span class='ocrx_word' id='word_1_249' title='bbox 975 2297 1169 2346; x_wconf 81' lang='lat' dir='ltr'>aethera</span> <span class='ocrx_word' id='word_1_250' title='bbox 1220 2296 1432 2343; x_wconf 79' lang='lat' dir='ltr'>Troiam.</span> <span class='ocrx_word' id='word_1_251' title='bbox 1510 2293 1624 2355; x_wconf 80' lang='lat' dir='ltr'>fac,</span> <span class='ocrx_word' id='word_1_252' title='bbox 1659 2292 1841 2354; x_wconf 87' lang='lat' dir='ltr'>inquit,</span> 
     </span>
     <span class='ocr_line' id='line_1_30' title="bbox 142 2366 1843 2434; baseline -0.002 -17"><span class='ocrx_word' id='word_1_253' title='bbox 142 2369 398 2433; x_wconf 87' lang='lat' dir='ltr'>ingentem</span> <span class='ocrx_word' id='word_1_254' title='bbox 443 2370 649 2419; x_wconf 87' lang='lat' dir='ltr'>Troiam</span> <span class='ocrx_word' id='word_1_255' title='bbox 693 2387 786 2434; x_wconf 89' lang='lat' dir='ltr'>pro</span> <span class='ocrx_word' id='word_1_256' title='bbox 832 2371 1011 2419; x_wconf 88' lang='lat' dir='ltr'>merito</span> <span class='ocrx_word' id='word_1_257' title='bbox 1056 2372 1158 2418; x_wconf 89' lang='lat' dir='ltr'>tuo.</span> <span class='ocrx_word' id='word_1_258' title='bbox 1237 2369 1490 2433; x_wconf 85' lang='lat' dir='ltr'>ingentem</span> <span class='ocrx_word' id='word_1_259' title='bbox 1534 2367 1670 2428; x_wconf 89' lang='lat' dir='ltr'>ideo,</span> <span class='ocrx_word' id='word_1_260' title='bbox 1724 2366 1843 2429; x_wconf 89' lang='lat' dir='ltr'>quia</span> 
     </span>
    </p>
   </div>
   <div class='ocr_carea' id='block_1_3' title="bbox 145 2454 501 2461">
    <p class='ocr_par' dir='ltr' id='par_1_16' title="bbox 145 2454 501 2461">
     <span class='ocr_line' id='line_1_31' title="bbox 145 2454 501 2461; baseline 0 765"><span class='ocrx_word' id='word_1_261' title='bbox 145 2454 501 2461; x_wconf 95' lang='lat' dir='ltr'> </span> 
     </span>
    </p>
   </div>
   <div class='ocr_carea' id='block_1_4' title="bbox 142 2492 1845 3026">
    <p class='ocr_par' dir='ltr' id='par_1_17' title="bbox 142 2492 1845 3026">
     <span class='ocr_line' id='line_1_32' title="bbox 264 2492 1843 2558; baseline -0.003 -20"><span class='ocrx_word' id='word_1_262' title='bbox 264 2499 289 2538; x_wconf 88' lang='grc'>9</span> <span class='ocrx_word' id='word_1_263' title='bbox 321 2497 515 2553; x_wconf 81' lang='lat' dir='ltr'>inpleret</span> <span class='ocrx_word' id='word_1_264' title='bbox 544 2496 632 2540; x_wconf 81' lang='lat' dir='ltr'>LR</span> <span class='ocrx_word' id='word_1_265' title='bbox 669 2497 910 2553; x_wconf 81' lang='lat' dir='ltr'>inpleverit</span> <span class='ocrx_word' id='word_1_266' title='bbox 938 2511 963 2539; x_wconf 91' lang='lat' dir='ltr'>r</span> <span class='ocrx_word' id='word_1_267' title='bbox 999 2495 1074 2539; x_wconf 88' lang='lat' dir='ltr'>vel</span> <span class='ocrx_word' id='word_1_268' title='bbox 1111 2495 1335 2551; x_wconf 78' lang='lat' dir='ltr'>inpulerit</span> <span class='ocrx_word' id='word_1_269' title='bbox 1373 2493 1530 2538; x_wconf 86' lang='lat' dir='ltr'>adnot.</span> <span class='ocrx_word' id='word_1_270' title='bbox 1563 2492 1610 2536; x_wconf 89' lang='lat' dir='ltr'>r&#39;</span> <span class='ocrx_word' id='word_1_271' title='bbox 1643 2492 1843 2558; x_wconf 63' lang='lat' dir='ltr'>implerit</span> 
     </span>
     <span class='ocr_line' id='line_1_33' title="bbox 144 2550 1840 2608; baseline -0.003 -10"><span class='ocrx_word' id='word_1_272' title='bbox 144 2553 216 2599; x_wconf 88' lang='lat' dir='ltr'>ed.</span> <span class='ocrx_word' id='word_1_273' title='bbox 356 2559 412 2598; x_wconf 89' lang='grc'>10</span> <span class='ocrx_word' id='word_1_274' title='bbox 443 2556 588 2600; x_wconf 80' lang='lat' dir='ltr'>dubia</span> <span class='ocrx_word' id='word_1_275' title='bbox 618 2556 707 2600; x_wconf 85' lang='lat' dir='ltr'>LR</span> <span class='ocrx_word' id='word_1_276' title='bbox 737 2556 824 2601; x_wconf 84' lang='lat' dir='ltr'>-bii</span> <span class='ocrx_word' id='word_1_277' title='bbox 853 2570 879 2599; x_wconf 84' lang='lat' dir='ltr'>r</span> <span class='ocrx_word' id='word_1_278' title='bbox 909 2555 981 2599; x_wconf 86' lang='lat' dir='ltr'>ed.</span> <span class='ocrx_word' id='word_1_279' title='bbox 1127 2560 1182 2598; x_wconf 83' lang='lat'>13</span> <span class='ocrx_word' id='word_1_280' title='bbox 1215 2558 1369 2598; x_wconf 82' lang='lat' dir='ltr'>vocent</span> <span class='ocrx_word' id='word_1_281' title='bbox 1400 2553 1492 2597; x_wconf 83' lang='lat' dir='ltr'>LR</span> <span class='ocrx_word' id='word_1_282' title='bbox 1522 2558 1646 2598; x_wconf 85' lang='lat' dir='ltr'>vocet</span> <span class='ocrx_word' id='word_1_283' title='bbox 1674 2550 1840 2608; x_wconf 78' lang='lat' dir='ltr'>scripsi</span> 
     </span>
     <span class='ocr_line' id='line_1_34' title="bbox 144 2611 1841 2672; baseline -0.002 -16"><span class='ocrx_word' id='word_1_284' title='bbox 144 2626 251 2657; x_wconf 84' lang='lat' dir='ltr'>eum</span> <span class='ocrx_word' id='word_1_285' title='bbox 283 2613 354 2658; x_wconf 89' lang='lat' dir='ltr'>ed.</span> <span class='ocrx_word' id='word_1_286' title='bbox 386 2614 581 2672; x_wconf 85' lang='lat' dir='ltr'>interpr.</span> <span class='ocrx_word' id='word_1_287' title='bbox 611 2617 780 2659; x_wconf 78' lang='lat' dir='ltr'>neutro</span> <span class='ocrx_word' id='word_1_288' title='bbox 811 2614 1025 2659; x_wconf 84' lang='lat' dir='ltr'>inclinat.</span> <span class='ocrx_word' id='word_1_289' title='bbox 1065 2613 1072 2672; x_wconf 88' lang='grc' dir='ltr'>Ι</span> <span class='ocrx_word' id='word_1_290' title='bbox 1115 2627 1356 2670; x_wconf 71' lang='lat' dir='ltr'>pos-sesque</span> <span class='ocrx_word' id='word_1_291' title='bbox 1386 2612 1472 2656; x_wconf 88' lang='lat' dir='ltr'>LR</span> <span class='ocrx_word' id='word_1_292' title='bbox 1503 2624 1618 2656; x_wconf 85' lang='lat' dir='ltr'>corr.</span> <span class='ocrx_word' id='word_1_293' title='bbox 1650 2625 1684 2654; x_wconf 86' lang='lat' dir='ltr'>r.</span> <span class='ocrx_word' id='word_1_294' title='bbox 1725 2612 1732 2666; x_wconf 88' lang='grc' dir='ltr'>Ι</span> <span class='ocrx_word' id='word_1_295' title='bbox 1779 2611 1841 2654; x_wconf 78' lang='lat' dir='ltr'>si-</span> 
     </span>
     <span class='ocr_line' id='line_1_35' title="bbox 143 2667 1839 2731; baseline -0.003 -15"><span class='ocrx_word' id='word_1_296' title='bbox 143 2686 246 2717; x_wconf 76' lang='lat' dir='ltr'>mas</span> <span class='ocrx_word' id='word_1_297' title='bbox 276 2671 325 2717; x_wconf 92' lang='lat' dir='ltr'>L.</span> <span class='ocrx_word' id='word_1_298' title='bbox 480 2678 536 2718; x_wconf 85' lang='lat'>14</span> <span class='ocrx_word' id='word_1_299' title='bbox 560 2679 725 2731; x_wconf 83' lang='lat' dir='ltr'>portas</span> <span class='ocrx_word' id='word_1_300' title='bbox 753 2673 842 2718; x_wconf 84' lang='lat' dir='ltr'>LR</span> <span class='ocrx_word' id='word_1_301' title='bbox 865 2687 1031 2730; x_wconf 84' lang='lat' dir='ltr'>poscas</span> <span class='ocrx_word' id='word_1_302' title='bbox 1060 2687 1096 2716; x_wconf 85' lang='lat' dir='ltr'>r.</span> <span class='ocrx_word' id='word_1_303' title='bbox 1250 2677 1304 2716; x_wconf 79' lang='lat'>17</span> <span class='ocrx_word' id='word_1_304' title='bbox 1338 2685 1419 2716; x_wconf 88' lang='lat' dir='ltr'>nec</span> <span class='ocrx_word' id='word_1_305' title='bbox 1447 2671 1620 2728; x_wconf 65' lang='lat' dir='ltr'>naviga</span> <span class='ocrx_word' id='word_1_306' title='bbox 1650 2668 1737 2713; x_wconf 81' lang='lat' dir='ltr'>LR</span> <span class='ocrx_word' id='word_1_307' title='bbox 1767 2667 1839 2712; x_wconf 88' lang='lat' dir='ltr'>ed.</span> 
     </span>
     <span class='ocr_line' id='line_1_36' title="bbox 143 2727 1843 2790; baseline -0.004 -14"><span class='ocrx_word' id='word_1_308' title='bbox 143 2745 202 2776; x_wconf 73' lang='lat' dir='ltr'>ne</span> <span class='ocrx_word' id='word_1_309' title='bbox 231 2746 277 2776; x_wconf 88' lang='lat' dir='ltr'>n.</span> <span class='ocrx_word' id='word_1_310' title='bbox 308 2746 347 2789; x_wconf 85' lang='lat' dir='ltr'>r,</span> <span class='ocrx_word' id='word_1_311' title='bbox 379 2733 506 2790; x_wconf 87' lang='lat' dir='ltr'>quod</span> <span class='ocrx_word' id='word_1_312' title='bbox 535 2733 919 2790; x_wconf 76' lang='lat' dir='ltr'>recepipropter</span> <span class='ocrx_word' id='word_1_313' title='bbox 946 2733 1067 2777; x_wconf 83' lang='lat' dir='ltr'>enim</span> <span class='ocrx_word' id='word_1_314' title='bbox 1098 2731 1174 2788; x_wconf 87' lang='lat' dir='ltr'>(cf.</span> <span class='ocrx_word' id='word_1_315' title='bbox 1209 2733 1326 2788; x_wconf 83' lang='lat'>394).</span> <span class='ocrx_word' id='word_1_316' title='bbox 1363 2732 1369 2788; x_wconf 88' lang='grc' dir='ltr'>Ι</span> <span class='ocrx_word' id='word_1_317' title='bbox 1398 2734 1563 2787; x_wconf 70' lang='lat' dir='ltr'>portus</span> <span class='ocrx_word' id='word_1_318' title='bbox 1593 2727 1680 2772; x_wconf 86' lang='lat' dir='ltr'>LR</span> <span class='ocrx_word' id='word_1_319' title='bbox 1705 2728 1843 2784; x_wconf 64' lang='lat' dir='ltr'>prim</span> 
     </span>
     <span class='ocr_line' id='line_1_37' title="bbox 142 2786 1836 2851; baseline -0.002 -18"><span class='ocrx_word' id='word_1_320' title='bbox 142 2803 168 2833; x_wconf 84' lang='lat' dir='ltr'>r</span> <span class='ocrx_word' id='word_1_321' title='bbox 199 2790 271 2835; x_wconf 89' lang='lat' dir='ltr'>ed.</span> <span class='ocrx_word' id='word_1_322' title='bbox 426 2796 481 2837; x_wconf 89' lang='lat'>18</span> <span class='ocrx_word' id='word_1_323' title='bbox 513 2793 759 2850; x_wconf 80' lang='lat' dir='ltr'>prodenim</span> <span class='ocrx_word' id='word_1_324' title='bbox 796 2793 884 2836; x_wconf 80' lang='lat' dir='ltr'>erit</span> <span class='ocrx_word' id='word_1_325' title='bbox 912 2791 948 2835; x_wconf 92' lang='lat' dir='ltr'>L</span> <span class='ocrx_word' id='word_1_326' title='bbox 980 2791 1191 2848; x_wconf 81' lang='lat' dir='ltr'>proderit</span> <span class='ocrx_word' id='word_1_327' title='bbox 1227 2792 1347 2836; x_wconf 79' lang='lat' dir='ltr'>enim</span> <span class='ocrx_word' id='word_1_328' title='bbox 1386 2789 1436 2833; x_wconf 88' lang='lat' dir='ltr'>in</span> <span class='ocrx_word' id='word_1_329' title='bbox 1472 2800 1638 2833; x_wconf 79' lang='lat' dir='ltr'>rasura</span> <span class='ocrx_word' id='word_1_330' title='bbox 1666 2786 1721 2830; x_wconf 87' lang='lat' dir='ltr'>R.</span> <span class='ocrx_word' id='word_1_331' title='bbox 1832 2845 1836 2851; x_wconf 28' lang='grc'>1</span> 
     </span>
     <span class='ocr_line' id='line_1_38' title="bbox 147 2843 1837 2901; baseline -0.003 -8"><span class='ocrx_word' id='word_1_332' title='bbox 147 2854 202 2893; x_wconf 86' lang='grc'>19</span> <span class='ocrx_word' id='word_1_333' title='bbox 232 2850 400 2896; x_wconf 76' lang='lat' dir='ltr'>habeas</span> <span class='ocrx_word' id='word_1_334' title='bbox 429 2850 518 2895; x_wconf 80' lang='lat' dir='ltr'>LR</span> <span class='ocrx_word' id='word_1_335' title='bbox 555 2852 693 2897; x_wconf 83' lang='lat' dir='ltr'>abeas</span> <span class='ocrx_word' id='word_1_336' title='bbox 721 2866 746 2895; x_wconf 84' lang='lat' dir='ltr'>r</span> <span class='ocrx_word' id='word_1_337' title='bbox 775 2851 847 2895; x_wconf 85' lang='lat' dir='ltr'>ed.</span> <span class='ocrx_word' id='word_1_338' title='bbox 1029 2854 1086 2894; x_wconf 81' lang='lat'>22</span> <span class='ocrx_word' id='word_1_339' title='bbox 1117 2850 1339 2895; x_wconf 81' lang='lat' dir='ltr'>secwndos</span> <span class='ocrx_word' id='word_1_340' title='bbox 1367 2848 1455 2892; x_wconf 81' lang='lat' dir='ltr'>LR</span> <span class='ocrx_word' id='word_1_341' title='bbox 1491 2846 1700 2892; x_wconf 78' lang='lat' dir='ltr'>sacerdos</span> <span class='ocrx_word' id='word_1_342' title='bbox 1727 2843 1796 2889; x_wconf 89' lang='lat' dir='ltr'>r&#39;&#39;.</span> <span class='ocrx_word' id='word_1_343' title='bbox 1832 2855 1837 2901; x_wconf 70' lang='grc' dir='ltr'>Ι</span> 
     </span>
     <span class='ocr_line' id='line_1_39' title="bbox 144 2906 1845 2966; baseline -0.003 -13"><span class='ocrx_word' id='word_1_344' title='bbox 144 2909 314 2954; x_wconf 82' lang='lat' dir='ltr'>moveri</span> <span class='ocrx_word' id='word_1_345' title='bbox 342 2909 385 2953; x_wconf 81' lang='lat' dir='ltr'>R</span> <span class='ocrx_word' id='word_1_346' title='bbox 416 2924 532 2956; x_wconf 87' lang='lat' dir='ltr'>corr.</span> <span class='ocrx_word' id='word_1_347' title='bbox 565 2909 616 2956; x_wconf 86' lang='lat' dir='ltr'>r‘.</span> <span class='ocrx_word' id='word_1_348' title='bbox 746 2914 803 2953; x_wconf 83' lang='lat'>26</span> <span class='ocrx_word' id='word_1_349' title='bbox 834 2923 1075 2965; x_wconf 76' lang='lat' dir='ltr'>conpescas</span> <span class='ocrx_word' id='word_1_350' title='bbox 1105 2908 1194 2953; x_wconf 82' lang='lat' dir='ltr'>LR</span> <span class='ocrx_word' id='word_1_351' title='bbox 1223 2909 1401 2966; x_wconf 63' lang='lat' dir='ltr'>mitiges</span> <span class='ocrx_word' id='word_1_352' title='bbox 1431 2906 1504 2951; x_wconf 84' lang='lat' dir='ltr'>ed.</span> <span class='ocrx_word' id='word_1_353' title='bbox 1548 2908 1555 2962; x_wconf 90' lang='grc' dir='ltr'>Ι</span> <span class='ocrx_word' id='word_1_354' title='bbox 1603 2917 1845 2962; x_wconf 72' lang='lat' dir='ltr'>respomae</span> 
     </span>
     <span class='ocr_line' id='line_1_40' title="bbox 144 2960 1841 3026; baseline -0.001 -16"><span class='ocrx_word' id='word_1_355' title='bbox 144 2965 232 3010; x_wconf 86' lang='lat' dir='ltr'>LR</span> <span class='ocrx_word' id='word_1_356' title='bbox 262 2981 376 3014; x_wconf 81' lang='lat' dir='ltr'>corr.</span> <span class='ocrx_word' id='word_1_357' title='bbox 402 2969 474 3014; x_wconf 85' lang='lat' dir='ltr'>ed.</span> <span class='ocrx_word' id='word_1_358' title='bbox 598 2974 655 3014; x_wconf 81' lang='lat'>27</span> <span class='ocrx_word' id='word_1_359' title='bbox 687 2969 863 3014; x_wconf 83' lang='lat' dir='ltr'>additis</span> <span class='ocrx_word' id='word_1_360' title='bbox 892 2967 980 3012; x_wconf 88' lang='lat' dir='ltr'>LR</span> <span class='ocrx_word' id='word_1_361' title='bbox 1008 2969 1082 3014; x_wconf 82' lang='lat' dir='ltr'>his</span> <span class='ocrx_word' id='word_1_362' title='bbox 1110 2983 1154 3014; x_wconf 88' lang='lat' dir='ltr'>a.</span> <span class='ocrx_word' id='word_1_363' title='bbox 1186 2983 1222 3013; x_wconf 89' lang='lat' dir='ltr'>r.</span> <span class='ocrx_word' id='word_1_364' title='bbox 1251 2971 1258 3025; x_wconf 84' lang='grc' dir='ltr'>Ι</span> <span class='ocrx_word' id='word_1_365' title='bbox 1293 2981 1376 3026; x_wconf 72' lang='lat' dir='ltr'>aye</span> <span class='ocrx_word' id='word_1_366' title='bbox 1405 2965 1492 3010; x_wconf 82' lang='lat' dir='ltr'>LR</span> <span class='ocrx_word' id='word_1_367' title='bbox 1522 2970 1566 3010; x_wconf 82' lang='lat' dir='ltr'>et</span> <span class='ocrx_word' id='word_1_368' title='bbox 1595 2962 1747 3021; x_wconf 82' lang='lat' dir='ltr'>suppl.</span> <span class='ocrx_word' id='word_1_369' title='bbox 1773 2960 1841 3008; x_wconf 86' lang='lat' dir='ltr'>r&#39;&#39;.</span> 
     </span>
    </p>
   </div>
  </div>
 </body>
</html>
