2014 3226
790 179 1092 224 AENEInos
1124 179 1188 223 1v
1732 183 1834 234 371

146 323 322 380 yentur
367 333 545 379 opaca:
605 319 886 379 speluncam
932 321 1065 367 Dido
1112 322 1212 367 dux
1258 324 1300 368 et
1351 322 1593 368 Troianus
1641 322 1840 368 eandem

151 393 412 442 devenient.
489 395 635 441 adero
683 396 746 449 et,
793 397 878 440 tua
924 396 968 441 sz'
1006 394 1125 441 mihi
1165 399 1292 441 certa
1330 395 1577 450 voluntas,
1625 396 1825 442 conubio
1846 403 1928 441 125

149 470 353 528 tanqam
398 468 563 515 stabili
611 469 962 526 propriamque
1015 468 1195 515 dicabo.
1271 469 1349 516 hic
1392 469 1683 529 hymenaeus
1730 470 1842 515 erit:

148 557 284 602 mox,
332 541 425 602 ait,
470 544 528 589 ut
572 541 657 588 lux
705 543 922 588 crastina
968 542 1120 588 fuerit
1158 545 1348 603 exorta,
1389 541 1581 590 Aeneas
1622 545 1671 590 et
1708 541 1840 589 Dido

105 635 125 667 5
149 618 385 663 venatum
415 617 487 662 ire
521 614 802 676 disponunt.
865 615 1028 675 prima
1061 617 1250 663 occasio
1281 619 1338 663 ut
1368 618 1419 662 in
1451 633 1604 663 unum
1635 617 1841 664 veniant

149 689 305 736 futuri
346 689 408 736 ad
446 689 556 736 loca
593 704 867 749 nemorosa,
902 705 1026 749 quae
1059 691 1308 751 opacitate
1341 691 1418 737 sui
1450 692 1670 737 omnium
1705 690 1839 738 visus

150 763 425 811 excludant.
502 763 602 823 his,
646 764 832 824 inquit,
872 763 1124 810 inmittam
1164 763 1408 824 pluviam,
1453 780 1532 824 ac,
1578 780 1639 811 ne
1680 779 1840 824 aquae

150 837 454 898 contemptui
507 836 807 896 habeantur,
860 838 1094 884 misceam
1149 837 1441 899 grandinem
1496 840 1545 885 et
1591 838 1711 885 haec
1758 837 1840 884 de-

150 926 297 973 super
334 910 617 972 infundam,
658 925 866 971 cumque
907 911 1138 959 avocabit
1175 912 1429 959 universos
1469 912 1674 975 indago,
1714 911 1839 958 nim-

30 987 31 990 ’
84 1005 125 1037 10
147 985 240 1034 bus
281 988 330 1032 et
369 985 558 1048 grando
593 1001 693 1032 non
725 985 889 1032 sinent
920 984 1129 1032 adunari
1161 985 1407 1047 dispersos
1440 988 1489 1032 et
1521 986 1583 1033 ad
1614 985 1839 1047 reginam

147 1061 392 1107 maturius
438 1075 679 1120 remeare,
726 1058 844 1105 dum
891 1059 999 1106 alae
1038 1059 1310 1121 trepidant,
1359 1059 1474 1106 dum
1523 1060 1839 1107 observantes

149 1133 212 1180 ad
250 1134 378 1180 retia
415 1133 592 1194 pedem
632 1133 816 1180 ecferre
854 1149 955 1180 non
989 1135 1210 1194 possunt,
1241 1133 1447 1181 movebo
1482 1149 1679 1194 quoque
1709 1132 1839 1180 toni-

147 1209 283 1268 trua,
323 1210 400 1268 ut,
443 1222 555 1255 cum
593 1208 773 1254 terrori
811 1208 979 1254 omnia
1016 1207 1223 1268 fuerint,
1268 1208 1322 1253 in
1361 1222 1514 1253 unam
1554 1208 1839 1268 speluncam

148 1281 243 1330 soli
289 1281 537 1344 fugientes
583 1281 754 1329 favore
800 1296 911 1328 meo
959 1296 1016 1328 ac
1055 1284 1141 1328 tuo
1168 1318 1512 1328 ..........
1591 1282 1634 1328 31
1671 1285 1838 1328 tamen

83 1374 124 1407 15
149 1355 301 1402 etiam
346 1358 463 1403 tuae
509 1355 786 1403 voluntatis
835 1370 1097 1404 consensus
1139 1355 1346 1416 accedit,
1388 1354 1596 1403 conubio
1635 1356 1838 1417 iungam

149 1432 300 1490 atque
331 1431 420 1492 ita,
451 1432 510 1477 ut
538 1431 779 1492 perpetuo
819 1429 1126 1476 matrimonii
1165 1430 1364 1476 vinculo
1403 1431 1679 1476 teneantur.
1739 1442 1835 1475 non

148 1504 410 1552 adversata
439 1506 623 1564 petenti
661 1505 836 1551 adnuit
874 1507 1015 1562 atque
1054 1503 1177 1551 dolis
1207 1505 1319 1550 risit
1352 1502 1584 1563 Cytherea
1613 1504 1840 1562 repertis:

148 1593 260 1626 cum
297 1578 419 1626 haec
456 1577 581 1625 Iuno
623 1577 846 1637 dixisset,
893 1578 1055 1625 noluit
1092 1576 1259 1625 Venus
1307 1576 1556 1625 adversari
1603 1577 1839 1638 petitioni

148 1667 207 1699 ac
243 1652 496 1700 voluntati
535 1653 639 1700 eius
678 1652 980 1713 perindeque
1021 1652 1270 1699 consensit
1313 1650 1478 1699 ridens
1525 1649 1838 1698 adversariae

82 1745 124 1777 20
147 1725 287 1774 dolos
327 1726 694 1774 evidentissime
732 1726 967 1788 patuisse,
1010 1741 1135 1787 quae
1176 1726 1245 1772 316
1282 1723 1567 1784 insistebat,
1606 1726 1662 1770 ut
1700 1723 1839 1770 fieret

148 1799 340 1862 aliquid
380 1801 514 1862 quod
553 1802 681 1848 esset
710 1799 908 1848 Aeneae
941 1800 1267 1860 Troianisque
1299 1799 1616 1858 contrarium,
1649 1798 1839 1846 scilicet

147 1875 204 1921 ut
255 1891 466 1937 regnum
511 1874 691 1923 Italiae
736 1873 951 1936 Libycas
1007 1873 1288 1920 adverteret
1341 1887 1452 1919 oras
1506 1872 1599 1919 hoc
1653 1873 1728 1919 est
1773 1870 1835 1918 ad

146 1947 358 2010 Libycas
398 1964 510 1997 oras
548 1950 776 1997 verteret.

262 2021 506 2070 Oceanum
558 2025 743 2071 interea
796 2035 999 2082 saryens
1044 2020 1247 2068 Aurora
1299 2021 1504 2080 reliquit.
1581 2021 1620 2067 it
1662 2020 1823 2078 portis
1842 2022 1929 2062 130

15 2132 43 2154 μ
82 2115 123 2147 25
146 2097 318 2144 iubare
357 2100 515 2145 exorto
553 2097 733 2146 delecta
768 2099 1006 2151 iuventae,
1045 2098 1169 2143 retia
1205 2109 1350 2150 rara,
1379 2094 1583 2154 playae,
1623 2093 1721 2140 lato
1759 2107 1836 2140 ve-

147 2171 333 2219 nabula
370 2173 502 2232 ferro
533 2171 841 2231 Massybtque
878 2173 1031 2218 ruant
1069 2171 1245 2229 eqwttes
1285 2172 1328 2216 et
1357 2168 1508 2215 odora
1540 2182 1718 2215 eanum
1748 2168 1837 2215 vis.

146 2242 398 2305 [reyinam
443 2246 656 2293 thalamo
702 2248 1003 2293 cunctantem
1048 2244 1114 2292 ad
1159 2244 1333 2290 limina
1369 2243 1526 2302 primi
1566 2241 1838 2288 Poenorum

74 2343 76 2345 ·
149 2317 423 2381 expectant]
431 2337 448 2367 .·
500 2322 588 2368 aut
626 2319 837 2368 Didonis
883 2317 1115 2366 meritum
1153 2317 1252 2364 fuit
1291 2317 1378 2363 aut
1416 2315 1624 2363 dedecus
1664 2314 1838 2375 Tyrio-

147 2409 259 2440 rum
311 2395 371 2441 ut
422 2395 741 2455 expectarent
790 2392 1016 2456 reginam
1071 2390 1331 2439 constituti
1378 2391 1493 2437 ante
1538 2388 1669 2436 fores
1715 2389 1839 2447 eius,

269 2523 292 2563 7
327 2533 475 2576 aquae
504 2519 540 2563 L
580 2533 695 2576 quae
725 2518 767 2561 R
805 2533 928 2574 aqua
965 2533 990 2560 r
1026 2531 1118 2574 qua
1155 2515 1250 2560 HU
1282 2515 1353 2559 ed.
1392 2528 1541 2571 aquae
1579 2512 1616 2557 Ο
1648 2526 1746 2557 1103.

149 2582 176 2622 8
206 2578 462 2623 habeantur
491 2578 579 2622 LR
610 2578 680 2622 ed.
716 2593 870 2622 -amur
901 2577 973 2621 ed.
997 2578 1118 2633 post.
1155 2579 1160 2634 Ι
1201 2575 1391 2620 miscebo
1423 2573 1495 2617 ed.
1531 2574 1537 2630 Ι
1579 2578 1620 2617 et
1651 2586 1738 2616 om.
1762 2570 1833 2614 ed.

240 2641 296 2681 10
327 2639 536 2683 adunare
567 2637 654 2682 LR
685 2639 752 2682 -ri
780 2650 864 2680 nos
896 2637 1132 2681 convenire
1163 2634 1233 2678 ed.
1404 2638 1458 2676 12
1490 2632 1656 2686 ecferre
1685 2630 1727 2673 R
1755 2643 1838 2674 nec

147 2697 267 2751 ferre
297 2696 333 2740 L
363 2698 531 2752 referre
561 2697 632 2741 ed.
685 2697 692 2756 1
747 2697 926 2740 movebo
957 2694 1045 2738 LR
1074 2707 1179 2739 moae
1209 2708 1265 2738 m.
1299 2692 1371 2737 ed.
1502 2695 1557 2735 13
1587 2690 1756 2758 ferrari
1784 2688 1834 2732 L.

134 2810 137 2812 J
241 2760 298 2800 14
327 2762 407 2801 tuo
437 2755 524 2800 LR
556 2761 587 2801 t.
613 2757 857 2801 deveniant
887 2754 981 2799 ed.:
1014 2753 1233 2798 lacunam
1261 2750 1484 2805 indicavi,
1508 2762 1629 2806 quae
1661 2761 1728 2792 316
1759 2760 1835 2791 ex-

148 2813 324 2871 plenda
355 2816 439 2870 eet,
470 2817 526 2859 ut
548 2815 695 2860 etiam
717 2819 869 2859 tamen
891 2812 1019 2869 quod
1044 2811 1256 2868 sequitur
1277 2811 1455 2855 habeat
1477 2822 1571 2865 quo
1594 2807 1837 2860 referatur,

148 2873 348 2918 fortasse
371 2889 570 2920 amorem
591 2875 812 2931 inpleant.
905 2877 962 2916 22
994 2872 1242 2916 adverteret
1264 2869 1351 2913 LR
1374 2868 1673 2912 confirmatur
1693 2865 1836 2910 inter-

148 2932 428 2990 pretatione.
533 2938 590 2977 26
621 2933 901 2988 massillique
931 2930 1030 2975 LR.
1130 2934 1186 2975 27
1217 2930 1425 2987 reyinam
1442 2953 1496 2961 —-
1516 2930 1571 2971 28
1602 2929 1839 2982 expectant

149 2991 282 3037 deest
310 2992 362 3036 in
391 2992 499 3047 LR,
531 2993 614 3037 sed
646 2991 919 3048 explicatur.

1393 3061 1480 3104 24*
