2014 3226
210 197 320 252 482
681 194 911 238 DONATI
942 194 1221 237 INTERPR.
1256 193 1435 237 VERG.

211 338 481 399 plurimum
522 352 621 383 non
660 337 758 382 fuit
798 335 931 396 quod
968 335 1173 396 plenum
1203 333 1451 396 inpedivit
1482 337 1725 382 eventum.
1790 334 1909 382 feeit

211 415 381 458 tamen
423 410 553 470 quod
593 425 692 457 non
731 410 880 471 longe
921 410 1049 456 esset
1089 407 1149 454 ab
1191 408 1395 455 artificis
1444 407 1745 468 subtilitate,
1793 424 1908 455 nam

212 485 365 532 nodos
406 484 555 545 rupit.
634 499 734 530 non
774 483 901 529 dixit
941 483 1117 543 quanti
1164 482 1372 542 fuerint,
1422 485 1482 529 ut
1526 482 1659 529 facto
1707 481 1911 529 adderet

214 559 452 621 gratiam,
485 560 534 604 et
565 557 720 604 nodos
744 572 972 618 rumpere
997 557 1214 616 quantae
1240 555 1550 603 difficultatis
1575 556 1692 602 fuit!
1735 554 1909 603 deinde

213 634 345 679 linea
392 631 593 678 vincula
641 631 742 678 3113
791 629 1081 689 difficultas,
1137 630 1268 690 quod
1308 629 1510 678 vincula
1549 630 1659 691 ipsa
1697 629 1911 677 fuissent
1955 644 1976 678 ⁵

215 723 270 753 ex
310 706 437 765 lino,
480 721 605 766 quae
645 704 831 766 species
870 706 1070 751 tantum
1108 703 1265 763 valet,
1312 706 1368 750 ut
1408 719 1519 750 011111
1558 719 1741 766 magna
1781 702 1909 749 diffi-

214 780 401 827 cultate
432 780 706 840 rumpatur.
769 778 859 824 illa
893 779 1060 825 autem
1092 778 1294 824 fuerunt
1325 777 1444 838 lina,
1477 777 1655 838 quibus
1684 777 1911 824 columba

213 870 338 900 nexa
377 853 500 914 pede
540 869 637 900 uno
676 852 937 913 pendebat.
1014 852 1105 899 illa
1141 855 1277 898 notos
1318 854 1458 911 atque
1498 855 1610 898 atra
1647 851 1818 898 volans
1856 852 1912 898 iu

212 929 385 974 nubila
423 929 579 987 fuya:
617 928 815 987 praeter
853 927 1087 974 naturam
1119 941 1246 987 quae
1278 925 1460 972 totiens
1493 925 1772 986 perieulum
1803 940 1910 972 sen-

214 1003 348 1049 serat
386 1001 600 1048 liberata
631 1000 836 1048 nexibus
870 999 1003 1063 fugit
1033 1000 1086 1046 in
1119 999 1438 1046 altitudinem
1470 1014 1715 1046 summam
1747 999 1910 1046 ventis
1936 1014 2003 1048 10»

214 1074 601 1138 suffragantibus
633 1075 754 1122 fota.
817 1078 919 1121 tum
950 1074 1158 1134 rapidus
1189 1075 1292 1121 iam
1324 1073 1511 1120 dudum
1543 1087 1663 1121 arcu
1694 1075 1912 1121 contenta

207 1153 391 1209 parato
430 1150 524 1196 tela
563 1152 726 1196 leucus
757 1151 963 1208 fratrem
994 1148 1242 1207 Eurytion
1273 1149 1328 1194 iu
1358 1151 1469 1194 vota
1499 1149 1712 1195 vocavit:
1751 1147 1913 1194 voluit

214 1225 362 1284 poeta
400 1224 678 1275 monstrare
711 1224 903 1284 quanta
935 1222 1068 1283 apud
1098 1221 1427 1282 Eurytionem
1458 1220 1659 1269 valebat
1690 1222 1913 1268 fraterna

214 1298 407 1360 religio,
447 1313 559 1344 oum
595 1296 726 1344 hunc
764 1305 1023 1357 tamquam
1056 1295 1201 1343 deum
1231 1296 1435 1357 propria
1466 1297 1666 1343 vocavit
1696 1295 1749 1341 in
1780 1295 1911 1342 vota.
1992 1309 1993 1317 ¹

215 1372 334 1433 quia
387 1372 486 1419 fuit
539 1371 788 1432 Eurytion
842 1369 1045 1431 rapidus
1104 1370 1157 1416 id
1212 1371 1287 1416 est
1341 1368 1499 1416 omnis
1554 1384 1716 1416 moras
1771 1384 1912 1430 prae·
1938 1382 2003 1417 155

214 1445 438 1505 veniens,
486 1444 654 1493 stabat
691 1445 869 1506 parato
912 1459 1030 1491 arou
1077 1446 1126 1491 et
1173 1444 1360 1506 sagitta
1406 1445 1601 1491 intenta
1649 1445 1698 1490 et
1736 1444 1912 1490 vocato

213 1521 351 1580 prius
382 1520 435 1565 in
459 1521 578 1567 vota
609 1519 782 1566 fratris
807 1519 1005 1565 nomine
1032 1518 1283 1565 volantem
1307 1518 1589 1579 speculatus
1623 1519 1698 1564 est
1731 1517 1912 1564 colum-

213 1593 342 1641 bam.
415 1593 697 1655 speculatus
739 1594 814 1640 est
854 1590 985 1653 quod
1018 1590 1158 1652 dixit,
1198 1592 1323 1639 artis
1354 1591 1539 1651 fuerat3
1581 1590 1751 1638 debuit
1783 1590 1914 1638 enim

215 1668 439 1714 volatum
472 1668 574 1714 eius
617 1667 894 1728 explorare,
942 1667 1178 1727 quoniam
1219 1664 1422 1713 turbato
1463 1681 1518 1712 eo
1560 1667 1708 1726 atque
1746 1665 1914 1712 incon-

128 1745 214 1784 515
230 1742 394 1803 posito
449 1740 662 1788 feriendi
709 1741 846 1789 locus
899 1741 1116 1787 inveniri
1170 1755 1271 1788 non
1315 1741 1526 1801 poterat.
1611 1741 1714 1787 iam
1760 1751 1914 1786 vacuo
1938 1753 1982 1789 ao

217 1815 396 1863 laetam
434 1815 564 1863 caelo
603 1814 879 1875 speculatus
919 1817 962 1862 et
1001 1815 1096 1862 alis
1132 1814 1449 1873 plaudentem
1495 1815 1642 1874 niqra
1680 1814 1788 1873 figit
1822 1813 1914 1859 sub

215 1890 341 1937 nube
388 1890 685 1937 columbam:
731 1888 819 1935 ubi
863 1887 1020 1951 igitur
1065 1889 1194 1935 113110
1246 1887 1375 1935 vidit
1428 1887 1574 1935 laetis
1622 1902 1679 1935 30
1729 1887 1913 1934 securis

217 1962 467 2011 volatibus
507 1962 649 2024 ferri,
697 1963 816 2010 iecit
855 1962 1094 2025 sagittam
1134 1964 1184 2009 et
1223 1962 1502 2009 columbam
1547 1962 1602 2008 in
1650 1976 1760 2009 aere
1801 1975 1913 2008 0011-

217 2036 339 2084 fixit.
419 2038 634 2098 quantae
673 2037 884 2098 peritiae
932 2036 1030 2083 fuit
1068 2036 1322 2083 volantem
1369 2037 1626 2097 pereutere
1673 2036 1823 2095 atque
1862 2034 1914 2080 in

220 2111 322 2158 alto
371 2111 719 2171 constitutam,
764 2112 1023 2172 praeterea
1062 2109 1410 2158 obumbratam
1455 2108 1584 2156 nube
1636 2109 1768 2158 atra!
1822 2108 1914 2156 hoc
1938 2122 1981 2158 26

217 2185 328 2232 loco
369 2186 419 2232 et
456 2185 640 2247 peritia
678 2184 916 2232 laudatur
947 2186 996 2231 et
1029 2185 1160 2231 acies
1191 2184 1413 2244 luminiS,
1451 2185 1510 2231 ut
1540 2184 1594 2230 111
1625 2184 1769 2230 tanta
1801 2181 1914 2229 alti-

218 2257 392 2306 tudine
432 2260 482 2306 et
521 2258 681 2306 adhue
712 2259 967 2306 volantem
1006 2257 1095 2306 sub
1136 2257 1300 2305 colore
1338 2256 1483 2305 nubis
1514 2258 1692 2318 taetro,
1731 2256 1913 2303 librato

218 2332 435 2394 primum
473 2332 574 2379 telo
616 2334 667 2380 et
696 2331 865 2380 videre
895 2332 1117 2394 potuerit
1150 2333 1200 2379 et
1237 2331 1398 2379 ferire.
1469 2331 1646 2379 decidit
1676 2331 1914 2378 exanimis

217 2408 461 2466 vitamque
506 2406 738 2466 relinquit
773 2408 829 2454 iu
868 2408 1016 2454 astris
1055 2407 1206 2454 aeriis
1243 2405 1488 2465 fimumque
1527 2405 1675 2464 refert
1711 2404 1914 2464 delapsa

218 2482 471 2540 sagittam:
519 2481 678 2527 vitam
725 2479 811 2526 diu
856 2482 1023 2527 tenere
1061 2495 1161 2527 non
1199 2480 1366 2541 potuit
1406 2481 1455 2526 et
1494 2478 1734 2527 exanimis
1771 2477 1913 2539 lapsa
1935 2491 1981 2525 ω

220 2555 480 2617 sagittam,
535 2569 687 2615 quam
742 2554 1021 2616 exceperat,
1074 2552 1303 2600 reddidit.
1399 2568 1498 2600 non
1553 2552 1678 2599 dixit
1727 2551 1914 2614 sagitta

219 2628 474 2676 revocavit
498 2626 791 2687 columbam,
825 2642 952 2689 quae
975 2626 1136 2689 ruptis
1161 2626 1373 2674 vinculis
1406 2627 1619 2689 fugerat,
1649 2625 1750 2686 sed,
1783 2623 1915 2686 quod

343 2772 366 2810 1
399 2767 590 2823 impedit
612 2767 683 2811 ed.
777 2772 802 2810 3
829 2769 995 2823 quanti
1015 2768 1192 2822 fuerint
1215 2767 1302 2811 LR
1324 2773 1432 2824 quot
1452 2768 1487 2822 f.
1509 2766 1590 2813 edI
1614 2771 1721 2823 quot
1743 2765 1852 2809 edF.

222 2831 250 2870 4
280 2826 400 2872 ‘nodo
430 2840 637 2882 rumpere
667 2826 702 2868 L
741 2827 910 2870 nodum
942 2841 979 2870 r.
1013 2826 1055 2870 R.
1093 2827 1235 2871 nodos
1264 2840 1302 2871 r.
1336 2826 1406 2870 ecl.
1569 2829 1606 2870 7.
1626 2826 1750 2869 linea
1780 2824 1859 2869 ed,
1950 2870 2001 2882 Ν

224 2890 277 2929 11
309 2886 410 2940 fota
441 2899 529 2929 om.
563 2885 634 2929 ed.
737 2889 791 2928 15
823 2886 904 2930 hoc
935 2891 1000 2930 est
1030 2885 1101 2929 ed.
1201 2889 1256 2929 22
1288 2886 1522 2930 securibus
1551 2884 1649 2928 LR.
1750 2887 1806 2927 25
1837 2883 1914 2928 ob·

222 2945 434 2989 umbrata
457 2943 545 2987 LR
568 2944 638 2988 ed.
663 2949 781 2989 -tam
802 2957 899 2988 nOS.
998 2949 1054 2988 29
1077 2945 1264 3000 reliquit
1285 2944 1356 2988 ed.
1387 2945 1392 3000 Ι
1419 2945 1559 2989 aeriis
1583 2943 1626 2987 R
1647 2943 1779 2987 ceriis
1801 2941 1850 2986 L.

224 3007 279 3046 32
311 3003 466 3058 fuerat
495 3002 531 3046 L
562 3002 612 3046 in
641 3002 826 3061 fuyerat
856 3016 969 3047 corr.
994 3002 1038 3046 R
1066 3003 1168 3060 ipse
1201 3004 1343 3048 libera
1371 3003 1526 3058 fuerat
1557 3002 1668 3047 edF.
