2014 3226
99 1430 184 1467 310
201 1425 338 1485 prior
380 1425 611 1487 exegisse.
689 1437 867 1470 verane
905 1427 948 1470 te
985 1425 1156 1483 facies,
1203 1438 1347 1470 veras
1385 1424 1503 1470 mihi
1540 1426 1741 1471 nuntias
1789 1425 1874 1472 ad-

181 179 291 231 308
650 176 881 220 DONATI
911 175 1192 219 INTERPR.
1225 175 1403 219 VERG.

185 320 407 379 superest
445 319 542 364 nisi
582 318 639 363 ut
678 316 835 379 frigus
876 315 1107 363 succedat
1146 318 1195 362 et
1233 315 1501 363 intercidat
1532 317 1674 379 vigor
1706 318 1871 379 animi,

187 408 283 454 quo
324 407 528 451 corpora
570 391 906 453 gubernantur
945 391 993 436 et
1034 387 1296 436 constant?
1374 390 1577 436 labitur:
1633 405 1743 437 cum
1781 391 1874 439 hac

187 483 242 514 ex
282 480 429 512 causa
469 468 598 511 stare
638 479 736 510 non
769 464 947 523 posset,
979 463 1122 524 lapsa
1154 465 1241 524 est,
1274 463 1469 510 defectu
1500 463 1688 511 scilicet
1720 465 1874 511 animi

186 544 234 586 et
289 539 518 599 corporis.
606 541 649 584 et
701 539 838 598 Zonyo
893 538 977 584 vix
1031 538 1225 584 tandem
1278 541 1486 596 tempore
1537 538 1699 596 fatur:
1760 542 1874 599 post

186 615 387 675 longum
433 614 628 672 tempus
676 613 874 672 recepto
923 626 1092 658 sensus
1142 611 1455 671 aliquantulo
1506 612 1677 674 vigore
1729 627 1872 675 aegre
1921 629 1939 662 5

184 688 349 733 locuta
397 687 481 732 est.
561 700 587 731 o
637 685 897 732 consilium
951 685 1126 745 poetae
1180 685 1444 732 tractantis
1500 685 1564 732 ad
1612 701 1874 747 personam

185 759 403 806 mulieris
445 758 682 806 solventis
722 759 927 806 inferias
963 761 1158 805 mortuo
1192 760 1241 805 et
1273 774 1490 806 amorem
1522 760 1692 806 mariti
1723 759 1874 807 etiam

183 834 364 895 perditi
403 833 683 880 retinentis!
724 835 922 893 praeter
961 846 1103 880 sexus
1144 848 1356 879 errorem
1391 834 1440 879 et
1470 832 1761 880 muliebrem
1799 834 1873 880 in-

183 907 497 968 prudentiam
554 907 826 967 adplicavit
881 907 926 953 ei
979 906 1129 952 etiam
1177 907 1515 953 confusionem
1562 908 1764 967 mentis,
1817 910 1880 955 utv

182 982 507 1042 inperfectum
553 982 756 1041 putaret
806 981 856 1027 et
903 979 1035 1040 quod
1080 979 1287 1027 viderat.
1364 996 1481 1027 nam
1530 981 1571 1027 si
1617 981 1760 1042 plene
1800 982 1873 1029 vi·
1900 996 1947 1030 w·

184 1055 356 1115 disset,
404 1054 715 1116 intellegeret
752 1055 921 1101 vivum
962 1069 1110 1115 quem
1148 1055 1315 1101 venire
1355 1056 1675 1115 conspexerat
1714 1056 1873 1102 cuius-

185 1144 276 1189 que
302 1143 441 1176 arma
465 1130 775 1191 cognoverat.
825 1143 936 1174 cum
960 1128 1118 1190 igitur
1147 1128 1287 1189 loqui
1318 1129 1586 1189 utcumque
1616 1130 1874 1190 potuisset,

184 1203 382 1263 aperuit
435 1217 552 1249 suae
606 1203 785 1249 mentis
841 1217 1069 1249 errorem.
1156 1217 1262 1248 ecce
1317 1203 1454 1262 prior
1506 1202 1633 1250 vidit
1682 1202 1874 1263 mulier,

182 1277 318 1337 prior
372 1276 619 1336 loquitur,
673 1276 870 1323 Aeneae
923 1275 1218 1323 verecundia
1275 1277 1572 1324 intemerata
1634 1278 1874 1336 servatur,

184 1351 270 1411 qui
324 1349 665 1410 respondentis
722 1349 883 1397 officio
939 1349 1137 1396 functus
1193 1349 1471 1397 ostenditur
1531 1365 1620 1397 nec
1682 1350 1874 1412 aliquid
1899 1361 1950 1399 ,57

183 1499 303 1557 fers,
340 1501 453 1545 nate
491 1498 615 1545 dea?
653 1498 871 1545 vivisne?
911 1499 1017 1552 ant,
1058 1498 1102 1544 si
1139 1497 1225 1544 tax
1263 1497 1396 1545 alma
1444 1499 1656 1553 recessit,
1697 1498 1876 1546 Hector

183 1573 266 1618 nbi
313 1571 413 1619 est?
491 1572 729 1632 quoniam
775 1572 987 1619 amentis
1035 1572 1247 1618 feminae
1294 1571 1500 1619 inducta
1545 1587 1754 1633 persona
1801 1574 1876 1620 est

183 1647 233 1692 et
272 1661 397 1706 quae
437 1660 588 1706 supra
625 1646 845 1693 tractata
885 1647 999 1693 sunt
1039 1645 1307 1692 ostendunt
1346 1645 1449 1692 eius
1482 1660 1710 1707 errorem,
1742 1645 1873 1694 dica-

183 1734 291 1766 mus
324 1719 594 1766 secundum
618 1735 728 1767 eam
753 1719 874 1780 quid
898 1720 1117 1767 senserit.
1174 1719 1470 1766 aestimabat
1499 1719 1686 1780 vivum,
1718 1735 1873 1782 quon·
1898 1732 1956 1769 20·

182 1793 285 1840 iam
325 1794 374 1840 et
414 1795 659 1841 armatum
699 1793 902 1841 videbat
940 1795 990 1840 et
1028 1809 1116 1854 per
1162 1793 1293 1840 diem
1340 1794 1524 1840 mortui
1570 1793 1730 1841 videri
1775 1809 1874 1842 non

183 1869 406 1928 possunt,
443 1883 611 1915 rursus
652 1866 992 1915 arbitrabatur
1029 1869 1280 1914 mortuum
1320 1882 1378 1914 ex
1411 1867 1665 1915 occasione
1696 1867 1794 1915 loci
1825 1870 1875 1915 et

186 1941 545 2002 parentationis
594 1956 766 2002 causa,
807 1942 926 2002 quia
964 1940 1070 1988 illic
1107 1941 1226 2000 fuit,
1266 1941 1384 1988 licet
1420 1942 1606 2002 inanis,
1646 1941 1873 1990 Hectoris

185 2014 406 2062 tumulus
449 2016 498 2062 et
535 2017 654 2062 tunc
693 2014 886 2062 Aeneas
928 2016 1174 2076 apparuit,
1211 2030 1322 2062 cum
1352 2014 1538 2062 Hector
1569 2015 1875 2066 sollemniter

187 2087 472 2136 vocabatur.
550 2089 593 2136 si
630 2089 782 2150 vivis,
828 2089 1015 2150 inquit,
1054 2089 1203 2150 refer,
1251 2090 1327 2136 sin
1373 2104 1489 2136 vero
1527 2090 1751 2137 mortuus
1791 2089 1875 2137 ad·
1898 2105 1950 2154 π,

186 2162 340 2222 venis,
372 2177 459 2208 cur
489 2177 588 2210 non
617 2164 782 2210 tecum
813 2164 886 2210 est
917 2160 1134 2210 Hector?
1201 2163 1324 2210 dixit
1352 2163 1676 2222 lacrimasque
1707 2163 1878 2224 effudit

191 2238 234 2283 et
286 2249 470 2283 omnem
522 2235 723 2295 inplevit
776 2237 981 2284 clamore
1035 2238 1212 2284 locam:
1279 2238 1394 2298 post
1446 2237 1637 2296 mariti,
1694 2237 1873 2298 inquit,

186 2324 385 2368 nomen,
441 2309 572 2370 quod
623 2309 921 2372 gemibunda
973 2310 1274 2371 protulerat,
1328 2310 1455 2357 nihil
1500 2312 1668 2372 potuit
1712 2311 1874 2372 loqm'3

188 2382 329 2430 dolor
367 2382 497 2428 enim
537 2384 582 2430 ei
619 2386 779 2431 totam
819 2384 1072 2432 ademerat
1109 2399 1294 2444 vocem,
1334 2384 1455 2445 quid
1492 2387 1661 2432 tamen
1708 2385 1872 2432 animo

307 2513 330 2551 1
364 2509 612 2553 intercedat
641 2508 728 2552 LR
759 2509 830 2552 ed.
864 2523 976 2552 corr.
1010 2523 1046 2551 r.
1170 2514 1195 2552 2
1227 2514 1403 2554 constat
1433 2509 1487 2553 R.
1618 2514 1643 2552 3
1677 2509 1874 2564 defectus
1932 2536 1934 2539 .

186 2567 228 2610 R
261 2581 373 2611 corr.
398 2581 433 2611 r
537 2571 565 2610 4
595 2568 688 2612 vim
718 2567 760 2610 R
789 2570 868 2613 via:
897 2583 934 2612 r.
1039 2573 1065 2611 5
1097 2569 1206 2613 haec
1227 2568 1315 2611 LR
1338 2569 1409 2612 ed.
1444 2583 1574 2626 aeyre
1604 2583 1702 2623 nos,
1727 2583 1871 2624 quon·
1919 2593 1927 2598 «

188 2626 284 2670 iam
316 2638 437 2682 quae
468 2625 626 2671 locuta
657 2626 720 2670 sit
749 2641 866 2671 non
863 2626 1099 2682 sequitur.
1227 2632 1252 2671 6
1285 2641 1310 2671 o
1334 2629 1574 2672 consiliam
1597 2628 1684 2671 LR
1706 2629 1891 2672 ‘mirum‘

186 2684 940 2800 0αἷῗέεαὲῶἓῖεἰῖξιῗὲἒὲὰεῗῖᾱ
1046 2687 1360 2790 917,Ρῖἵηῖἔέ
1383 2686 1490 2788 effi,
1499 2686 1560 2790 ῗι
1571 2687 1822 2790 arm?
1848 2701 1882 2731 ¹
1924 2743 1926 2745 J

188 2759 283 2846 ³21)
271 2804 492 2858 potuisset
520 2802 608 2846 LR
634 2803 835 2859 potuisse
865 2779 993 2848 veltet
1023 2804 1134 2848 edF.
1239 2759 1266 2802 q
1301 2809 1356 2848 16
1381 2805 1540 2861 priore
1569 2805 1612 2848 R
1644 2818 1758 2848 corr.
1789 2819 1826 2848 r.
1861 2803 1890 2863 Ι·

186 2863 400 2919 eoeeyisset
427 2861 514 2904 LR
546 2875 658 2906 corr.
684 2876 708 2905 r
737 2864 883 2920 eoeeyit
912 2863 984 2907 ed.
1078 2867 1134 2907 20
1165 2864 1434 2908 aestimabat
1463 2863 1551 2906 LR
1581 2863 1772 2908 exi-stim.
1797 2862 1870 2908 ed.

276 2925 332 2963 22
365 2921 452 2965 loci
480 2922 588 2977 post
614 2922 951 2977 parentationis
980 2921 1158 2966 habent
1187 2922 1296 2977 LR,
1327 2922 1411 2967 sed
1441 2922 1476 2965 L
1507 2924 1736 2979 transpos.
1769 2922 1871 2978 ipse
1914 2974 1915 2979 ¹

188 2978 334 3036 signis
367 2979 576 3023 adiectis
