2014 3226
788 155 1088 200 AENEmos
1120 157 1162 199 11
1562 141 1565 143 ’
1715 157 1818 209 -231

133 298 363 360 imperio,
419 297 505 344 sed
559 296 673 344 deos
729 296 959 356 infestos,
1014 298 1314 344 enumeratis
1369 298 1419 343 et
1474 296 1822 344 demonstratis

134 372 364 433 plurimis
420 371 635 418 servavit
684 369 747 418 ad
791 370 1026 417 ultimum
1071 370 1253 418 Iovem.
1339 385 1428 418 1100
1482 386 1660 418 nomen
1719 372 1823 418 eius

133 445 268 507 quod
308 446 396 492 alii
435 444 683 492 celebrant
723 443 863 503 dixit,
904 444 988 491 sed
1030 461 1126 505 quo
1165 446 1275 505 ipsa
1315 461 1426 492 eum
1460 444 1713 506 appellare
1745 443 1825 491 de-

135 519 244 566 buit
284 535 411 580 quae
450 519 614 566 fuerat
644 518 749 565 filia
781 534 837 565 eo
870 519 1030 579 magis
1061 518 1205 565 illum
1238 534 1446 566 onerans
1479 517 1682 578 invidia,
1715 533 1826 565 cum

88 611 110 643 5
136 593 258 640 dicit
302 594 408 654 ipse
455 594 619 654 pater,
665 592 758 639 hoc
797 595 870 640 est
910 593 998 652 qui
1037 594 1207 639 contra
1246 593 1434 639 malum
1474 593 1684 640 aliorum
1724 595 1826 639 stu-

135 666 271 714 dium
317 667 504 714 maiore
550 667 813 728 potestatis
862 667 1160 713 auctoritate
1208 682 1296 727 pro
1337 666 1478 714 nobis
1519 668 1706 714 certare
1745 666 1826 714 de-

135 741 259 802 buit,
297 742 403 802 ipse
443 757 543 788 non
581 742 780 787 tantum
813 738 1112 788 Graecorum
1152 740 1319 788 fautor
1358 741 1432 788 est
1471 756 1642 788 verum
1674 741 1828 788 etiam

134 817 323 863 ceteros
371 814 486 862 deos
533 814 586 862 in
633 814 802 862 odium
843 814 1087 861 Troianae
1132 815 1370 862 utilitatis
1423 814 1662 862 accendit.
1740 814 1828 861 dat

135 890 292 952 igitur
323 888 492 936 Venus
531 888 803 936 remedium
842 890 1015 936 contra
1055 888 1187 935 haec.
1257 889 1331 936 ait
1362 888 1494 936 enim
1527 890 1668 948 eripe,
1700 892 1827 944 nate,

67 982 111 1014 ιο
134 964 305 1023 faqam
349 965 588 1022 finemque
639 964 817 1022 inpone
870 963 1040 1010 labori.
1118 964 1235 1023 quia
1282 962 1468 1010 sciebat
1516 961 1675 1010 filium
1729 978 1829 1010 non

135 1037 348 1085 libenter
402 1036 688 1085 auditurum
744 1036 1005 1084 consilium
1059 1036 1229 1098 fugae,
1275 1035 1457 1084 idcirco
1506 1051 1656 1098 supra
1702 1036 1829 1083 dixit

134 1114 220 1172 „tu
243 1127 406 1172 nequa
429 1111 650 1172 parentis
675 1111 811 1158 iussa
835 1111 955 1158 time
980 1126 1075 1157 neu
1099 1111 1376 1172 praeceptis
1404 1126 1577 1171 parere
1609 1108 1826 1158 recusa“.

134 1185 405 1233 cedendum
445 1186 576 1232 enim
614 1186 791 1245 fuerat,
833 1184 1030 1246 quando
1071 1185 1224 1231 etiam
1261 1185 1367 1246 ipse
1408 1186 1686 1232 contrarius
1731 1183 1829 1232 fuit

137 1260 225 1321 qui
268 1259 382 1320 plus
429 1262 626 1321 poterat
673 1261 722 1306 et
769 1260 871 1306 suis
918 1259 1084 1320 potius
1134 1275 1283 1319 quam
1327 1259 1500 1306 alienis
1540 1259 1707 1306 favere
1747 1257 1828 1306 de-

68 1351 111 1384 15
137 1334 325 1381 buerat.
388 1334 560 1395 itaque
600 1349 711 1381 cum
750 1333 981 1381 suaderet
1010 1333 1197 1396 fugam,
1229 1332 1400 1380 debuit
1431 1331 1686 1380 ostendere
1720 1333 1829 1394 qui·

134 1407 226 1456 bus
266 1407 465 1456 auxiliis
497 1407 679 1469 inpleri
709 1408 967 1468 potuisset.
1027 1408 1194 1468 potuit
1227 1407 1409 1468 quippe
1440 1406 1634 1454 Aeneas
1667 1406 1828 1454 dicere

135 1481 381 1543 quomodo
413 1497 617 1543 possum
649 1482 819 1545 fugere
852 1482 1071 1529 vallatus
1102 1481 1321 1529 hostium
1352 1480 1466 1528 telis
1500 1482 1549 1528 01
1579 1478 1827 1528 flammis?

132 1570 400 1615 nusquam,
447 1555 635 1618 inquit,
682 1556 825 1603 abero
875 1558 919 1602 et
954 1557 1110 1602 tutam
1139 1557 1307 1615 patrio
1346 1558 1389 1602 te
1427 1555 1593 1602 limine
1630 1556 1814 1602 sistam.
1832 1558 1919 1598 620

136 1631 327 1678 dixerat
366 1633 409 1677 et
444 1631 618 1690 spissis
655 1631 807 1678 noetis
845 1645 895 1677 se
934 1629 1148 1677 condidit
1184 1630 1394 1677 umbris:
1451 1645 1550 1676 non
1590 1628 1717 1676 dixit
1754 1644 1829 1676 re-

66 1721 113 1754 so
136 1705 296 1767 cessit,
337 1704 423 1752 sed
461 1719 512 1752 se
551 1705 673 1766 ipsis
713 1705 873 1751 noctis
904 1704 1092 1751 umbris
1125 1702 1359 1750 condidit.
1424 1706 1664 1762 apparent
1693 1702 1832 1750 dirae

136 1779 286 1838 facies
325 1779 616 1837 inimicaque
657 1778 835 1825 Troiae
871 1779 1079 1825 numina
1117 1792 1300 1837 magma
1338 1777 1495 1825 deum.
1573 1776 1711 1824 dirae
1759 1777 1831 1823 fa-

137 1853 257 1913 cies,
313 1868 441 1914 quae
497 1852 618 1914 quid
669 1853 874 1914 pessimi
922 1851 1078 1900 studii
1125 1852 1290 1899 animo
1338 1852 1565 1914 gererent
1609 1849 1831 1898 vultibus

136 1928 450 1974 testarentur.
530 1927 774 1988 apparent
820 1928 868 1974 et
917 1941 1043 1988 quae
1089 1925 1276 1973 nullius
1326 1925 1481 1972 oculis
1535 1923 1834 1973 videbantur

137 2001 270 2049 solus
324 2003 484 2048 matre
538 2016 649 2048 mea
703 2000 1006 2063 suffragante
1068 1999 1328 2047 cernebam
1387 2000 1594 2046 numina
1650 2013 1834 2062 magna

28 2083 114 2124 ζῶε
139 2075 296 2122 deum.
359 2075 558 2136 potiora
588 2074 794 2122 numina
824 2075 935 2136 ipsa
973 2073 1205 2122 debemus
1243 2073 1550 2137 intellegere,
1586 2088 1713 2134 quae
1753 2088 1833 2120 su-

38 2179 42 2182 *
138 2147 305 2210 perius
345 2148 480 2197 dicta.
518 2151 648 2196 sunt.

254 2222 381 2270 Twm
419 2237 529 2271 vero
567 2237 706 2270 omne
743 2223 862 2270 mihi
901 2224 1061 2270 visum
1098 2221 1344 2269 considere
1388 2222 1444 2270 in
1488 2222 1618 2281 ‘tynis
1655 2219 1818 2267 Ilium
1834 2223 1921 2263 625

30 2304 38 2362 χζ
71 2323 76 2327 «
141 2299 185 2344 et
222 2311 278 2344 ex
314 2299 411 2344 imo
443 2297 564 2344 verti
592 2297 846 2358 Neptunia
879 2298 1051 2344 Troia:
1091 2295 1291 2357 quando
1323 2311 1423 2343 non
1452 2297 1652 2343 tantum
1683 2292 1833 2342 Grae-

141 2385 222 2419 cos
261 2386 435 2418 verum
474 2371 627 2419 etiam
663 2371 882 2432 potiores
922 2369 1039 2418 deos
1078 2369 1184 2418 vidi
1221 2370 1403 2418 nostris
1434 2369 1581 2417 rebus
1610 2368 1834 2428 infestos»,

34 2459 119 2494 no
140 2446 260 2492 tunc
312 2446 474 2507 magis
527 2444 741 2507 probavi
792 2444 884 2492 ffla
939 2459 1133 2506 quoque
1188 2459 1314 2505 quae
1376 2443 1669 2505 supererant
1729 2456 1834 2490 esse

26 2504 48 2618 i
140 2519 513 2581 perituram:
549 2519 696 2567 veluti
733 2519 936 2566 summis
975 2519 1230 2578 antiquam
1274 2519 1328 2566 in
1373 2517 1613 2565 mont-ibus
1659 2530 1834 2564 ornum

258 2678 287 2717 4
325 2688 374 2719 eo
412 2674 500 2718 LR
537 2689 616 2731 eoq
620 2689 672 2719 ue
709 2674 848 2731 ed.1
905 2674 1039 2718 illum
1068 2672 1157 2716 LR
1194 2687 1295 2717 eum
1334 2672 1406 2717 ed.
1590 2675 1613 2714 ’1
1654 2671 1754 2727 ipso
1791 2669 1836 2713 R

140 2732 238 2788 ipse
267 2737 475 2777 1213
506 2734 762 2779 cadendum
792 2733 835 2776 R
864 2733 955 2777 ced.
985 2747 1022 2776 r.
1140 2736 1195 2776 18
1226 2736 1376 2776 tutum
1407 2745 1497 2775 om.
1523 2729 1594 2774 ed.
1703 2732 1760 2773 20
1789 2742 1836 2774 se

141 2791 259 2848 ipois
279 2791 317 2835 L
347 2793 403 2838 de
432 2793 548 2849 ipsis
576 2793 619 2836 R
650 2794 712 2850 (se
743 2805 856 2836 corr.
883 2791 1004 2849 ipse)
1033 2805 1080 2836 se
1109 2791 1270 2848 spissis
1298 2805 1323 2834 r
1351 2789 1510 2834 nescio
1542 2801 1604 2832 an
1633 2789 1773 2832 recte.

143 2853 202 2893 22
231 2851 376 2896 studit
406 2853 563 2897 animo
592 2856 796 2910 reyerent
823 2850 912 2894 LR
940 2850 1090 2895 studii
1117 2864 1162 2894 a.
1191 2854 1395 2908 yererent
1423 2864 1448 2893 r
1484 2848 1631 2893 studii
1658 2848 1834 2892 animo·

142 2922 292 3012 {geg
315 2909 360 2953 H
384 2910 456 2954 ed.
486 2917 541 2956 et.
567 2911 723 2956 animo
745 2925 786 2969 9.
814 2909 885 2954 ed
910 2911 1030 2967 post.
1123 2913 1178 2953 23
1210 2923 1263 2953 ea
1293 2922 1410 2965 quae
1440 2907 1512 2952 ed.
1604 2910 1662 2950 24
1692 2910 1836 2951 „latre

300 2983 358 3013 m.
383 2983 483 3014 mea
512 2984 536 3013 r
559 2992 615 3007 =
640 2969 690 3014 L.
813 2973 867 3012 31
902 2969 1144 3024 antiquum
1175 2967 1247 3012 ed.
