2014 3226
745 145 1047 189 AENEIDOS
1081 145 1101 188 Ι
1700 149 1769 200 85

83 288 249 335 vulsae
288 286 433 333 undis
471 301 686 346 euroque
720 289 1003 347 supersunt:
1044 288 1130 348 qui
1161 286 1272 333 vult
1302 285 1524 332 animum
1557 287 1769 336 dolentis

80 361 394 421 conpetenter
445 362 668 407 excutere
718 360 960 421 separatis
1001 360 1208 423 singulis
1249 361 1571 421 pronuntiare
1612 362 1769 422 debet,

83 436 183 494 vix,
241 436 296 480 ut
351 433 631 480 ostenderet
684 449 734 481 se
789 449 972 497 magna
1026 449 1136 481 cum
1193 434 1488 481 difficultate
1543 438 1769 495 evasisse,

79 511 285 570 septem,
340 510 396 554 ut
443 524 499 554 ex
546 523 725 571 magno
773 523 976 555 numero
1025 509 1256 570 exiguum
1307 508 1427 569 quid
1482 514 1769 571 superesset,

35 599 56 632 5
80 582 338 630 convulsae
394 581 540 628 undis
597 597 811 642 euroque
876 585 1164 643 supersunt,
1226 583 1317 629 hoc
1373 584 1447 630 est
1500 582 1769 632 dissolutae

78 655 263 718 duplici
301 655 450 715 malo,
490 656 542 702 vi
580 657 734 702 maris
775 659 825 703 et
862 658 1229 717 tempestatum.
1295 656 1357 703 ad
1398 656 1768 718 adprobandam

77 745 190 778 vero
231 730 569 777 calamitatem
609 745 750 777 suam
790 731 952 777 utitur
991 731 1247 778 occasione
1286 730 1383 777 loci
1428 746 1485 778 ac
1530 732 1768 793 temporis

39 848 42 851 Α
78 803 278 851 dicendo
303 805 408 864 ipse
441 805 661 867 ignotus,
687 804 819 865 quod
851 806 926 852 est
957 805 1010 851 in
1041 804 1186 852 rebus
1218 804 1448 852 humanis
1482 808 1768 866 extremum,

75 880 127 926 in
166 878 341 925 alienis
380 879 527 924 terris
567 878 752 926 nullius
791 878 973 926 habere
1012 878 1260 938 notitiam,
1302 894 1464 941 egens,
1501 880 1632 941 quod
1672 881 1770 927 fuit

22 968 57 1010 ,ο
75 951 385 999 infelicitatis
426 954 763 1014 augmentum,
804 954 846 999 si
886 952 1018 999 enim
1057 969 1155 1000 non
1196 955 1375 1015 egeret,
1418 969 1518 1000 non
1558 957 1686 1002 esset
1725 956 1770 1001 ei

40 1016 42 1020 ’
76 1027 362 1087 cuiusquam
401 1026 585 1074 notitia
624 1027 914 1074 necessaria.
992 1028 1162 1074 iuncta
1200 1027 1358 1090 igitur
1396 1027 1597 1075 fuerunt
1636 1029 1770 1076 mala

75 1100 191 1160 duo,
237 1103 297 1147 ut
342 1100 625 1163 incognitus
680 1102 810 1148 esset
864 1103 913 1148 et
967 1117 1134 1164 egens,
1192 1104 1242 1148 et
1296 1100 1522 1148 additum
1578 1106 1652 1150 est
1706 1102 1769 1149 ad

75 1174 323 1222 cumulum
376 1175 623 1221 malorum
677 1177 734 1221 ut
789 1174 1005 1223 solitudo
1063 1191 1259 1236 quoque
1308 1177 1356 1223 et
1409 1175 1602 1223 deserta
1657 1191 1769 1224 con-

75 1251 346 1308 currerent,
401 1250 458 1295 ut
503 1248 629 1295 nihil
677 1249 741 1296 ad
787 1249 975 1297 victum
1021 1250 1102 1297 vel
1149 1266 1207 1296 ex
1255 1249 1440 1312 agresti
1490 1251 1767 1298 ministerio

27 1337 54 1373 ι
76 1324 358 1384 suppeteret
402 1338 492 1369 nec
538 1323 847 1370 inveniretur
894 1323 1143 1385 quispiam
1190 1325 1278 1384 qui
1316 1325 1547 1371 miserere
1586 1327 1766 1385 posset.

74 1395 272 1458 Europa
320 1398 470 1458 atque
517 1396 640 1445 Asia
686 1398 882 1459 pulsus:
938 1397 1061 1445 duas
1104 1397 1262 1459 partis
1303 1397 1436 1463 orbis
1475 1399 1768 1459 nominavit,

75 1470 132 1518 de
170 1472 322 1519 tertia
359 1474 502 1532 parte
542 1472 796 1532 conticuit,
830 1487 958 1533 quae
990 1471 1190 1520 Africae
1229 1472 1328 1519 fuit
1367 1474 1418 1520 et
1454 1474 1508 1519 in
1539 1474 1651 1534 ipsa
1683 1489 1768 1534 po-

75 1546 197 1592 situs
236 1545 548 1606 loquebatur.

183 1619 419 1667 Dicturus
460 1619 612 1667 etiam
652 1620 754 1667 alia
791 1620 1037 1668 malorum
1078 1635 1281 1668 suorum
1320 1621 1432 1683 fuit,
1473 1620 1571 1680 sed,
1599 1620 1768 1668 Venus

25 1705 55 1755 Q
76 1694 193 1754 quia
243 1696 364 1741 nota
416 1694 594 1741 habuit
646 1695 878 1742 universa
932 1694 1012 1742 vel
1069 1695 1187 1755 quia
1239 1695 1361 1742 haec
1411 1709 1511 1742 non
1556 1694 1771 1742 libenter

41 1814 47 1820 ,
74 1766 358 1828 patiebatur
395 1767 604 1816 ulterius
646 1770 926 1816 enumerari
956 1768 1036 1816 vel
1068 1770 1188 1830 quia
1219 1768 1507 1816 consulendi
1537 1770 1621 1816 via
1654 1771 1769 1816 ante

74 1843 266 1890 noctem
315 1843 481 1889 fuerat
519 1842 840 1903 maturanda,
887 1843 961 1890 ait
997 1857 1084 1890 nec
1112 1843 1269 1902 plura
1309 1846 1580 1902 querentem
1610 1858 1770 1903 passa

83 1915 243 1963 Venus
288 1917 443 1964 medio
490 1918 560 1965 sic
605 1918 840 1976 interfata
883 1917 1045 1964 dolore
1085 1920 1165 1964 est.
1244 1918 1363 1978 quia
1402 1916 1462 1964 de
1501 1917 1770 1965 solitudine

44 2003 132 2036 >ac
184 1988 458 2038 desertione
510 1992 792 2054 regionum,
848 1991 906 2038 de
959 1991 1132 2053 inopia
1187 2006 1383 2053 quoque
1437 1991 1603 2038 fuerat
1657 2007 1770 2039 con-

26 2062 57 2126 3.
79 2065 278 2124 questus
333 2066 383 2112 et
434 2065 744 2129 incognitum
799 2080 903 2113 sese
956 2067 1250 2113 narraverat
1305 2065 1555 2125 omnibus,
1602 2065 1769 2113 Venus

48 2194 49 2201 ἵ
78 2138 290 2186 occurrit
329 2141 380 2186 et
417 2139 470 2186 in
511 2139 738 2187 omnibus
778 2154 1005 2187 securum
1044 2141 1282 2201 praestat.
1323 2141 1542 2199 quisquis
1586 2154 1650 2196 ⁶²3,
1695 2141 1769 2186 in-

31 2211 52 2262 '2
73 2212 206 2272 quit,
259 2215 544 2274 perseverat
597 2213 780 2274 adhuc,
846 2215 991 2275 quasi
1045 2229 1157 2262 cum
1208 2213 1465 2276 incognito
1518 2214 1769 2275 loquatur,

77 2287 219 2346 quasi
257 2287 301 2334 si
339 2286 525 2335 diceret
564 2289 668 2336 sive
699 2286 893 2336 Aeneas
929 2303 979 2335 es
1020 2287 1123 2336 sive
1155 2287 1415 2336 Troianus.
1472 2289 1594 2336 haut
1630 2288 1769 2335 credo

48 2359 262 2408 invisus
315 2360 596 2410 caelestibus
654 2376 809 2410 auras
853 2361 1017 2410 vitalis
1070 2364 1234 2422 carpis
1283 2362 1488 2422 Tyriam
1545 2363 1630 2422 qui
1683 2362 1769 2410 ad-

33 2426 51 2438 ”
78 2435 260 2482 veneris
291 2435 482 2483 urbem:
514 2435 624 2495 diis,
655 2435 836 2497 inquit,
866 2437 1101 2498 propitiis
1134 2438 1331 2484 constat
1358 2438 1408 2484 te
1439 2435 1598 2484 vitam
1628 2437 1769 2483 tuam

77 2504 271 2569 ducere,
318 2508 514 2571 quando
563 2511 679 2571 post
722 2509 921 2558 infinita
967 2510 1175 2558 adversa
1220 2512 1416 2558 visurus
1463 2525 1514 2558 es
1562 2508 1768 2557 Cartha-

76 2580 253 2642 ginem.
330 2582 452 2631 haec
498 2582 758 2631 inserendo
804 2583 978 2645 procul
1024 2583 1174 2632 dubio
1221 2585 1443 2632 omnium
1493 2582 1770 2646 spondebat

62 2743 66 2745 ’
195 2727 221 2766 6
253 2724 603 2780 approbandum
634 2724 707 2768 ed.
824 2727 880 2767 10
912 2729 1230 2782 aryume‘ntum
1262 2724 1334 2768 ed.
1459 2729 1512 2768 12
1544 2729 1654 2769 esset
1682 2723 1769 2766 LR

18 2806 21 2810 Δ
77 2778 236 2834 fuisset
258 2782 328 2826 ed.
424 2787 480 2826 14
503 2784 757 2828 ministerio
780 2783 869 2826 ΕΒ,
890 2784 1139 2828 solitudine
1161 2783 1234 2827 ed.
1329 2788 1384 2828 15
1407 2783 1611 2828 misereri
1634 2782 1707 2826 ed.

67 2841 135 2906 ,13³
161 2839 310 2885 Venus
332 2855 421 2885 om.
440 2842 523 2886 edI
551 2856 796 2887 sermonem
819 2843 1069 2899 interrupit
1088 2843 1157 2886 vel
1179 2842 1398 2900 interpol.
1417 2842 1526 2886 edF.
1619 2846 1676 2885 24
1699 2855 1768 2910 re—

126 2910 263 2943 omum
284 2899 372 2944 LR
400 2902 694 2959 naviyiorum
717 2902 796 2946 ed.
890 2905 946 2945 28
977 2903 1020 2946 si
1042 2915 1130 2946 om.
1149 2901 1220 2946 ed.
1314 2906 1370 2945 29
1395 2902 1508 2958 quia
1531 2901 1769 2946 adveneras

74 2980 80 2990 ·
122 2955 165 3000 R
187 2971 300 3002 corr.
325 2974 360 3003 r.
454 2965 509 3004 32
543 2962 746 3005 omnium
778 2974 866 3005 om.
900 2973 1055 3006 eorum
1083 2962 1193 3018 post
1222 2962 1428 3017 effectum
1457 2959 1772 3020 interpolaed„
