2014 3226
822 200 1122 245 AENEIDos
1156 203 1194 244 v
1750 211 1852 261 451

178 343 421 395 auratam,
454 354 600 398 quam
630 340 853 398 plurima
892 343 1072 388 circum
1101 358 1333 402 purpura
1364 346 1640 393 Elaeamlro
1684 349 1865 407 duplici

176 414 419 461 Meliboea
474 415 686 460 cucurrit
742 416 1036 472 interiusque
1081 431 1209 474 puer
1262 418 1496 477 frondosa
1552 422 1711 479 rvyius
1766 423 1861 469 Icla

176 489 348 535 velocis
377 486 536 534 iaculo
570 501 731 535 cervos
764 502 999 545 cursuque
1030 491 1206 548 sati-(fat
1238 507 1360 546 acer,
1393 494 1642 540 anhelanti
1673 497 1861 545 similis.

177 576 314 620 quem
352 575 562 620 praepes
609 562 670 607 ab
710 561 809 608 Ida
855 563 1106 609 sublimem
1148 566 1355 622 pedibus
1395 569 1559 625 rapuit
1597 568 1731 615 Iovis
1770 584 1847 616 ar·
1866 575 1951 614 ‘255

131 648 151 679 5
176 637 328 695 miyer
358 636 520 682 uncis:
556 635 776 693 loreyaevi
798 635 999 694 palmas
1028 640 1343 696 nequicquam
1376 641 1440 686 ad
1470 641 1633 687 sidera
1667 643 1864 689 tendunt

176 710 392 756 custodes
421 710 664 767 saevitque
696 724 872 755 eanum
903 710 1111 757 latratus
1142 714 1193 757 in
1226 727 1400 760 auras:
1441 713 1547 761 laus
1588 715 1861 777 chlamydis

176 782 309 829 dicta
364 785 439 830 est
491 785 694 844 propter
746 782 981 830 honorem
1037 784 1199 832 dantis
1256 788 1579 848 meritumque
1644 790 1860 849 victoris,

180 857 415 904 laudatae
462 858 647 918 species
697 856 873 917 quibus
920 858 1010 904 illa
1057 860 1279 906 confecta
1319 863 1412 919 est,
1464 877 1637 908 aurum
1678 863 1865 911 scilicet

176 932 428 992 copiosum
484 933 533 978 et
586 946 810 992 purpura
856 933 1095 992 pretiosa,
1155 948 1231 980 ars
1280 949 1474 994 quoque
1522 938 1570 982 et
1618 936 1861 984 artificum

108 1018 150 1050 10
174 1017 371 1064 manus,
427 1006 515 1065 qui
560 1005 825 1051 veritatem
872 1006 942 1053 sic
991 1007 1188 1052 fuerant
1234 1008 1440 1067 imitati,
1496 1011 1552 1055 ut
1599 1013 1763 1057 mutae
1812 1013 1861 1057 et

173 1079 467 1126 inanimales
506 1079 694 1126 formae
733 1080 899 1126 vivere
940 1095 995 1126 ac
1035 1082 1222 1127 moveri
1262 1081 1558 1129 viderentur.
1627 1082 1678 1129 in
1719 1099 1858 1145 prae-

172 1154 385 1199 miorum
433 1154 599 1199 autem
647 1152 948 1200 liberalitate
992 1154 1162 1201 multis
1203 1155 1466 1217 generibus
1506 1155 1715 1219 largitor
1752 1158 1858 1219 ipse

172 1226 428 1285 laudatur,
478 1227 564 1287 qui
611 1225 790 1274 habere
838 1228 963 1275 talia
1011 1229 1229 1289 potuerit
1267 1229 1346 1275 vel
1386 1229 1579 1276 donare.
1657 1232 1709 1278 in
1748 1232 1859 1292 ipsa

173 1300 439 1348 donatione
481 1299 820 1348 consideratur
850 1300 1046 1349 Aeneae
1085 1301 1246 1363 pietas
1284 1303 1423 1350 iuxta
1462 1307 1719 1364 paternam
1757 1321 1856 1352 me-

106 1388 148 1420 15
172 1375 405 1435 moriam,
461 1375 698 1435 quoniam
753 1374 814 1422 ob
871 1377 973 1422 eius
1027 1375 1450 1424 honorificentiam
1510 1378 1641 1424 tanti
1694 1380 1858 1426 meriti

171 1464 377 1496 munera
423 1448 751 1496 donabantur.
828 1451 881 1496 in
927 1449 1019 1497 hac
1065 1450 1222 1512 igitur
1268 1449 1524 1511 chlamyde
1571 1454 1741 1511 raptus
1793 1452 1856 1500 ad

172 1523 363 1569 caelum
418 1538 506 1584 per
561 1523 783 1584 aquilam
839 1522 1144 1584 Ganymedes
1207 1523 1487 1584 videbatur,
1551 1525 1857 1586 apparebant

173 1611 316 1644 canes
355 1599 705 1658 persequentes
737 1596 1002 1646 latratibus
1035 1597 1302 1656 dominum,
1337 1614 1478 1659 quem
1513 1597 1613 1645 iam
1643 1600 1693 1645 in
1728 1600 1855 1647 aeris

172 1670 484 1718 altitudinem
524 1673 726 1732 raptum
757 1671 967 1719 liberare
999 1688 1096 1719 non
1128 1674 1372 1732 poterant,
1405 1672 1626 1719 custodes
1661 1688 1854 1734 quoque

103 1758 146 1790 20
171 1746 242 1792 sic
295 1745 552 1792 tendentes
606 1761 784 1793 manus
839 1745 903 1792 ad
957 1745 1139 1805 sidera,
1194 1747 1336 1806 quasi
1389 1746 1599 1792 retinere
1654 1748 1855 1807 possent

171 1834 318 1880 quem
362 1818 664 1867 fortissimae
713 1820 849 1868 alitis
895 1822 1092 1867 tenaces
1132 1819 1383 1881 amplexus
1422 1820 1624 1866 innoxia
1662 1819 1852 1867 subtili·

168 1894 274 1940 tate
316 1893 600 1954 portabant.
678 1897 731 1941 at
766 1895 851 1953 qui
888 1894 1059 1941 deinde
1097 1894 1253 1940 locum
1291 1895 1442 1941 tenuit
1477 1894 1651 1941 virtute
1687 1907 1848 1941 secun-

169 1967 287 2014 dam
317 1967 501 2015 levibus
532 1968 645 2015 haic
674 1968 834 2015 hamis
866 1971 1131 2015 consertam
1159 1981 1373 2026 auroque
1396 1967 1598 2014 trilicem
1622 1966 1836 2015 loricam.
1856 1967 1943 2008 260

169 2057 322 2088 unum
361 2056 514 2104 genus
552 2041 730 2102 laudis,
765 2041 941 2099 hamis,
971 2041 1153 2103 inquit,
1183 2040 1373 2088 levibus
1413 2040 1503 2087 hoc
1543 2043 1618 2088 est
1647 2042 1852 2088 minutis

102 2127 144 2159 25
169 2117 218 2162 et
273 2116 409 2163 omni
462 2114 741 2164 subtilitate
793 2116 1025 2177 perfectis
1085 2115 1249 2162 fuerat
1302 2129 1448 2174 nexa,
1508 2116 1645 2162 texta
1699 2114 1852 2162 trilici

169 2203 313 2250 opere
353 2191 417 2250 et,
456 2205 583 2251 quae
623 2191 699 2237 est
738 2188 951 2238 secunda
988 2188 1227 2248 laudatio,
1271 2187 1489 2236 admixto
1530 2203 1650 2244 auro
1689 2187 1848 2250 splen-

167 2262 300 2311 dens.
378 2278 487 2312 eece
527 2266 576 2311 et
614 2264 759 2311 fortis
798 2264 896 2311 fuit
934 2266 983 2311 et
1020 2262 1242 2325 pulchra,
1279 2262 1504 2323 sequitur
1542 2260 1680 2309 aliud
1719 2260 1851 2323 quod

165 2336 257 2384 illa
294 2338 462 2385 omnia
497 2337 792 2386 cumularet:
832 2352 978 2397 quam
1007 2337 1235 2384 Demoleo
1266 2336 1541 2384 detraxerat
1568 2337 1671 2395 ipse
1703 2337 1853 2383 victor

166 2411 302 2470 apud
339 2412 574 2472 rapidum
610 2410 857 2460 Simoenta
893 2411 982 2458 sub
1021 2411 1120 2458 Ilio
1159 2410 1270 2458 alto.
1344 2409 1486 2471 hanc,
1525 2423 1637 2456 cum
1670 2407 1848 2456 Demo-

285 2541 312 2580 5
343 2537 536 2582 tendunt
565 2537 654 2581 LR
684 2538 852 2582 tollunt
882 2536 952 2580 ed.
1060 2539 1086 2580 8
1119 2535 1311 2580 laudata
1342 2533 1428 2578 LR
1458 2533 1621 2579 laudat
1649 2532 1743 2577 ΗΠ
1774 2532 1846 2576 ed.

165 2595 384 2640 laudatae
419 2609 519 2640 nos.
673 2601 725 2640 11
766 2595 1041 2640 inanimales
1075 2593 1111 2638 L
1150 2593 1371 2638 animales
1407 2593 1450 2637 R
1487 2605 1600 2637 corr.
1630 2606 1656 2635 1·
1692 2592 1846 2635 inani·

164 2659 313 2700 matae
344 2654 415 2699 ed.
510 2659 565 2699 13
594 2656 775 2700 haberet
805 2655 903 2700 alia
928 2654 1098 2710 poterit
1125 2653 1193 2698 vel
1223 2653 1393 2698 donare
1415 2651 1451 2695 L
1480 2651 1640 2696 habere
1666 2650 1782 2695 talia
1803 2649 1846 2693 R

157 2714 362 2769 potum-it
389 2729 414 2758 ι·
450 2715 626 2759 temere
664 2715 778 2759 mut.
811 2713 882 2757 ed.
1006 2717 1062 2756 14
1086 2713 1238 2768 pietas
1269 2711 1401 2757 deest
1430 2710 1479 2755 in
1510 2709 1595 2754 LR.
1633 2707 1738 2752 add.
1771 2707 1844 2753 ed.

164 2772 206 2829 (r
233 2772 285 2816 in
314 2786 462 2831 marg.
489 2773 683 2831 largitas
711 2772 785 2818 vel
814 2785 966 2828 neque
997 2770 1249 2828 adscripsit
1271 2770 1414 2815 aliam
1442 2768 1783 2835 coniecturam).
1837 2825 1847 2835 ⁶

167 2835 339 2876 16—17
372 2833 435 2876 ad
464 2833 587 2878 caelo
617 2832 654 2876 L
685 2833 748 2877 ad
777 2833 950 2878 caelum
980 2830 1022 2874 R
1052 2830 1115 2875 ad
1144 2830 1290 2875 caelos
1318 2828 1413 2873 ΗΠ
1444 2828 1515 2873 ed.
1617 2826 1673 2870 2⁶
1705 2825 1844 2871 mlie-

163 2889 200 2934 L
230 2891 407 2948 triplici
434 2891 488 2935 R.
593 2896 650 2936 26
681 2905 797 2949 quae
819 2890 907 2934 LR
929 2889 1000 2934 ed.
1025 2893 1067 2934 et
1096 2902 1213 2946 quae
1241 2902 1340 2942 noe,
1395 2886 1477 2931 uia
1507 2884 1711 2930 secunda
1739 2883 1845 2929 laun

162 2949 321 3006 posita
367 2951 439 2995 est
483 2950 535 2995 in
576 2963 711 3006 auro,
756 2950 811 2993 ut
848 2948 992 2994 etiam
1029 2961 1087 2992 ex
1123 2947 1314 3004 interpr.
1348 2958 1376 2990 a
1448 2949 1532 2989 262
1572 2945 1782 3002 apparet.

165 3013 222 3053 28
253 3023 390 3065 quam
421 3009 510 3054 LR
539 3010 716 3066 qualem
748 3008 819 3053 ed.
949 3011 1005 3052 29
1035 3008 1235 3053 simonta
1265 3005 1312 3050 L.

1403 3077 1490 3122 29·
