<?xml version="1.0" encoding="UTF-8"?>
<!DOCTYPE html PUBLIC "-//W3C//DTD XHTML 1.0 Transitional//EN"
    "http://www.w3.org/TR/xhtml1/DTD/xhtml1-transitional.dtd">
<html xmlns="http://www.w3.org/1999/xhtml" xml:lang="en" lang="en">
 <head>
  <title>
</title>
<meta http-equiv="Content-Type" content="text/html;charset=utf-8" />
  <meta name='ocr-system' content='tesseract 3.04.00' />
  <meta name='ocr-capabilities' content='ocr_page ocr_carea ocr_par ocr_line ocrx_word'/>
</head>
<body>
  <div class='ocr_page' id='page_1' title='image "./interpretationes01donauoft_0428.png"; bbox 0 0 2014 3226; ppageno 0'>
   <div class='ocr_carea' id='block_1_1' title="bbox 1914 0 2014 3030">
    <p class='ocr_par' dir='ltr' id='par_1_1' title="bbox 1914 0 2014 3030">
     <span class='ocr_line' id='line_1_1' title="bbox 1990 0 2014 467; baseline 0 -72"><span class='ocrx_word' id='word_1_1' title='bbox 1990 0 2014 467; x_wconf 95' lang='lat' dir='ltr'>   </span> 
     </span>
     <span class='ocr_line' id='line_1_2' title="bbox 1986 467 2014 692; baseline 0 -75"><span class='ocrx_word' id='word_1_2' title='bbox 1986 467 2014 692; x_wconf 95' lang='lat' dir='ltr'>   </span> 
     </span>
     <span class='ocr_line' id='line_1_3' title="bbox 1994 714 2014 1010; baseline 0 -171"><span class='ocrx_word' id='word_1_3' title='bbox 1994 714 2014 1010; x_wconf 95' lang='lat' dir='ltr'>    </span> 
     </span>
     <span class='ocr_line' id='line_1_4' title="bbox 1997 1010 2014 1279; baseline 0 -145"><span class='ocrx_word' id='word_1_4' title='bbox 1997 1010 2014 1279; x_wconf 95' lang='lat' dir='ltr'>   </span> 
     </span>
     <span class='ocr_line' id='line_1_5' title="bbox 1998 1279 2014 1354; baseline 0 1872"><span class='ocrx_word' id='word_1_5' title='bbox 1998 1279 2014 1354; x_wconf 95' lang='lat' dir='ltr'> </span> 
     </span>
     <span class='ocr_line' id='line_1_6' title="bbox 1956 1354 2014 1644; baseline 0 -70"><span class='ocrx_word' id='word_1_6' title='bbox 1956 1354 2014 1644; x_wconf 95' lang='lat' dir='ltr'>    </span> 
     </span>
     <span class='ocr_line' id='line_1_7' title="bbox 1944 1644 2014 1749; baseline 0 -43"><span class='ocrx_word' id='word_1_7' title='bbox 1944 1644 2014 1749; x_wconf 95' lang='lat' dir='ltr'>  </span> 
     </span>
     <span class='ocr_line' id='line_1_8' title="bbox 1944 1749 2014 1949; baseline 0 -151"><span class='ocrx_word' id='word_1_8' title='bbox 1944 1749 2014 1949; x_wconf 95' lang='lat' dir='ltr'>   </span> 
     </span>
     <span class='ocr_line' id='line_1_9' title="bbox 1916 1949 2014 2097; baseline 0 -76"><span class='ocrx_word' id='word_1_9' title='bbox 1916 1949 2014 2097; x_wconf 95' lang='lat' dir='ltr'>  </span> 
     </span>
     <span class='ocr_line' id='line_1_10' title="bbox 1916 2097 2014 2320; baseline 0 -57"><span class='ocrx_word' id='word_1_10' title='bbox 1916 2097 2014 2320; x_wconf 95' lang='lat' dir='ltr'>   </span> 
     </span>
     <span class='ocr_line' id='line_1_11' title="bbox 1914 2346 2014 2615; baseline 0 -73"><span class='ocrx_word' id='word_1_11' title='bbox 1914 2346 2014 2615; x_wconf 95' lang='lat' dir='ltr'>   </span> 
     </span>
     <span class='ocr_line' id='line_1_12' title="bbox 1916 2615 2014 3030; baseline 0 0"><span class='ocrx_word' id='word_1_12' title='bbox 1916 2615 2014 3030; x_wconf 95' lang='lat' dir='ltr'>    </span> 
     </span>
    </p>
   </div>
   <div class='ocr_carea' id='block_1_2' title="bbox 213 162 1430 217">
    <p class='ocr_par' dir='ltr' id='par_1_2' title="bbox 213 162 1430 217">
     <span class='ocr_line' id='line_1_13' title="bbox 213 162 1430 217; baseline -0.003 -6"><span class='ocrx_word' id='word_1_13' title='bbox 213 165 280 216; x_wconf 82' lang='lat'>37</span> <span class='ocrx_word' id='word_1_14' title='bbox 289 165 319 217; x_wconf 83' lang='lat'>8</span> <span class='ocrx_word' id='word_1_15' title='bbox 679 163 910 207; x_wconf 85' lang='lat' dir='ltr'><strong>DONATI</strong></span> <span class='ocrx_word' id='word_1_16' title='bbox 941 163 1005 205; x_wconf 84' lang='lat' dir='ltr'>IN</span> <span class='ocrx_word' id='word_1_17' title='bbox 1009 163 1219 206; x_wconf 77' lang='lat' dir='ltr'>TERPR.</span> <span class='ocrx_word' id='word_1_18' title='bbox 1253 162 1430 207; x_wconf 79' lang='lat' dir='ltr'><strong>VERG.</strong></span> 
     </span>
    </p>
   </div>
   <div class='ocr_carea' id='block_1_3' title="bbox 121 302 2005 2659">
    <p class='ocr_par' dir='ltr' id='par_1_3' title="bbox 121 302 2005 2659">
     <span class='ocr_line' id='line_1_14' title="bbox 213 302 1958 364; baseline 0 -13"><span class='ocrx_word' id='word_1_19' title='bbox 213 306 286 352; x_wconf 89' lang='lat' dir='ltr'>ait</span> <span class='ocrx_word' id='word_1_20' title='bbox 331 306 450 351; x_wconf 89' lang='lat' dir='ltr'>haec</span> <span class='ocrx_word' id='word_1_21' title='bbox 495 304 681 364; x_wconf 83' lang='lat' dir='ltr'>passim</span> <span class='ocrx_word' id='word_1_22' title='bbox 721 302 811 349; x_wconf 88' lang='lat' dir='ltr'>dea</span> <span class='ocrx_word' id='word_1_23' title='bbox 851 302 995 349; x_wconf 86' lang='lat' dir='ltr'>foeda</span> <span class='ocrx_word' id='word_1_24' title='bbox 1035 302 1195 349; x_wconf 83' lang='lat' dir='ltr'>virum</span> <span class='ocrx_word' id='word_1_25' title='bbox 1244 302 1478 350; x_wconf 88' lang='lat' dir='ltr'>diffundit</span> <span class='ocrx_word' id='word_1_26' title='bbox 1518 303 1568 349; x_wconf 88' lang='lat' dir='ltr'>in</span> <span class='ocrx_word' id='word_1_27' title='bbox 1609 319 1709 351; x_wconf 80' lang='lat' dir='ltr'>ora,</span> <span class='ocrx_word' id='word_1_28' title='bbox 1786 304 1900 351; x_wconf 91' lang='lat' dir='ltr'>huic</span> <span class='ocrx_word' id='word_1_29' title='bbox 1955 302 1958 304; x_wconf 61' lang='grc'>’</span> 
     </span>
     <span class='ocr_line' id='line_1_15' title="bbox 214 376 1902 437; baseline 0 -12"><span class='ocrx_word' id='word_1_30' title='bbox 214 377 405 425; x_wconf 76' lang='lat' dir='ltr'><strong>addidit</strong></span> <span class='ocrx_word' id='word_1_31' title='bbox 444 380 492 424; x_wconf 90' lang='lat' dir='ltr'>et</span> <span class='ocrx_word' id='word_1_32' title='bbox 533 392 711 437; x_wconf 92' lang='lat' dir='ltr'>corpus</span> <span class='ocrx_word' id='word_1_33' title='bbox 752 379 799 423; x_wconf 91' lang='lat' dir='ltr'>et</span> <span class='ocrx_word' id='word_1_34' title='bbox 840 376 1057 437; x_wconf 88' lang='lat' dir='ltr'>corporis</span> <span class='ocrx_word' id='word_1_35' title='bbox 1096 377 1436 424; x_wconf 79' lang='lat' dir='ltr'>incredibilem</span> <span class='ocrx_word' id='word_1_36' title='bbox 1475 377 1806 424; x_wconf 72' lang='lat' dir='ltr'>mobilitatem</span> <span class='ocrx_word' id='word_1_37' title='bbox 1852 380 1902 425; x_wconf 89' lang='lat' dir='ltr'>et</span> 
     </span>
     <span class='ocr_line' id='line_1_16' title="bbox 213 450 1901 512; baseline 0 -14"><span class='ocrx_word' id='word_1_38' title='bbox 213 452 568 512; x_wconf 78' lang='lat' dir='ltr'>loquacitatem</span> <span class='ocrx_word' id='word_1_39' title='bbox 607 451 727 498; x_wconf 90' lang='lat' dir='ltr'>satis</span> <span class='ocrx_word' id='word_1_40' title='bbox 769 450 972 497; x_wconf 87' lang='lat' dir='ltr'>effusam</span> <span class='ocrx_word' id='word_1_41' title='bbox 1011 450 1233 511; x_wconf 88' lang='lat' dir='ltr'>nihilque</span> <span class='ocrx_word' id='word_1_42' title='bbox 1273 451 1628 511; x_wconf 79' lang='lat' dir='ltr'>occultantem,</span> <span class='ocrx_word' id='word_1_43' title='bbox 1667 451 1759 499; x_wconf 91' lang='lat' dir='ltr'>hoc</span> <span class='ocrx_word' id='word_1_44' title='bbox 1799 466 1901 498; x_wconf 90' lang='lat' dir='ltr'>am-</span> 
     </span>
     <span class='ocr_line' id='line_1_17' title="bbox 211 523 1902 586; baseline -0.001 -14"><span class='ocrx_word' id='word_1_45' title='bbox 211 527 341 586; x_wconf 91' lang='lat' dir='ltr'>plius</span> <span class='ocrx_word' id='word_1_46' title='bbox 396 528 452 571; x_wconf 90' lang='lat' dir='ltr'>ut</span> <span class='ocrx_word' id='word_1_47' title='bbox 505 540 604 571; x_wconf 91' lang='lat' dir='ltr'>non</span> <span class='ocrx_word' id='word_1_48' title='bbox 657 526 855 570; x_wconf 89' lang='lat' dir='ltr'>tantum</span> <span class='ocrx_word' id='word_1_49' title='bbox 908 523 1134 571; x_wconf 86' lang='lat' dir='ltr'>veritatis</span> <span class='ocrx_word' id='word_1_50' title='bbox 1183 526 1248 571; x_wconf 86' lang='lat' dir='ltr'>sit</span> <span class='ocrx_word' id='word_1_51' title='bbox 1294 526 1470 571; x_wconf 88' lang='lat' dir='ltr'>nuntia</span> <span class='ocrx_word' id='word_1_52' title='bbox 1521 541 1694 571; x_wconf 81' lang='lat' dir='ltr'>verum</span> <span class='ocrx_word' id='word_1_53' title='bbox 1749 525 1902 572; x_wconf 88' lang='lat' dir='ltr'>etiam</span> 
     </span>
     <span class='ocr_line' id='line_1_18' title="bbox 211 598 1975 661; baseline -0.001 -14"><span class='ocrx_word' id='word_1_54' title='bbox 211 601 340 647; x_wconf 80' lang='lat' dir='ltr'>veris</span> <span class='ocrx_word' id='word_1_55' title='bbox 380 599 507 645; x_wconf 84' lang='lat' dir='ltr'>falsa</span> <span class='ocrx_word' id='word_1_56' title='bbox 547 598 881 657; x_wconf 80' lang='lat' dir='ltr'>commisceat3</span> <span class='ocrx_word' id='word_1_57' title='bbox 936 598 1078 644; x_wconf 91' lang='lat' dir='ltr'>illam</span> <span class='ocrx_word' id='word_1_58' title='bbox 1116 600 1326 646; x_wconf 86' lang='lat' dir='ltr'>monstri</span> <span class='ocrx_word' id='word_1_59' title='bbox 1365 614 1466 646; x_wconf 85' lang='lat' dir='ltr'>esse</span> <span class='ocrx_word' id='word_1_60' title='bbox 1508 614 1682 661; x_wconf 87' lang='lat' dir='ltr'>genus,</span> <span class='ocrx_word' id='word_1_61' title='bbox 1730 601 1900 646; x_wconf 86' lang='lat' dir='ltr'>natam</span> <span class='ocrx_word' id='word_1_62' title='bbox 1946 613 1975 656; x_wconf 53' lang='lat' dir='ltr'>a:</span> 
     </span>
     <span class='ocr_line' id='line_1_19' title="bbox 212 661 1973 735; baseline 0 -15"><span class='ocrx_word' id='word_1_63' title='bbox 212 689 268 720; x_wconf 86' lang='lat' dir='ltr'>ex</span> <span class='ocrx_word' id='word_1_64' title='bbox 302 673 452 719; x_wconf 88' lang='lat' dir='ltr'>Terra</span> <span class='ocrx_word' id='word_1_65' title='bbox 485 688 596 719; x_wconf 88' lang='lat' dir='ltr'>cum</span> <span class='ocrx_word' id='word_1_66' title='bbox 630 671 941 733; x_wconf 82' lang='lat' dir='ltr'>Gigantibus,</span> <span class='ocrx_word' id='word_1_67' title='bbox 981 672 1152 719; x_wconf 84' lang='lat' dir='ltr'>volatu</span> <span class='ocrx_word' id='word_1_68' title='bbox 1193 672 1387 719; x_wconf 88' lang='lat' dir='ltr'>alarum</span> <span class='ocrx_word' id='word_1_69' title='bbox 1426 672 1591 735; x_wconf 87' lang='lat' dir='ltr'>vigere</span> <span class='ocrx_word' id='word_1_70' title='bbox 1632 676 1682 720; x_wconf 91' lang='lat' dir='ltr'>et</span> <span class='ocrx_word' id='word_1_71' title='bbox 1719 672 1901 734; x_wconf 88' lang='lat' dir='ltr'>pedum</span> <span class='ocrx_word' id='word_1_72' title='bbox 1965 661 1973 687; x_wconf 43' lang='grc' dir='ltr'><em>Ξ</em></span> 
     </span>
     <span class='ocr_line' id='line_1_20' title="bbox 212 745 1900 808; baseline -0.001 -14"><span class='ocrx_word' id='word_1_73' title='bbox 212 748 485 805; x_wconf 86' lang='lat' dir='ltr'>celeritate,</span> <span class='ocrx_word' id='word_1_74' title='bbox 535 745 729 792; x_wconf 89' lang='lat' dir='ltr'>aurium</span> <span class='ocrx_word' id='word_1_75' title='bbox 778 761 974 806; x_wconf 84' lang='lat' dir='ltr'>quoque</span> <span class='ocrx_word' id='word_1_76' title='bbox 1016 761 1160 793; x_wconf 86' lang='lat' dir='ltr'>sensu</span> <span class='ocrx_word' id='word_1_77' title='bbox 1200 750 1249 793; x_wconf 91' lang='lat' dir='ltr'>et</span> <span class='ocrx_word' id='word_1_78' title='bbox 1289 746 1443 794; x_wconf 89' lang='lat' dir='ltr'>oculis</span> <span class='ocrx_word' id='word_1_79' title='bbox 1485 762 1635 807; x_wconf 88' lang='lat' dir='ltr'>quam</span> <span class='ocrx_word' id='word_1_80' title='bbox 1674 745 1900 808; x_wconf 87' lang='lat' dir='ltr'>plurimis</span> 
     </span>
     <span class='ocr_line' id='line_1_21' title="bbox 212 819 1900 883; baseline 0 -16"><span class='ocrx_word' id='word_1_81' title='bbox 212 836 404 880; x_wconf 88' lang='lat' dir='ltr'>semper</span> <span class='ocrx_word' id='word_1_82' title='bbox 443 820 749 881; x_wconf 86' lang='lat' dir='ltr'>vigilantem,</span> <span class='ocrx_word' id='word_1_83' title='bbox 781 820 1068 881; x_wconf 82' lang='lat' dir='ltr'>loquentem</span> <span class='ocrx_word' id='word_1_84' title='bbox 1107 820 1336 880; x_wconf 84' lang='lat' dir='ltr'>plurimis</span> <span class='ocrx_word' id='word_1_85' title='bbox 1375 819 1575 883; x_wconf 88' lang='lat' dir='ltr'>linguis,</span> <span class='ocrx_word' id='word_1_86' title='bbox 1608 820 1744 867; x_wconf 90' lang='lat' dir='ltr'>nullo</span> <span class='ocrx_word' id='word_1_87' title='bbox 1777 823 1900 867; x_wconf 85' lang='lat' dir='ltr'>tem-</span> 
     </span>
     <span class='ocr_line' id='line_1_22' title="bbox 209 893 1900 955; baseline 0 -15"><span class='ocrx_word' id='word_1_88' title='bbox 209 910 327 955; x_wconf 87' lang='lat' dir='ltr'>pore</span> <span class='ocrx_word' id='word_1_89' title='bbox 375 893 639 940; x_wconf 84' lang='lat' dir='ltr'>habentem</span> <span class='ocrx_word' id='word_1_90' title='bbox 684 893 928 954; x_wconf 83' lang='lat' dir='ltr'>requiem,</span> <span class='ocrx_word' id='word_1_91' title='bbox 980 896 1130 942; x_wconf 89' lang='lat' dir='ltr'>noctu</span> <span class='ocrx_word' id='word_1_92' title='bbox 1178 894 1360 955; x_wconf 89' lang='lat' dir='ltr'>diuque</span> <span class='ocrx_word' id='word_1_93' title='bbox 1408 894 1703 941; x_wconf 86' lang='lat' dir='ltr'>volitantem</span> <span class='ocrx_word' id='word_1_94' title='bbox 1750 896 1900 955; x_wconf 87' lang='lat' dir='ltr'>atque</span> 
     </span>
     <span class='ocr_line' id='line_1_23' title="bbox 210 967 1968 1031; baseline 0.001 -16"><span class='ocrx_word' id='word_1_95' title='bbox 210 970 499 1027; x_wconf 87' lang='lat' dir='ltr'>currentem,</span> <span class='ocrx_word' id='word_1_96' title='bbox 527 967 863 1028; x_wconf 82' lang='lat' dir='ltr'>explorantem</span> <span class='ocrx_word' id='word_1_97' title='bbox 898 967 956 1014; x_wconf 88' lang='lat' dir='ltr'>de</span> <span class='ocrx_word' id='word_1_98' title='bbox 990 967 1193 1015; x_wconf 88' lang='lat' dir='ltr'>summis</span> <span class='ocrx_word' id='word_1_99' title='bbox 1226 968 1346 1015; x_wconf 90' lang='lat' dir='ltr'>locis</span> <span class='ocrx_word' id='word_1_100' title='bbox 1380 967 1499 1029; x_wconf 88' lang='lat' dir='ltr'>quid</span> <span class='ocrx_word' id='word_1_101' title='bbox 1532 968 1717 1031; x_wconf 87' lang='lat' dir='ltr'>singuli</span> <span class='ocrx_word' id='word_1_102' title='bbox 1749 970 1901 1030; x_wconf 87' lang='lat' dir='ltr'>agant</span> <span class='ocrx_word' id='word_1_103' title='bbox 1927 985 1968 1017; x_wconf 79' lang='lat' dir='ltr'>iu</span> 
     </span>
     <span class='ocr_line' id='line_1_24' title="bbox 209 1041 1989 1103; baseline 0.001 -16"><span class='ocrx_word' id='word_1_104' title='bbox 209 1041 390 1102; x_wconf 80' lang='lat' dir='ltr'>quidve</span> <span class='ocrx_word' id='word_1_105' title='bbox 444 1042 736 1102; x_wconf 85' lang='lat' dir='ltr'>loquantur,</span> <span class='ocrx_word' id='word_1_106' title='bbox 790 1041 902 1102; x_wconf 91' lang='lat' dir='ltr'>plus</span> <span class='ocrx_word' id='word_1_107' title='bbox 954 1057 1110 1102; x_wconf 85' lang='lat' dir='ltr'>prava</span> <span class='ocrx_word' id='word_1_108' title='bbox 1159 1044 1208 1089; x_wconf 87' lang='lat' dir='ltr'>et</span> <span class='ocrx_word' id='word_1_109' title='bbox 1253 1041 1369 1089; x_wconf 85' lang='lat' dir='ltr'>ficta</span> <span class='ocrx_word' id='word_1_110' title='bbox 1417 1057 1568 1103; x_wconf 88' lang='lat' dir='ltr'>quam</span> <span class='ocrx_word' id='word_1_111' title='bbox 1614 1057 1732 1089; x_wconf 82' lang='lat' dir='ltr'>vera</span> <span class='ocrx_word' id='word_1_112' title='bbox 1779 1058 1900 1088; x_wconf 84' lang='lat' dir='ltr'>nun·</span> <span class='ocrx_word' id='word_1_113' title='bbox 1988 1094 1989 1098; x_wconf 10' lang='grc' dir='ltr'><strong>Ἰ</strong></span> 
     </span>
     <span class='ocr_line' id='line_1_25' title="bbox 208 1115 1991 1175; baseline 0 -13"><span class='ocrx_word' id='word_1_114' title='bbox 208 1116 430 1162; x_wconf 88' lang='lat' dir='ltr'>tiantem.</span> <span class='ocrx_word' id='word_1_115' title='bbox 514 1115 697 1162; x_wconf 88' lang='lat' dir='ltr'>idcirco</span> <span class='ocrx_word' id='word_1_116' title='bbox 754 1115 877 1162; x_wconf 83' lang='lat' dir='ltr'>dixit</span> <span class='ocrx_word' id='word_1_117' title='bbox 931 1117 1069 1163; x_wconf 72' lang='lat' dir='ltr'>illam</span> <span class='ocrx_word' id='word_1_118' title='bbox 1126 1117 1282 1163; x_wconf 81' lang='lat' dir='ltr'>Terra</span> <span class='ocrx_word' id='word_1_119' title='bbox 1327 1130 1515 1175; x_wconf 72' lang='lat' dir='ltr'>parens</span> <span class='ocrx_word' id='word_1_120' title='bbox 1568 1117 1646 1163; x_wconf 77' lang='lat' dir='ltr'>ira</span> <span class='ocrx_word' id='word_1_121' title='bbox 1699 1116 1901 1163; x_wconf 73' lang='lat' dir='ltr'>inritata</span> <span class='ocrx_word' id='word_1_122' title='bbox 1988 1135 1991 1162; x_wconf 69' lang='lat'>3</span> 
     </span>
     <span class='ocr_line' id='line_1_26' title="bbox 209 1179 1991 1252; baseline 0 -15"><span class='ocrx_word' id='word_1_123' title='bbox 209 1189 407 1237; x_wconf 82' lang='lat' dir='ltr'>deorum</span> <span class='ocrx_word' id='word_1_124' title='bbox 446 1194 720 1244; x_wconf 66' lang='lat' dir='ltr'>eatremam,</span> <span class='ocrx_word' id='word_1_125' title='bbox 758 1193 812 1236; x_wconf 78' lang='lat' dir='ltr'>ut</span> <span class='ocrx_word' id='word_1_126' title='bbox 840 1191 1109 1249; x_wconf 75' lang='lat' dir='ltr'>perhibent,</span> <span class='ocrx_word' id='word_1_127' title='bbox 1153 1190 1271 1238; x_wconf 81' lang='lat' dir='ltr'>Coeo</span> <span class='ocrx_word' id='word_1_128' title='bbox 1312 1189 1652 1249; x_wconf 75' lang='lat' dir='ltr'>Enceladoque</span> <span class='ocrx_word' id='word_1_129' title='bbox 1689 1203 1901 1237; x_wconf 79' lang='lat' dir='ltr'>sororem</span> <span class='ocrx_word' id='word_1_130' title='bbox 1976 1179 1991 1252; x_wconf 29' lang='grc' dir='ltr'>,ἶ</span> 
     </span>
     <span class='ocr_line' id='line_1_27' title="bbox 123 1264 1992 1327; baseline 0 -17"><span class='ocrx_word' id='word_1_131' title='bbox 123 1267 206 1306; x_wconf 81' lang='grc'>180</span> <span class='ocrx_word' id='word_1_132' title='bbox 216 1265 494 1323; x_wconf 74' lang='lat' dir='ltr'>proyenuit,</span> <span class='ocrx_word' id='word_1_133' title='bbox 540 1264 752 1323; x_wconf 71' lang='lat' dir='ltr'>pedibus</span> <span class='ocrx_word' id='word_1_134' title='bbox 805 1264 999 1310; x_wconf 79' lang='lat' dir='ltr'>celerem</span> <span class='ocrx_word' id='word_1_135' title='bbox 1054 1267 1096 1311; x_wconf 76' lang='lat' dir='ltr'>et</span> <span class='ocrx_word' id='word_1_136' title='bbox 1139 1264 1421 1324; x_wconf 70' lang='lat' dir='ltr'>pernicibus</span> <span class='ocrx_word' id='word_1_137' title='bbox 1467 1265 1583 1318; x_wconf 75' lang='lat' dir='ltr'>alis,</span> <span class='ocrx_word' id='word_1_138' title='bbox 1633 1267 1902 1310; x_wconf 61' lang='lat' dir='ltr'>nzonstrum</span> <span class='ocrx_word' id='word_1_139' title='bbox 1984 1279 1992 1327; x_wconf 76' lang='lat'>,·</span> 
     </span>
     <span class='ocr_line' id='line_1_28' title="bbox 205 1327 1994 1398; baseline 0.002 -15"><span class='ocrx_word' id='word_1_140' title='bbox 205 1338 514 1392; x_wconf 79' lang='lat' dir='ltr'>horrendum,</span> <span class='ocrx_word' id='word_1_141' title='bbox 547 1339 728 1397; x_wconf 69' lang='lat' dir='ltr'>inyens,</span> <span class='ocrx_word' id='word_1_142' title='bbox 770 1339 847 1384; x_wconf 73' lang='lat' dir='ltr'>cui</span> <span class='ocrx_word' id='word_1_143' title='bbox 885 1341 998 1397; x_wconf 75' lang='lat' dir='ltr'>quot</span> <span class='ocrx_word' id='word_1_144' title='bbox 1027 1341 1141 1386; x_wconf 69' lang='lat' dir='ltr'>sum</span> <span class='ocrx_word' id='word_1_145' title='bbox 1171 1352 1367 1398; x_wconf 74' lang='lat' dir='ltr'>corpore</span> <span class='ocrx_word' id='word_1_146' title='bbox 1391 1338 1608 1397; x_wconf 73' lang='lat' dir='ltr'>plumae,</span> <span class='ocrx_word' id='word_1_147' title='bbox 1641 1340 1706 1384; x_wconf 75' lang='lat' dir='ltr'>lot</span> <span class='ocrx_word' id='word_1_148' title='bbox 1733 1338 1902 1397; x_wconf 70' lang='lat' dir='ltr'>viyiles</span> <span class='ocrx_word' id='word_1_149' title='bbox 1926 1327 1994 1387; x_wconf 54' lang='lat'>1⁵3·</span> 
     </span>
     <span class='ocr_line' id='line_1_29' title="bbox 207 1412 1900 1471; baseline -0.001 -13"><span class='ocrx_word' id='word_1_150' title='bbox 207 1413 331 1458; x_wconf 77' lang='lat' dir='ltr'>oculi</span> <span class='ocrx_word' id='word_1_151' title='bbox 369 1415 547 1471; x_wconf 74' lang='lat' dir='ltr'>supter,</span> <span class='ocrx_word' id='word_1_152' title='bbox 586 1412 809 1459; x_wconf 80' lang='lat' dir='ltr'>mirabile</span> <span class='ocrx_word' id='word_1_153' title='bbox 847 1412 991 1467; x_wconf 72' lang='lat' dir='ltr'>dictu,</span> <span class='ocrx_word' id='word_1_154' title='bbox 1025 1415 1088 1459; x_wconf 70' lang='lat' dir='ltr'>tot</span> <span class='ocrx_word' id='word_1_155' title='bbox 1126 1412 1336 1471; x_wconf 65' lang='lat' dir='ltr'>linquae,</span> <span class='ocrx_word' id='word_1_156' title='bbox 1368 1412 1559 1460; x_wconf 72' lang='lat' dir='ltr'>tolidem</span> <span class='ocrx_word' id='word_1_157' title='bbox 1591 1426 1680 1458; x_wconf 87' lang='lat' dir='ltr'>ora</span> <span class='ocrx_word' id='word_1_158' title='bbox 1710 1414 1900 1465; x_wconf 74' lang='lat' dir='ltr'>sonant,</span> 
     </span>
     <span class='ocr_line' id='line_1_30' title="bbox 206 1475 1991 1545; baseline 0 -14"><span class='ocrx_word' id='word_1_159' title='bbox 206 1487 274 1532; x_wconf 77' lang='lat' dir='ltr'>tot</span> <span class='ocrx_word' id='word_1_160' title='bbox 317 1486 524 1544; x_wconf 68' lang='lat' dir='ltr'>subriyil</span> <span class='ocrx_word' id='word_1_161' title='bbox 569 1488 722 1533; x_wconf 60' lang='lat' dir='ltr'>auri-3.</span> <span class='ocrx_word' id='word_1_162' title='bbox 799 1490 932 1534; x_wconf 76' lang='lat' dir='ltr'>nocte</span> <span class='ocrx_word' id='word_1_163' title='bbox 977 1487 1106 1533; x_wconf 67' lang='lat' dir='ltr'>volat</span> <span class='ocrx_word' id='word_1_164' title='bbox 1152 1487 1272 1533; x_wconf 81' lang='lat' dir='ltr'>caeli</span> <span class='ocrx_word' id='word_1_165' title='bbox 1317 1486 1472 1533; x_wconf 76' lang='lat' dir='ltr'>medio</span> <span class='ocrx_word' id='word_1_166' title='bbox 1520 1489 1766 1544; x_wconf 76' lang='lat' dir='ltr'>terraeque</span> <span class='ocrx_word' id='word_1_167' title='bbox 1807 1499 1903 1545; x_wconf 77' lang='lat' dir='ltr'>per</span> <span class='ocrx_word' id='word_1_168' title='bbox 1973 1475 1991 1515; x_wconf 87' lang='grc'>’·</span> 
     </span>
     <span class='ocr_line' id='line_1_31' title="bbox 121 1560 1993 1622; baseline 0.002 -19"><span class='ocrx_word' id='word_1_169' title='bbox 121 1563 204 1602; x_wconf 72' lang='grc'>185</span> <span class='ocrx_word' id='word_1_170' title='bbox 221 1560 445 1607; x_wconf 82' lang='lat' dir='ltr'>umbram</span> <span class='ocrx_word' id='word_1_171' title='bbox 490 1560 699 1607; x_wconf 72' lang='lat' dir='ltr'>stridens</span> <span class='ocrx_word' id='word_1_172' title='bbox 745 1574 831 1607; x_wconf 85' lang='lat' dir='ltr'>nec</span> <span class='ocrx_word' id='word_1_173' title='bbox 876 1560 1008 1608; x_wconf 67' lang='lat' dir='ltr'>dulci</span> <span class='ocrx_word' id='word_1_174' title='bbox 1054 1561 1262 1607; x_wconf 72' lang='lat' dir='ltr'>declinat</span> <span class='ocrx_word' id='word_1_175' title='bbox 1313 1561 1502 1607; x_wconf 81' lang='lat' dir='ltr'>lumina</span> <span class='ocrx_word' id='word_1_176' title='bbox 1556 1573 1744 1616; x_wconf 82' lang='lat' dir='ltr'>somno,</span> <span class='ocrx_word' id='word_1_177' title='bbox 1798 1560 1902 1606; x_wconf 85' lang='lat' dir='ltr'>luce</span> <span class='ocrx_word' id='word_1_178' title='bbox 1981 1568 1993 1622; x_wconf 49' lang='grc' dir='ltr'><strong>ἦ</strong></span> 
     </span>
     <span class='ocr_line' id='line_1_32' title="bbox 206 1621 1978 1682; baseline 0 -2"><span class='ocrx_word' id='word_1_179' title='bbox 206 1634 334 1681; x_wconf 77' lang='lat' dir='ltr'>sedet</span> <span class='ocrx_word' id='word_1_180' title='bbox 379 1636 535 1680; x_wconf 71' lang='lat' dir='ltr'>custos</span> <span class='ocrx_word' id='word_1_181' title='bbox 583 1637 670 1681; x_wconf 75' lang='lat' dir='ltr'>aut</span> <span class='ocrx_word' id='word_1_182' title='bbox 715 1636 894 1681; x_wconf 77' lang='lat' dir='ltr'>summi</span> <span class='ocrx_word' id='word_1_183' title='bbox 939 1635 1146 1682; x_wconf 76' lang='lat' dir='ltr'>culmine</span> <span class='ocrx_word' id='word_1_184' title='bbox 1183 1635 1290 1682; x_wconf 66' lang='lat' dir='ltr'>tecti</span> <span class='ocrx_word' id='word_1_185' title='bbox 1327 1635 1545 1681; x_wconf 74' lang='lat' dir='ltr'>turribus</span> <span class='ocrx_word' id='word_1_186' title='bbox 1583 1636 1671 1681; x_wconf 77' lang='lat' dir='ltr'>aut</span> <span class='ocrx_word' id='word_1_187' title='bbox 1707 1634 1821 1681; x_wconf 78' lang='lat' dir='ltr'>altis</span> <span class='ocrx_word' id='word_1_188' title='bbox 1861 1636 1904 1680; x_wconf 82' lang='lat' dir='ltr'>et</span> <span class='ocrx_word' id='word_1_189' title='bbox 1962 1621 1978 1651; x_wconf 78' lang='grc'>”’</span> 
     </span>
     <span class='ocr_line' id='line_1_33' title="bbox 204 1708 2005 1768; baseline 0.001 -14"><span class='ocrx_word' id='word_1_190' title='bbox 204 1721 411 1767; x_wconf 70' lang='lat' dir='ltr'>‘maynas</span> <span class='ocrx_word' id='word_1_191' title='bbox 443 1709 630 1755; x_wconf 72' lang='lat' dir='ltr'>territat</span> <span class='ocrx_word' id='word_1_192' title='bbox 657 1708 809 1763; x_wconf 75' lang='lat' dir='ltr'>urbis,</span> <span class='ocrx_word' id='word_1_193' title='bbox 845 1711 945 1756; x_wconf 79' lang='lat' dir='ltr'>tam</span> <span class='ocrx_word' id='word_1_194' title='bbox 974 1710 1075 1767; x_wconf 77' lang='lat' dir='ltr'>ficti</span> <span class='ocrx_word' id='word_1_195' title='bbox 1097 1710 1342 1768; x_wconf 73' lang='lat' dir='ltr'>pravique</span> <span class='ocrx_word' id='word_1_196' title='bbox 1373 1711 1517 1756; x_wconf 72' lang='lat' dir='ltr'>tenax</span> <span class='ocrx_word' id='word_1_197' title='bbox 1547 1723 1694 1767; x_wconf 78' lang='lat' dir='ltr'>quam</span> <span class='ocrx_word' id='word_1_198' title='bbox 1723 1709 1900 1754; x_wconf 74' lang='lat' dir='ltr'>nuntia</span> <span class='ocrx_word' id='word_1_199' title='bbox 1924 1724 1955 1756; x_wconf 73' lang='lat'>2</span> <span class='ocrx_word' id='word_1_200' title='bbox 1981 1726 2005 1762; x_wconf 65' lang='lat'>‚21</span> 
     </span>
     <span class='ocr_line' id='line_1_34' title="bbox 121 1774 2004 1842; baseline 0.001 -17"><span class='ocrx_word' id='word_1_201' title='bbox 121 1785 204 1824; x_wconf 88' lang='grc'>190</span> <span class='ocrx_word' id='word_1_202' title='bbox 220 1783 335 1829; x_wconf 79' lang='lat' dir='ltr'>veri.</span> <span class='ocrx_word' id='word_1_203' title='bbox 395 1783 512 1829; x_wconf 77' lang='lat' dir='ltr'>haec</span> <span class='ocrx_word' id='word_1_204' title='bbox 543 1785 642 1828; x_wconf 77' lang='lat' dir='ltr'>lum</span> <span class='ocrx_word' id='word_1_205' title='bbox 672 1782 927 1842; x_wconf 73' lang='lat' dir='ltr'>multiplici</span> <span class='ocrx_word' id='word_1_206' title='bbox 948 1783 1158 1842; x_wconf 75' lang='lat' dir='ltr'>populos</span> <span class='ocrx_word' id='word_1_207' title='bbox 1189 1796 1405 1830; x_wconf 82' lang='lat' dir='ltr'>sermone</span> <span class='ocrx_word' id='word_1_208' title='bbox 1435 1782 1649 1842; x_wconf 74' lang='lat' dir='ltr'>replebat</span> <span class='ocrx_word' id='word_1_209' title='bbox 1679 1780 1902 1842; x_wconf 74' lang='lat' dir='ltr'>yaudcns</span> <span class='ocrx_word' id='word_1_210' title='bbox 2003 1774 2004 1779; x_wconf 62' lang='grc'>’</span> 
     </span>
     <span class='ocr_line' id='line_1_35' title="bbox 208 1855 1900 1918; baseline 0 -16"><span class='ocrx_word' id='word_1_211' title='bbox 208 1857 251 1902; x_wconf 77' lang='lat' dir='ltr'>et</span> <span class='ocrx_word' id='word_1_212' title='bbox 284 1857 478 1915; x_wconf 74' lang='lat' dir='ltr'>pariter</span> <span class='ocrx_word' id='word_1_213' title='bbox 522 1856 655 1914; x_wconf 77' lang='lat' dir='ltr'>facta</span> <span class='ocrx_word' id='word_1_214' title='bbox 703 1859 843 1914; x_wconf 76' lang='lat' dir='ltr'>atque</span> <span class='ocrx_word' id='word_1_215' title='bbox 888 1858 1066 1916; x_wconf 66' lang='lat' dir='ltr'>infecta</span> <span class='ocrx_word' id='word_1_216' title='bbox 1113 1858 1337 1904; x_wconf 76' lang='lat' dir='ltr'>canebat:</span> <span class='ocrx_word' id='word_1_217' title='bbox 1390 1871 1547 1918; x_wconf 83' lang='lat' dir='ltr'>parva</span> <span class='ocrx_word' id='word_1_218' title='bbox 1587 1858 1683 1916; x_wconf 81' lang='lat' dir='ltr'>est,</span> <span class='ocrx_word' id='word_1_219' title='bbox 1721 1855 1900 1916; x_wconf 88' lang='lat' dir='ltr'>inquit,</span> 
     </span>
     <span class='ocr_line' id='line_1_36' title="bbox 206 1928 1986 1990; baseline 0 -15"><span class='ocrx_word' id='word_1_220' title='bbox 206 1929 380 1989; x_wconf 83' lang='lat' dir='ltr'>Fama,</span> <span class='ocrx_word' id='word_1_221' title='bbox 439 1945 550 1978; x_wconf 88' lang='lat' dir='ltr'>cum</span> <span class='ocrx_word' id='word_1_222' title='bbox 604 1932 766 1977; x_wconf 91' lang='lat' dir='ltr'>metus</span> <span class='ocrx_word' id='word_1_223' title='bbox 816 1930 1105 1978; x_wconf 86' lang='lat' dir='ltr'>intervenit:</span> <span class='ocrx_word' id='word_1_224' title='bbox 1167 1933 1284 1978; x_wconf 88' lang='lat' dir='ltr'>tunc</span> <span class='ocrx_word' id='word_1_225' title='bbox 1331 1932 1492 1978; x_wconf 83' lang='lat' dir='ltr'>metus</span> <span class='ocrx_word' id='word_1_226' title='bbox 1540 1933 1636 1990; x_wconf 89' lang='lat' dir='ltr'>est,</span> <span class='ocrx_word' id='word_1_227' title='bbox 1683 1944 1795 1977; x_wconf 90' lang='lat' dir='ltr'>cum</span> <span class='ocrx_word' id='word_1_228' title='bbox 1841 1928 1900 1976; x_wconf 86' lang='lat' dir='ltr'>de</span> <span class='ocrx_word' id='word_1_229' title='bbox 1966 1931 1986 1975; x_wconf 51' lang='grc' dir='ltr'>,ἕ</span> 
     </span>
     <span class='ocr_line' id='line_1_37' title="bbox 204 1999 1982 2066; baseline 0 -17"><span class='ocrx_word' id='word_1_230' title='bbox 204 2004 429 2063; x_wconf 90' lang='lat' dir='ltr'>personis</span> <span class='ocrx_word' id='word_1_231' title='bbox 483 2003 761 2064; x_wconf 87' lang='lat' dir='ltr'>potioribus</span> <span class='ocrx_word' id='word_1_232' title='bbox 815 2003 992 2065; x_wconf 90' lang='lat' dir='ltr'>incipit</span> <span class='ocrx_word' id='word_1_233' title='bbox 1046 2004 1206 2066; x_wconf 83' lang='lat' dir='ltr'>loqui3</span> <span class='ocrx_word' id='word_1_234' title='bbox 1269 2003 1355 2052; x_wconf 84' lang='lat' dir='ltr'>sed</span> <span class='ocrx_word' id='word_1_235' title='bbox 1409 2019 1520 2051; x_wconf 89' lang='lat' dir='ltr'>cum</span> <span class='ocrx_word' id='word_1_236' title='bbox 1571 2003 1691 2050; x_wconf 88' lang='lat' dir='ltr'>dicit</span> <span class='ocrx_word' id='word_1_237' title='bbox 1736 2004 1898 2064; x_wconf 88' lang='lat' dir='ltr'>primo</span> <span class='ocrx_word' id='word_1_238' title='bbox 1967 1999 1982 2035; x_wconf 57' lang='lat'>&#39;⁵&#39;-</span> 
     </span>
     <span class='ocr_line' id='line_1_38' title="bbox 205 2068 1974 2140; baseline 0 -16"><span class='ocrx_word' id='word_1_239' title='bbox 205 2091 361 2137; x_wconf 84' lang='lat' dir='ltr'>parva</span> <span class='ocrx_word' id='word_1_240' title='bbox 401 2081 474 2125; x_wconf 89' lang='lat' dir='ltr'>est</span> <span class='ocrx_word' id='word_1_241' title='bbox 512 2080 663 2137; x_wconf 88' lang='lat' dir='ltr'>metu,</span> <span class='ocrx_word' id='word_1_242' title='bbox 698 2080 894 2126; x_wconf 89' lang='lat' dir='ltr'>constat</span> <span class='ocrx_word' id='word_1_243' title='bbox 933 2094 1044 2126; x_wconf 89' lang='lat' dir='ltr'>eam</span> <span class='ocrx_word' id='word_1_244' title='bbox 1081 2081 1256 2140; x_wconf 86' lang='lat' dir='ltr'>postea</span> <span class='ocrx_word' id='word_1_245' title='bbox 1287 2094 1387 2126; x_wconf 90' lang='lat' dir='ltr'>non</span> <span class='ocrx_word' id='word_1_246' title='bbox 1417 2079 1592 2125; x_wconf 87' lang='lat' dir='ltr'>timere</span> <span class='ocrx_word' id='word_1_247' title='bbox 1625 2080 1674 2124; x_wconf 89' lang='lat' dir='ltr'>et</span> <span class='ocrx_word' id='word_1_248' title='bbox 1705 2091 1899 2124; x_wconf 82' lang='lat' dir='ltr'>sumere</span> <span class='ocrx_word' id='word_1_249' title='bbox 1928 2068 1974 2101; x_wconf 75' lang='grc'>·’</span> 
     </span>
     <span class='ocr_line' id='line_1_39' title="bbox 207 2151 1898 2226; baseline 0 -29"><span class='ocrx_word' id='word_1_250' title='bbox 207 2153 540 2214; x_wconf 85' lang='lat' dir='ltr'>augmentum.</span> <span class='ocrx_word' id='word_1_251' title='bbox 618 2151 842 2226; x_wconf 61' lang='lat' dir='ltr'>deniqu2</span> <span class='ocrx_word' id='word_1_252' title='bbox 871 2153 1095 2214; x_wconf 87' lang='lat' dir='ltr'>sequitur</span> <span class='ocrx_word' id='word_1_253' title='bbox 1132 2168 1246 2200; x_wconf 80' lang='lat' dir='ltr'>mox</span> <span class='ocrx_word' id='word_1_254' title='bbox 1286 2167 1390 2200; x_wconf 85' lang='lat' dir='ltr'>sese</span> <span class='ocrx_word' id='word_1_255' title='bbox 1429 2151 1619 2199; x_wconf 88' lang='lat' dir='ltr'>attollit</span> <span class='ocrx_word' id='word_1_256' title='bbox 1657 2151 1710 2198; x_wconf 91' lang='lat' dir='ltr'>in</span> <span class='ocrx_word' id='word_1_257' title='bbox 1749 2165 1898 2198; x_wconf 87' lang='lat' dir='ltr'>auras</span> 
     </span>
     <span class='ocr_line' id='line_1_40' title="bbox 204 2224 1900 2288; baseline 0.001 -18"><span class='ocrx_word' id='word_1_258' title='bbox 204 2224 579 2287; x_wconf 86' lang='lat' dir='ltr'>ingrediturque</span> <span class='ocrx_word' id='word_1_259' title='bbox 612 2225 718 2273; x_wconf 90' lang='lat' dir='ltr'>solo</span> <span class='ocrx_word' id='word_1_260' title='bbox 750 2228 799 2274; x_wconf 87' lang='lat' dir='ltr'>et</span> <span class='ocrx_word' id='word_1_261' title='bbox 831 2229 980 2288; x_wconf 88' lang='lat' dir='ltr'>caput</span> <span class='ocrx_word' id='word_1_262' title='bbox 1011 2227 1143 2274; x_wconf 88' lang='lat' dir='ltr'>inter</span> <span class='ocrx_word' id='word_1_263' title='bbox 1174 2225 1346 2273; x_wconf 91' lang='lat' dir='ltr'>nubila</span> <span class='ocrx_word' id='word_1_264' title='bbox 1378 2225 1559 2273; x_wconf 88' lang='lat' dir='ltr'>condit.</span> <span class='ocrx_word' id='word_1_265' title='bbox 1622 2224 1900 2287; x_wconf 84' lang='lat' dir='ltr'>ingreditur</span> 
     </span>
     <span class='ocr_line' id='line_1_41' title="bbox 206 2298 1899 2363; baseline 0.001 -19"><span class='ocrx_word' id='word_1_266' title='bbox 206 2298 326 2358; x_wconf 88' lang='lat' dir='ltr'>solo,</span> <span class='ocrx_word' id='word_1_267' title='bbox 364 2298 455 2346; x_wconf 87' lang='lat' dir='ltr'>hoc</span> <span class='ocrx_word' id='word_1_268' title='bbox 495 2301 569 2346; x_wconf 91' lang='lat' dir='ltr'>est</span> <span class='ocrx_word' id='word_1_269' title='bbox 609 2299 832 2347; x_wconf 85' lang='lat' dir='ltr'>ambulat</span> <span class='ocrx_word' id='word_1_270' title='bbox 870 2299 923 2346; x_wconf 89' lang='lat' dir='ltr'>in</span> <span class='ocrx_word' id='word_1_271' title='bbox 962 2300 1083 2359; x_wconf 88' lang='lat' dir='ltr'>solo,</span> <span class='ocrx_word' id='word_1_272' title='bbox 1129 2303 1187 2348; x_wconf 91' lang='lat' dir='ltr'>ut</span> <span class='ocrx_word' id='word_1_273' title='bbox 1227 2299 1293 2347; x_wconf 88' lang='lat' dir='ltr'>sit</span> <span class='ocrx_word' id='word_1_274' title='bbox 1330 2300 1525 2363; x_wconf 85' lang='lat' dir='ltr'>integra</span> <span class='ocrx_word' id='word_1_275' title='bbox 1565 2298 1764 2347; x_wconf 90' lang='lat' dir='ltr'>locutio.</span> <span class='ocrx_word' id='word_1_276' title='bbox 1842 2300 1899 2345; x_wconf 87' lang='lat' dir='ltr'>ut</span> 
     </span>
     <span class='ocr_line' id='line_1_42' title="bbox 205 2371 1896 2421; baseline 0 -3"><span class='ocrx_word' id='word_1_277' title='bbox 205 2373 375 2419; x_wconf 86' lang='lat' dir='ltr'>autem</span> <span class='ocrx_word' id='word_1_278' title='bbox 413 2372 692 2420; x_wconf 89' lang='lat' dir='ltr'>ostenderet</span> <span class='ocrx_word' id='word_1_279' title='bbox 730 2376 1006 2421; x_wconf 90' lang='lat' dir='ltr'>monstrum</span> <span class='ocrx_word' id='word_1_280' title='bbox 1038 2389 1142 2421; x_wconf 86' lang='lat' dir='ltr'>esse</span> <span class='ocrx_word' id='word_1_281' title='bbox 1174 2373 1310 2421; x_wconf 84' lang='lat' dir='ltr'>ultra</span> <span class='ocrx_word' id='word_1_282' title='bbox 1345 2371 1761 2421; x_wconf 87' lang='lat' dir='ltr'>inaestimabilem</span> <span class='ocrx_word' id='word_1_283' title='bbox 1799 2371 1896 2421; x_wconf 85' lang='lat' dir='ltr'>for-</span> 
     </span>
     <span class='ocr_line' id='line_1_43' title="bbox 205 2445 2000 2510; baseline 0 -18"><span class='ocrx_word' id='word_1_284' title='bbox 205 2461 353 2505; x_wconf 84' lang='lat' dir='ltr'>mam,</span> <span class='ocrx_word' id='word_1_285' title='bbox 380 2445 544 2507; x_wconf 84' lang='lat' dir='ltr'>pedes,</span> <span class='ocrx_word' id='word_1_286' title='bbox 574 2447 755 2508; x_wconf 89' lang='lat' dir='ltr'>inquit,</span> <span class='ocrx_word' id='word_1_287' title='bbox 787 2447 937 2495; x_wconf 89' lang='lat' dir='ltr'>habet</span> <span class='ocrx_word' id='word_1_288' title='bbox 967 2449 1023 2495; x_wconf 87' lang='lat' dir='ltr'>in</span> <span class='ocrx_word' id='word_1_289' title='bbox 1051 2451 1186 2496; x_wconf 89' lang='lat' dir='ltr'>terra</span> <span class='ocrx_word' id='word_1_290' title='bbox 1220 2450 1268 2496; x_wconf 84' lang='lat' dir='ltr'>et</span> <span class='ocrx_word' id='word_1_291' title='bbox 1300 2447 1462 2510; x_wconf 78' lang='lat' dir='ltr'>capite</span> <span class='ocrx_word' id='word_1_292' title='bbox 1493 2445 1659 2510; x_wconf 86' lang='lat' dir='ltr'>tangit</span> <span class='ocrx_word' id='word_1_293' title='bbox 1690 2445 1896 2494; x_wconf 87' lang='lat' dir='ltr'>caelum.</span> <span class='ocrx_word' id='word_1_294' title='bbox 1926 2490 1939 2501; x_wconf 62' lang='lat'><em>„</em></span> <span class='ocrx_word' id='word_1_295' title='bbox 1987 2470 2000 2479; x_wconf 64' lang='lat'>·=</span> 
     </span>
     <span class='ocr_line' id='line_1_44' title="bbox 205 2518 1993 2587; baseline 0 -21"><span class='ocrx_word' id='word_1_296' title='bbox 205 2519 337 2580; x_wconf 90' lang='lat' dir='ltr'>quod</span> <span class='ocrx_word' id='word_1_297' title='bbox 377 2521 450 2567; x_wconf 88' lang='lat' dir='ltr'>ait</span> <span class='ocrx_word' id='word_1_298' title='bbox 487 2522 544 2566; x_wconf 90' lang='lat' dir='ltr'>ut</span> <span class='ocrx_word' id='word_1_299' title='bbox 581 2520 863 2582; x_wconf 86' lang='lat' dir='ltr'>perhibent,</span> <span class='ocrx_word' id='word_1_300' title='bbox 905 2537 1095 2570; x_wconf 89' lang='lat' dir='ltr'>morem</span> <span class='ocrx_word' id='word_1_301' title='bbox 1132 2522 1392 2583; x_wconf 89' lang='lat' dir='ltr'>proprium</span> <span class='ocrx_word' id='word_1_302' title='bbox 1428 2520 1612 2568; x_wconf 86' lang='lat' dir='ltr'>tenuit:</span> <span class='ocrx_word' id='word_1_303' title='bbox 1664 2520 1718 2566; x_wconf 90' lang='lat' dir='ltr'>in</span> <span class='ocrx_word' id='word_1_304' title='bbox 1756 2518 1897 2567; x_wconf 87' lang='lat' dir='ltr'>fabu-</span> <span class='ocrx_word' id='word_1_305' title='bbox 1937 2573 1942 2580; x_wconf 42' lang='grc'>,</span> <span class='ocrx_word' id='word_1_306' title='bbox 1983 2575 1993 2587; x_wconf 13' lang='grc' dir='ltr'>,Δ</span> 
     </span>
     <span class='ocr_line' id='line_1_45' title="bbox 204 2588 1999 2659; baseline 0.001 -20"><span class='ocrx_word' id='word_1_307' title='bbox 204 2593 324 2641; x_wconf 87' lang='lat' dir='ltr'>losis</span> <span class='ocrx_word' id='word_1_308' title='bbox 363 2593 546 2656; x_wconf 91' lang='lat' dir='ltr'>quippe</span> <span class='ocrx_word' id='word_1_309' title='bbox 587 2596 636 2640; x_wconf 91' lang='lat' dir='ltr'>et</span> <span class='ocrx_word' id='word_1_310' title='bbox 673 2594 1048 2659; x_wconf 87' lang='lat' dir='ltr'>incredibilibus</span> <span class='ocrx_word' id='word_1_311' title='bbox 1086 2611 1186 2644; x_wconf 89' lang='lat' dir='ltr'>non</span> <span class='ocrx_word' id='word_1_312' title='bbox 1225 2610 1276 2643; x_wconf 87' lang='lat' dir='ltr'>se</span> <span class='ocrx_word' id='word_1_313' title='bbox 1314 2595 1438 2643; x_wconf 88' lang='lat' dir='ltr'>facit</span> <span class='ocrx_word' id='word_1_314' title='bbox 1477 2596 1743 2643; x_wconf 88' lang='lat' dir='ltr'>auctorem.</span> <span class='ocrx_word' id='word_1_315' title='bbox 1803 2593 1898 2642; x_wconf 87' lang='lat' dir='ltr'>hoc</span> <span class='ocrx_word' id='word_1_316' title='bbox 1929 2643 1936 2655; x_wconf 61' lang='grc'><em>,</em></span> <span class='ocrx_word' id='word_1_317' title='bbox 1984 2588 1999 2619; x_wconf 78' lang='grc'>”“</span> 
     </span>
    </p>
   </div>
   <div class='ocr_carea' id='block_1_4' title="bbox 206 2685 563 2690">
    <p class='ocr_par' dir='ltr' id='par_1_4' title="bbox 206 2685 563 2690">
     <span class='ocr_line' id='line_1_46' title="bbox 206 2685 563 2690; baseline 0 0"><span class='ocrx_word' id='word_1_318' title='bbox 206 2685 563 2690; x_wconf 95' lang='lat' dir='ltr'> </span> 
     </span>
    </p>
   </div>
   <div class='ocr_carea' id='block_1_5' title="bbox 203 2732 1996 3028">
    <p class='ocr_par' dir='ltr' id='par_1_5' title="bbox 203 2732 1996 3028">
     <span class='ocr_line' id='line_1_47' title="bbox 326 2732 1899 2791; baseline 0.001 -15"><span class='ocrx_word' id='word_1_319' title='bbox 326 2736 346 2774; x_wconf 94' lang='grc'>1</span> <span class='ocrx_word' id='word_1_320' title='bbox 381 2732 519 2786; x_wconf 81' lang='lat' dir='ltr'>foeda</span> <span class='ocrx_word' id='word_1_321' title='bbox 549 2746 639 2777; x_wconf 88' lang='lat' dir='ltr'>om.</span> <span class='ocrx_word' id='word_1_322' title='bbox 658 2733 707 2776; x_wconf 92' lang='lat' dir='ltr'>L.</span> <span class='ocrx_word' id='word_1_323' title='bbox 801 2739 827 2777; x_wconf 82' lang='lat'>5</span> <span class='ocrx_word' id='word_1_324' title='bbox 858 2736 972 2779; x_wconf 74' lang='lat' dir='ltr'>viris</span> <span class='ocrx_word' id='word_1_325' title='bbox 995 2735 1082 2778; x_wconf 83' lang='lat' dir='ltr'>LR</span> <span class='ocrx_word' id='word_1_326' title='bbox 1111 2736 1228 2780; x_wconf 84' lang='lat' dir='ltr'>veris</span> <span class='ocrx_word' id='word_1_327' title='bbox 1259 2734 1427 2779; x_wconf 85' lang='lat' dir='ltr'>corr.L</span> <span class='ocrx_word' id='word_1_328' title='bbox 1452 2733 1554 2791; x_wconf 86' lang='lat' dir='ltr'>ipse</span> <span class='ocrx_word' id='word_1_329' title='bbox 1577 2748 1612 2778; x_wconf 91' lang='lat' dir='ltr'>r.</span> <span class='ocrx_word' id='word_1_330' title='bbox 1707 2738 1759 2777; x_wconf 90' lang='lat'>11</span> <span class='ocrx_word' id='word_1_331' title='bbox 1792 2733 1899 2790; x_wconf 67' lang='lat' dir='ltr'>plus</span> 
     </span>
     <span class='ocr_line' id='line_1_48' title="bbox 203 2789 1896 2849; baseline 0.002 -15"><span class='ocrx_word' id='word_1_332' title='bbox 203 2789 292 2834; x_wconf 83' lang='lat' dir='ltr'>LR</span> <span class='ocrx_word' id='word_1_333' title='bbox 321 2792 470 2849; x_wconf 75' lang='lat' dir='ltr'>mayis</span> <span class='ocrx_word' id='word_1_334' title='bbox 500 2791 572 2836; x_wconf 83' lang='lat' dir='ltr'>ed.</span> <span class='ocrx_word' id='word_1_335' title='bbox 666 2797 721 2836; x_wconf 85' lang='grc'>16</span> <span class='ocrx_word' id='word_1_336' title='bbox 754 2794 898 2838; x_wconf 81' lang='lat' dir='ltr'>oculis</span> <span class='ocrx_word' id='word_1_337' title='bbox 919 2793 1007 2837; x_wconf 87' lang='lat' dir='ltr'>LR</span> <span class='ocrx_word' id='word_1_338' title='bbox 1038 2808 1152 2838; x_wconf 87' lang='lat' dir='ltr'>corr.</span> <span class='ocrx_word' id='word_1_339' title='bbox 1177 2809 1212 2838; x_wconf 86' lang='lat' dir='ltr'>r.</span> <span class='ocrx_word' id='word_1_340' title='bbox 1307 2799 1365 2838; x_wconf 82' lang='lat'>24</span> <span class='ocrx_word' id='word_1_341' title='bbox 1395 2794 1540 2838; x_wconf 79' lang='lat' dir='ltr'>sedem</span> <span class='ocrx_word' id='word_1_342' title='bbox 1571 2792 1658 2836; x_wconf 87' lang='lat' dir='ltr'>LR</span> <span class='ocrx_word' id='word_1_343' title='bbox 1687 2793 1766 2838; x_wconf 74' lang='lat' dir='ltr'>sed</span> <span class='ocrx_word' id='word_1_344' title='bbox 1795 2805 1896 2842; x_wconf 76' lang='lat' dir='ltr'>cum</span> 
     </span>
     <span class='ocr_line' id='line_1_49' title="bbox 203 2850 1995 2908; baseline 0.002 -15"><span class='ocrx_word' id='word_1_345' title='bbox 203 2863 228 2892; x_wconf 87' lang='lat' dir='ltr'>r</span> <span class='ocrx_word' id='word_1_346' title='bbox 256 2863 341 2893; x_wconf 81' lang='lat' dir='ltr'>nos</span> <span class='ocrx_word' id='word_1_347' title='bbox 370 2850 447 2894; x_wconf 82' lang='lat' dir='ltr'>sed</span> <span class='ocrx_word' id='word_1_348' title='bbox 477 2850 632 2895; x_wconf 79' lang='lat' dir='ltr'>eadem</span> <span class='ocrx_word' id='word_1_349' title='bbox 663 2851 735 2895; x_wconf 90' lang='lat' dir='ltr'>ed.</span> <span class='ocrx_word' id='word_1_350' title='bbox 858 2857 914 2896; x_wconf 80' lang='lat'>25</span> <span class='ocrx_word' id='word_1_351' title='bbox 945 2859 1122 2898; x_wconf 77' lang='lat' dir='ltr'>constat</span> <span class='ocrx_word' id='word_1_352' title='bbox 1152 2853 1239 2897; x_wconf 85' lang='lat' dir='ltr'>LR</span> <span class='ocrx_word' id='word_1_353' title='bbox 1269 2858 1312 2897; x_wconf 83' lang='lat' dir='ltr'>et</span> <span class='ocrx_word' id='word_1_354' title='bbox 1341 2866 1377 2898; x_wconf 92' lang='lat' dir='ltr'>c.</span> <span class='ocrx_word' id='word_1_355' title='bbox 1410 2852 1481 2896; x_wconf 84' lang='lat' dir='ltr'>ed.</span> <span class='ocrx_word' id='word_1_356' title='bbox 1533 2854 1540 2907; x_wconf 68' lang='grc'>1</span> <span class='ocrx_word' id='word_1_357' title='bbox 1589 2866 1643 2897; x_wconf 79' lang='lat' dir='ltr'>ea</span> <span class='ocrx_word' id='word_1_358' title='bbox 1673 2850 1760 2895; x_wconf 88' lang='lat' dir='ltr'>LR</span> <span class='ocrx_word' id='word_1_359' title='bbox 1797 2862 1896 2897; x_wconf 69' lang='lat' dir='ltr'>eam</span> <span class='ocrx_word' id='word_1_360' title='bbox 1990 2887 1995 2908; x_wconf 67' lang='grc'>,</span> 
     </span>
     <span class='ocr_line' id='line_1_50' title="bbox 205 2907 1996 2965; baseline 0.001 -13"><span class='ocrx_word' id='word_1_361' title='bbox 205 2921 318 2953; x_wconf 86' lang='lat' dir='ltr'>corr.</span> <span class='ocrx_word' id='word_1_362' title='bbox 343 2909 414 2953; x_wconf 85' lang='lat' dir='ltr'>ed.</span> <span class='ocrx_word' id='word_1_363' title='bbox 451 2911 458 2965; x_wconf 78' lang='grc' dir='ltr'>Ι</span> <span class='ocrx_word' id='word_1_364' title='bbox 499 2915 542 2954; x_wconf 88' lang='lat' dir='ltr'>et</span> <span class='ocrx_word' id='word_1_365' title='bbox 570 2924 744 2954; x_wconf 84' lang='lat' dir='ltr'>sumere</span> <span class='ocrx_word' id='word_1_366' title='bbox 774 2910 860 2954; x_wconf 83' lang='lat' dir='ltr'>LR</span> <span class='ocrx_word' id='word_1_367' title='bbox 889 2912 968 2956; x_wconf 81' lang='lat' dir='ltr'>sed</span> <span class='ocrx_word' id='word_1_368' title='bbox 996 2926 1031 2956; x_wconf 82' lang='lat' dir='ltr'>s.</span> <span class='ocrx_word' id='word_1_369' title='bbox 1058 2912 1129 2956; x_wconf 83' lang='lat' dir='ltr'>ed.</span> <span class='ocrx_word' id='word_1_370' title='bbox 1223 2917 1278 2956; x_wconf 80' lang='lat'>29</span> <span class='ocrx_word' id='word_1_371' title='bbox 1311 2912 1688 2956; x_wconf 78' lang='lat' dir='ltr'>inaestimabilem</span> <span class='ocrx_word' id='word_1_372' title='bbox 1711 2909 1799 2954; x_wconf 80' lang='lat' dir='ltr'>LR</span> <span class='ocrx_word' id='word_1_373' title='bbox 1820 2907 1895 2954; x_wconf 78' lang='lat' dir='ltr'>od.</span> <span class='ocrx_word' id='word_1_374' title='bbox 1993 2908 1996 2915; x_wconf 86' lang='lat'>&#39;</span> 
     </span>
     <span class='ocr_line' id='line_1_51' title="bbox 203 2966 1916 3028; baseline 0.005 -17"><span class='ocrx_word' id='word_1_375' title='bbox 203 2967 554 3013; x_wconf 76' lang='lat' dir='ltr'>aestimabilem?</span> <span class='ocrx_word' id='word_1_376' title='bbox 677 2973 731 3013; x_wconf 85' lang='lat'>30</span> <span class='ocrx_word' id='word_1_377' title='bbox 763 2974 917 3028; x_wconf 65' lang='lat' dir='ltr'>tanget</span> <span class='ocrx_word' id='word_1_378' title='bbox 945 2969 995 3015; x_wconf 84' lang='lat' dir='ltr'>L.</span> <span class='ocrx_word' id='word_1_379' title='bbox 1870 2982 1880 2989; x_wconf 82' lang='lat'><strong><em>&#39;</em></strong></span> <span class='ocrx_word' id='word_1_380' title='bbox 1914 2966 1916 2971; x_wconf 60' lang='grc'><strong>’</strong></span> 
     </span>
    </p>
   </div>
  </div>
 </body>
</html>
