2014 3226
767 200 891 243 AEN
894 199 1070 243 EIDOS
1103 200 1143 243 V
1705 201 1809 253 481

119 344 336 403 Acestes,
376 342 461 390 sed
502 341 696 389 Acestis
741 356 919 388 nomen
958 339 1179 388 subsedit
1216 341 1269 386 in
1309 340 1468 402 galea,
1515 357 1662 401 quem
1702 340 1813 387 duci

119 432 314 465 necesse
354 432 452 463 non
492 416 678 474 fuerat,
720 416 839 475 quia
878 416 931 460 in
970 429 1068 462 uno
1108 418 1158 461 et
1205 415 1309 462 solo
1359 429 1463 461 esse
1503 430 1602 461 non
1650 416 1815 475 potuit

119 492 268 539 sortis
307 492 572 548 incertum,
621 489 806 550 quippe
845 488 950 550 ipse
991 491 1134 535 exeat
1172 503 1367 535 necesse
1416 490 1512 548 est,
1552 487 1639 535 ubi
1688 488 1814 535 alius

122 582 220 612 non
270 567 357 611 est.
436 563 597 610 voluit
650 562 807 626 igitur
859 562 1063 609 Acestes
1110 563 1242 609 inter
1294 563 1497 609 iuvenes
1551 563 1816 621 numerari,

77 655 97 687 5
123 655 221 686 non
283 639 464 685 mentis
526 638 751 699 ignavia,
815 636 899 683 sed
961 635 1192 683 ludorum
1254 638 1393 696 voto,
1455 636 1534 683 vel
1603 637 1816 684 maxime

123 729 234 760 cum
281 713 580 775 sagittarum
628 713 875 758 certamen
922 725 1020 756 non
1067 709 1241 757 robore
1291 711 1531 772 corporis,
1588 710 1675 758 sed
1723 725 1816 757 usu

122 789 290 849 posset
344 790 393 833 et
453 786 804 832 exercitatione
860 786 1102 832 constare.
1209 784 1338 831 hunc
1391 785 1559 831 tamen
1614 785 1817 832 eventus

123 862 272 908 sortis
324 875 355 906 a
399 859 687 907 fortioribus
743 859 994 919 separavit
1048 858 1100 904 in
1156 859 1267 906 sinu
1322 859 1492 920 galeae
1546 858 1817 906 retinendo.

123 939 226 982 tum
264 934 442 982 validis
480 935 630 992 flexos
667 935 930 980 incurvant
974 932 1161 979 viribus
1200 947 1346 979 arcus
1376 947 1471 992 pro
1509 947 1559 979 se
1606 934 1805 992 quisque
1822 935 1908 976 500

57 1024 100 1056 ιο
124 1009 221 1056 viri
268 1011 311 1056 et
355 1008 645 1068 depromunt
694 1007 787 1054 tela
818 1007 1093 1066 pharetris:
1140 1006 1498 1053 meditamenta
1545 1010 1660 1053 sunt
1706 1007 1819 1066 ista,

123 1084 370 1144 temptare
418 1096 560 1129 arcus
610 1083 760 1142 atque
808 1096 1012 1128 curvare
1060 1095 1149 1142 pro
1197 1080 1343 1127 modo
1384 1080 1566 1127 virium
1604 1095 1818 1128 suarum.

124 1156 402 1203 curvabant
463 1170 603 1203 arcus
667 1158 718 1202 et
779 1156 990 1218 sagittas
1060 1170 1118 1201 ex
1180 1154 1427 1216 pharetris
1489 1153 1820 1216 proferebant.

116 1232 379 1290 primaque
423 1244 517 1289 per
571 1230 758 1278 eaelum
810 1243 957 1276 nervo
1005 1229 1234 1276 stridente
1286 1230 1466 1288 sayitta
1518 1228 1822 1289 Hyrtacidae

22 1332 31 1338 -
124 1306 316 1352 iuvenis
353 1304 564 1351 volueris
604 1304 879 1351 diverberat
909 1303 1018 1350 alas
1050 1306 1093 1350 et
1121 1304 1252 1350 venit
1283 1303 1568 1362 adversique
1597 1303 1822 1363 infiqitur

58 1393 101 1426 15
127 1379 298 1426 arbore
343 1379 478 1425 mali.
565 1379 816 1425 intremuit
863 1377 1026 1424 malus
1070 1378 1322 1436 timuitque
1368 1379 1595 1424 exterrita
1631 1378 1807 1436 pinnis
1825 1380 1910 1421 505

127 1453 227 1500 ales
266 1456 309 1500 et
345 1454 530 1513 inqenti
573 1454 844 1499 sonuerunt
889 1452 1055 1498 omnia
1084 1451 1299 1511 plausu:
1347 1450 1426 1498 hic
1472 1450 1570 1498 fuit
1619 1452 1821 1498 eventus

126 1526 342 1590 sagittae
372 1527 587 1588 primae:
619 1540 736 1572 nam
774 1524 906 1572 inter
945 1525 1051 1572 alas
1089 1525 1182 1572 hoc
1222 1527 1297 1572 est
1327 1525 1458 1572 inter
1489 1525 1682 1571 alarum
1715 1525 1823 1586 pin-

127 1615 217 1648 nas
257 1601 504 1648 transiens
544 1600 682 1663 ligno
721 1598 889 1660 potius
930 1614 1080 1660 quam
1121 1598 1377 1646 columbae
1416 1598 1688 1646 visceribus
1725 1598 1823 1644 fixa

130 1677 219 1734 est,
259 1690 356 1736 quo
395 1675 590 1736 impetu
630 1676 680 1720 et
719 1673 868 1720 arbor
904 1673 1106 1734 inpulsa
1153 1674 1453 1720 contremuit
1500 1675 1550 1719 et
1596 1672 1824 1720 columba

29 1764 105 1796 »πο
130 1749 367 1796 exterrita
406 1748 680 1811 geminavit
718 1746 938 1808 trepidos
977 1747 1200 1808 plausus,
1238 1747 1291 1794 in
1330 1747 1527 1794 tantum
1566 1749 1623 1794 ut
1656 1762 1825 1794 eorum

130 1837 277 1870 sonus
325 1822 606 1884 conplesset
655 1821 898 1869 universa.
968 1825 1084 1882 post
1132 1818 1243 1869 aee‘r
1286 1821 1570 1869 Mnestheus
1617 1819 1824 1868 adducto

131 1898 340 1945 constitit
370 1911 491 1944 areu
522 1897 625 1944 alta
647 1899 818 1956 petens
833 1897 1119 1956 pariterque
1149 1895 1310 1942 oeulos
1341 1895 1579 1955 telumque
1609 1895 1826 1942 tetendit:

133 1970 339 2020 dicendo
366 1986 527 2018 acrem
553 1971 603 2018 et
627 1969 795 2018 oculos
821 1986 933 2016 eum
957 1969 1107 2017 simul
1146 1984 1202 2016 ac
1234 1969 1391 2016 telum
1421 1971 1475 2016 in
1508 1967 1826 2016 altitudinem

133 2045 339 2093 librasse
370 2044 472 2092 iam
511 2043 762 2107 significat
802 2042 993 2105 aliquid
1030 2043 1174 2090 illum
1213 2045 1265 2090 in
1305 2043 1416 2105 ipsa
1455 2044 1561 2090 arte
1597 2042 1825 2090 mirabile

51 2133 106 2167 v215
130 2119 394 2166 facturum.
479 2122 556 2166 ast
607 2120 770 2178 ipsam
819 2117 1130 2166 miserandus
1180 2132 1318 2165 avem
1371 2119 1641 2177 eontinyere
1694 2118 1825 2177 ferro

129 2207 230 2240 non
259 2194 429 2248 valuit,
462 2193 613 2240 nodos
645 2196 687 2240 et
715 2192 916 2240 vincula
945 2192 1078 2239 linea
1107 2193 1256 2251 rupit,
1295 2193 1404 2251 quis
1433 2192 1615 2238 innexa
1636 2191 1812 2251 pedem
1829 2194 1915 2234 510

130 2267 261 2315 malo
306 2267 552 2326 pendebat
605 2267 666 2314 ab
721 2267 845 2314 alto:
904 2266 1027 2313 bene
1078 2266 1246 2327 posuit
1298 2265 1655 2326 miserandum3
1710 2279 1827 2312 nam

255 2427 277 2465 1
312 2436 442 2478 quem
471 2421 559 2465 LR
595 2435 711 2478 quae
743 2421 814 2465 ed.
997 2425 1025 2463 4
1060 2421 1212 2465 noluit
1240 2421 1386 2479 iqitur
1402 2447 1457 2453 —
1474 2420 1711 2464 numerari
1745 2419 1827 2462 LR

37 2507 43 2517 ι
131 2482 283 2526 noluit
311 2495 417 2539 erqo
440 2507 495 2514 —
520 2482 760 2525 munerari
789 2480 861 2525 ed.
893 2481 1039 2524 voluit
1067 2481 1166 2523 i.—
1182 2494 1228 2523 n.
1262 2479 1450 2537 scripsi,
1491 2478 1604 2535 quia
1642 2481 1825 2523 senten-

34 2580 39 2598 ,
131 2541 253 2584 tiam
282 2540 406 2584 hanc
437 2553 538 2584 esse
569 2541 788 2596 apparet:
835 2539 1029 2583 Acestes
1059 2539 1184 2582 inter
1213 2539 1404 2584 iuvenes
1435 2538 1624 2596 prodire
1662 2537 1824 2589 voluit,

35 2602 39 2610 ’
132 2613 227 2643 non
257 2599 429 2643 mentis
460 2598 804 2654 imbecillitate,
830 2598 962 2642 cuius
994 2611 1126 2642 senes
1157 2597 1384 2642 iuvenilia
1414 2599 1672 2642 tractantes
1700 2598 1826 2640 recte

34 2662 41 2691 '-
131 2661 429 2714 accusantur,
461 2658 544 2702 sed
573 2660 629 2702 ut
658 2658 760 2714 ipsc
791 2670 978 2714 quoque
1011 2657 1072 2701 ad
1094 2657 1231 2701 ludos
1255 2656 1509 2702 honorifice
1531 2655 1826 2714 peragendos

131 2731 327 2775 operam
364 2731 498 2761 suam
537 2717 790 2761 contulisse
829 2716 1085 2771 videretur,
1132 2716 1411 2773 praesertim
1454 2730 1559 2760 cum
1602 2714 1692 2759 hoc
1731 2727 1826 2758 cer·

35 2770 44 2823 ἕ
134 2779 295 2821 tamen
327 2776 456 2831 artis,
488 2789 583 2820 non
613 2775 793 2820 roboris
825 2778 959 2820 esset.
1139 2781 1166 2819 5
1199 2776 1409 2820 ludomm
1442 2775 1485 2820 R
1515 2774 1761 2820 laudarum
1791 2773 1826 2816 L

36 2842 45 2900 ξ
133 2837 327 2881 laudum
358 2835 430 2880 ed.
578 2840 634 2879 14
665 2836 923 2880 deverberat
951 2834 1000 2878 L.
1052 2837 1059 2891 1
1115 2835 1219 2880 alas
1247 2835 1283 2878 L
1314 2848 1460 2880 auras
1488 2833 1532 2877 R
1561 2833 1632 2877 ed.
1666 2834 1828 2876 contra

38 2905 43 2933 ῑ
124 2895 328 2952 interpr.
466 2899 521 2939 21
562 2895 803 2951 conplisset
839 2894 876 2937 L
915 2895 1206 2951 conplevisset
1244 2893 1316 2938 ed.
1375 2897 1382 2950 Ι
1438 2893 1597 2938 educto
1636 2891 1707 2936 ed.

137 2958 195 2998 23
228 2967 374 2998 aerem
404 2953 492 2998 LR
523 2953 595 2998 ed.
628 2967 742 2998 corr.
776 2953 848 2998 ed.
879 2954 1001 3010 post.
1165 2957 1223 2997 24
1254 2951 1436 3010 aliquid
1466 2953 1598 2997 imm
1627 2950 1663 2994 L
1695 2951 1826 2994 illum

136 3013 321 3070 aliquid
350 3013 393 3056 R
423 3027 467 3057 a.
491 3013 643 3070 ipsum
673 3012 769 3056 ΗΠ
801 3012 882 3057 cdl
912 3013 1093 3069 aliquid
1123 3012 1233 3056 edF.

227 3095 324 3128 Don.
349 3095 507 3135 interpr.
530 3095 646 3136 Vox-g.
681 3095 756 3127 vol.
772 3095 804 3127 1.
1415 3089 1470 3129 31
