2014 3226
201 179 307 231 316
667 178 896 222 DONATI
927 177 1207 220 INTERPR.
1241 177 1418 221 VERG.

202 322 395 379 linquas
429 323 470 366 et
491 319 740 377 praepetis
771 320 935 365 omma
949 320 1160 376 pinnac:
1192 318 1322 364 inter
1347 317 1513 364 omnia
1539 333 1664 378 quae
1688 319 1892 367 fuerunt

201 394 253 439 in
293 394 379 440 illo
421 394 526 439 viro
567 391 816 439 laudanda
855 393 1016 452 primo
1058 391 1394 454 Troiugenam
1441 391 1587 451 dixit,
1635 393 1690 438 ut
1735 392 1889 453 pluri-

202 484 336 514 mum
385 466 524 512 daret
571 467 616 512 ei
662 466 917 512 hominum
964 465 1132 528 generi
1180 480 1237 512 ex
1285 481 1381 526 quo
1429 465 1529 513 fuit
1580 466 1731 512 etiam
1783 467 1891 527 ipse
1970 464 1981 507 ἶ

203 542 291 601 qui
330 539 580 586 laudabat.
651 541 894 599 interpres
935 538 1124 586 divum:
1166 539 1285 599 quid
1325 539 1518 586 felicius
1561 554 1708 599 quam
1747 554 1889 588 nosse
1978 559 1982 590 ;

202 614 318 675 quid
375 614 533 661 velint
586 613 666 660 vel
722 613 840 673 quid
891 614 1112 674 cogitent
1158 612 1229 659 dii
1275 613 1355 660 vel
1403 612 1608 675 dignum
1655 627 1758 660 esse
1804 629 1893 674 per
1938 629 1962 663 5

203 704 347 748 quem
402 688 671 748 loquantur
724 688 778 732 in
830 686 1112 734 hominibus
1174 684 1415 733 numina?
1500 686 1584 748 qui
1645 686 1891 748 tripodas:
1964 698 1981 707 ‘⁴

201 761 449 822 tripodam
489 760 698 807 dicimus
737 762 891 807 trium
929 760 1125 821 pedum,
1161 776 1289 820 quae
1331 760 1430 807 alio
1470 762 1668 808 nomine
1701 761 1893 808 cortina

204 835 484 896 appellatur
516 837 564 881 et
597 837 670 881 est
700 836 754 881 in
786 835 972 895 templo
1004 834 1270 895 Apollinis.
1335 833 1510 882 Clarii:
1551 835 1707 895 ipsius
1739 834 1892 896 Apol-

202 909 339 968 linis,
386 912 443 955 ut
490 908 555 956 sit
601 907 911 955 ordinatione
950 908 1084 955 facta
1124 909 1213 969 qui
1250 907 1474 969 tripodas
1517 907 1670 955 Clarii
1707 907 1894 955 Phoebi

204 986 251 1030 et
297 983 463 1030 lauros
510 983 662 1030 sentis
705 984 754 1029 et
794 982 976 1042 sidera,
1016 983 1108 1029 hoc
1147 984 1221 1029 est
1262 984 1347 1042 qui
1387 983 1479 1029 scis
1522 981 1640 1043 quid
1679 982 1894 1030 siderum
1918 997 1989 1068 ιο]

201 1059 363 1103 motus
418 1056 758 1117 transitusque
813 1056 1103 1119 significent.
1182 1059 1230 1103 et
1284 1056 1541 1103 volucrum
1593 1057 1791 1119 linguas
1846 1059 1895 1103 et
1986 1073 1989 1114 ι

203 1129 452 1192 praepetis
494 1132 659 1177 omina
698 1131 902 1191 pinnae:
951 1132 1000 1177 et
1038 1129 1170 1177 nosti
1210 1130 1329 1191 quid
1369 1132 1536 1177 avium
1576 1130 1776 1193 linguae
1814 1131 1895 1178 vel
1986 1127 1989 1181 !

203 1204 398 1251 volatus
455 1204 731 1252 ostendant.
810 1220 917 1251 ecce
972 1204 1082 1251 laus
1132 1204 1302 1265 plena,
1364 1219 1477 1251 cum
1524 1204 1655 1252 enim
1701 1203 1896 1251 diversa
1987 1215 1990 1262 ξ

203 1279 305 1325 sint
343 1279 518 1325 vatum
556 1293 736 1342 genera
773 1281 821 1325 et
851 1280 934 1325 vix
967 1278 1164 1340 singula
1195 1277 1569 1326 vaticinationis
1601 1278 1653 1324 in
1686 1277 1894 1341 singulis
1987 1271 1991 1342 ᾖ

202 1353 537 1413 reperiantur,
598 1353 719 1399 haec
775 1355 849 1399 est
901 1351 1083 1399 Heleni
1136 1367 1328 1399 summa
1380 1352 1707 1412 praedicatio,
1763 1351 1895 1413 quod
1919 1346 1991 1424 15}

204 1427 425 1473 omnium
471 1426 833 1486 professionum
881 1426 1090 1473 scientia
1135 1425 1458 1473 redundabat.
1537 1425 1688 1473 sentis
1729 1427 1895 1474 autem

202 1515 301 1546 non
349 1500 499 1547 semel
546 1500 889 1562 accipiendum
939 1502 1034 1561 est,
1095 1498 1149 1546 in
1196 1499 1356 1546 medio
1405 1501 1536 1548 enim
1581 1501 1799 1561 positum
1846 1503 1895 1547 et

203 1573 539 1634 superioribus
574 1576 622 1621 et
653 1573 969 1621 inferioribus
1002 1574 1168 1636 potest
1199 1573 1454 1634 adplicari.
1507 1574 1592 1621 sed
1615 1574 1708 1621 hoc
1730 1575 1896 1636 ipsum

203 1649 355 1695 sentis
402 1663 501 1696 non
548 1647 896 1710 multipliciter
941 1648 1160 1710 positum
1211 1650 1307 1708 est,
1361 1664 1422 1695 116
1476 1649 1604 1695 esset
1657 1647 1895 1708 odiosum,
1980 1711 1982 1714 .

203 1737 291 1768 nec
329 1723 380 1769 in
422 1721 583 1784 capite
623 1725 712 1769 aut
749 1722 802 1768 in
839 1721 958 1783 fine,
1005 1737 1066 1769 ne
1106 1722 1377 1768 multorum
1416 1723 1652 1769 continua
1694 1737 1892 1785 congre·
1918 1739 1964 1772 20

204 1796 341 1858 gatio
381 1795 682 1844 deformaret
721 1794 1001 1843 dictionem.
1064 1795 1231 1856 posuit
1268 1796 1440 1858 igitur,
1471 1798 1530 1843 ut
1567 1797 1669 1843 iam
1708 1795 1894 1843 dictum

205 1871 300 1929 est,
345 1869 398 1916 in
443 1869 629 1930 medio,
676 1872 736 1917 ut
782 1869 1117 1932 superioribus
1160 1869 1573 1931 inferioribusque
1613 1869 1895 1932 adpositum

204 1946 483 2004 praestaret
513 1945 743 2007 gratiam.
795 1946 1062 2005 praecepta
1086 1959 1281 2005 quoque
1304 1943 1580 1992 rhetoricae
1604 1943 1894 2005 disciplinae
1957 1935 1974 1968 4

203 2033 303 2064 non
350 2017 539 2079 omisit,
593 2033 709 2066 nam
758 2019 848 2080 qui
891 2019 1169 2066 necessaria
1213 2017 1448 2079 poscebat
1486 2017 1657 2064 debuit
1696 2018 1894 2066 demon-

205 2092 362 2138 strare
408 2106 550 2152 posse
595 2092 739 2139 illum
786 2092 918 2153 quod
962 2091 1225 2153 petebatur
1269 2093 1546 2140 monstrare
1594 2091 1894 2153 perindeque
1918 2107 1971 2142 ει.

203 2180 303 2212 11011
350 2180 454 2212 esse
502 2164 702 2213 difficile
751 2166 883 2227 quod
930 2168 1058 2213 esset
1103 2165 1399 2228 largiturus,
1442 2165 1733 2214 damnosum
1773 2180 1893 2228 quo-

205 2253 299 2298 que
338 2253 432 2285 non
476 2254 580 2287 esse
619 2255 708 2286 nec
745 2244 916 2301 turpe,
956 2239 997 2287 si
1036 2239 1088 2286 id
1128 2239 1313 2286 diceret
1353 2239 1484 2300 quod
1513 2239 1626 2287 eius
1666 2255 1748 2287 ore
1788 2241 1893 2287 sine

203 2310 362 2373 ipsius
400 2312 604 2374 pudoris
643 2313 939 2361 detrimento
978 2314 1186 2361 numina
1222 2313 1576 2375 praenuntiare
1606 2314 1893 2374 voluissent,

202 2385 465 2433 honestum
503 2402 618 2434 vero
660 2389 710 2434 et
747 2387 1058 2451 religiosum,
1105 2389 1162 2434 ut
1201 2388 1324 2435 civis
1362 2387 1415 2445 in
1453 2387 1600 2435 rebus
1641 2386 1804 2435 dubiis
1844 2388 1894 2434 et

201 2459 492 2520 periculosis
529 2461 798 2509 instrueret
835 2463 1008 2509 civem.
1085 2461 1269 2509 idcirco
1310 2463 1475 2509 autem
1511 2462 1565 2508 in
1604 2461 1712 2523 ipso
1758 2460 1892 2524 prin-

326 2634 348 2671 1
383 2630 539 2673 omnia
563 2631 742 2685 pinnae
771 2629 859 2673 LR
883 2632 1045 2675 omina
1069 2644 1120 2686 p.
1151 2645 1188 2674 r.
1355 2633 1381 2672 6
1412 2630 1671 2675 hominibus
1702 2630 1788 2674 LR
1819 2630 1890 2674 ed.

203 2688 460 2733 ominibus?
511 2690 516 2745 Ι
573 2690 762 2733 nomina
794 2688 880 2732 LR
919 2703 1034 2734 corr.
1068 2689 1138 2734 ed.
1191 2691 1197 2746 Ι
1254 2689 1409 2733 trodas
1442 2687 1484 2731 R
1521 2689 1730 2745 tripodas
1766 2704 1801 2733 r.

203 2750 230 2790 8
265 2746 485 2791 Clarii——
503 2748 738 2803 Apollinis
769 2761 856 2792 om.
884 2749 955 2792 ed.
1081 2752 1136 2792 10
1168 2754 1210 2793 et
1241 2749 1396 2792 lawros
1426 2746 1514 2790 LR.
1543 2753 1584 2792 et
1615 2762 1703 2792 om.
1729 2748 1800 2792 ed.

204 2809 260 2848 15
291 2811 400 2850 esset
430 2805 518 2850 LR
548 2805 621 2850 ed.
653 2810 719 2850 est
746 2821 781 2850 r.
876 2811 932 2850 20
964 2808 1208 2852 multorum
1239 2807 1326 2851 LR
1358 2805 1429 2850 ed.
1454 2820 1511 2850 ‘ne
1534 2821 1590 2850 m.
1614 2806 1650 2850 r'
1684 2807 1894 2865 (egregia

203 2864 468 2908 emendatio
501 2878 558 2908 ex
588 2865 934 2923 haplographia
964 2865 1248 2923 manifesta).
1357 2869 1411 2909 22
1443 2866 1820 2924 interim-ibasque
1849 2865 1894 2911 R.

203 2935 318 2968 corr.
351 2938 388 2967 r.
511 2929 566 2968 26
600 2929 709 2969 esset
738 2925 928 2980 difficile
959 2925 995 2968 L
1027 2939 1117 2970 esse
1147 2925 1259 2970 ⁶1.ss
1290 2925 1362 2969 ed.
1496 2929 1552 2968 28
1585 2926 1774 2970 nomina
1805 2923 1894 2982 121}

203 2994 317 3026 corr.
350 2997 374 3025 r
404 2983 477 3027 ed.
521 2985 527 3040 Ι
570 2984 878 3040 pronuntiare
909 2983 980 3028 ed.
