2014 3226
200 168 308 220 556
670 168 901 211 DONATI
931 168 1211 212 INTER-PR.
1244 168 1286 211 V
1288 168 1423 212 ERG.

199 309 495 371 genitorem,
552 310 690 356 cuius
739 324 888 356 causa
934 311 1128 356 tantum
1177 308 1398 356 laborem
1445 311 1748 370 susceperat,
1809 326 1900 371 per

199 382 272 428 fili
312 397 462 443 spem,
505 398 651 443 quem
691 384 890 429 unicum
922 382 1098 430 habuit
1131 386 1180 429 et
1210 385 1416 443 propter
1450 399 1593 443 quem
1628 383 1899 444 quaerebat

111 461 196 500 365
215 456 429 503 Italiam.
510 458 638 515 eripe
677 471 752 502 me
790 458 880 512 his,
919 458 1107 512 invicte,
1147 457 1323 503 malis:
1372 457 1586 504 multum
1625 457 1786 504 valuit
1833 457 1896 504 ad
1979 484 1982 516 1,

198 530 573 591 inpetrandum,
614 530 746 590 quod
785 531 918 577 mala
956 531 1068 591 ipsa
1106 531 1439 578 miserationis
1480 530 1896 578 commendandae
1979 547 1982 590 j

200 619 348 651 causa
396 603 783 651 demonstrabat.
862 605 1160 666 generalitas
1210 607 1376 651 autem
1422 604 1679 665 petitionis
1726 604 1895 665 ipsius,
1941 595 1987 658 ,εἰ

200 694 296 739 qua
347 677 442 724 sibi
488 677 740 738 provideri
795 677 1049 739 cupiebat,
1104 694 1339 740 magnam
1393 679 1638 726 rationem
1692 680 1896 726 retinet:

198 751 430 812 prudenti
471 752 601 799 enim
647 751 948 812 loquebatur
999 754 1048 800 et
1089 753 1134 798 ei
1182 754 1269 814 qui
1316 754 1634 813 conpetenter
1678 754 1895 800 tractare
1980 750 1981 754 ’

198 826 454 888 negotium
494 828 663 886 posset
703 828 752 872 et
783 827 939 873 animi
971 827 1048 874 sui
1078 826 1438 889 benignitatem
1471 826 1712 887 conplere.
1775 827 1896 874 haec

199 902 272 946 est
311 899 467 962 igitur
506 900 668 961 prima
717 916 833 960 pars
881 900 1152 961 petitionis.
1232 902 1349 962 quia
1400 900 1452 947 in
1500 915 1649 948 causa
1695 899 1897 962 petendi

198 973 423 1021 beneficii
456 973 725 1034 plurimum
758 975 975 1034 prodest,
1014 975 1057 1022 si
1087 975 1346 1036 postulans
1386 974 1470 1021 det
1504 975 1639 1021 viam
1675 976 1896 1035 praesta·
1921 989 1979 1037 iq,

196 1052 309 1094 turo
375 1063 524 1108 quam
581 1050 770 1108 teneat,
833 1048 1027 1096 addidit
1087 1053 1175 1096 aut
1234 1052 1286 1096 tu
1350 1049 1468 1095 milii
1527 1051 1708 1096 terram
1773 1051 1897 1096 inice
1962 1038 1971 1082 Ῐ

201 1121 436 1180 (namque
466 1121 646 1182 potes),
686 1122 820 1183 quod
859 1123 1025 1184 ipsum
1063 1126 1119 1170 ut
1159 1122 1439 1170 ostenderet
1487 1138 1585 1169 non
1626 1137 1727 1170 esse
1768 1122 1896 1169 diffi-
1966 1120 1977 1159 -'

197 1195 303 1254 cile,
345 1196 555 1243 subiecit
584 1200 854 1257 portusque
892 1198 1084 1257 require
1133 1197 1341 1252 Veliuos,
1383 1212 1443 1243 ne
1484 1196 1670 1243 diceret
1701 1195 1894 1244 Aeneas
1970 1212 1974 1222 ·

197 1271 361 1318 nescio
402 1270 492 1317 ubi
537 1270 686 1318 funus
733 1272 876 1318 tuum
922 1271 1082 1332 possit
1127 1272 1348 1332 reperiri.
1427 1285 1536 1318 ecce
1582 1269 1788 1317 tertium
1836 1287 1894 1317 ex
1970 1315 1973 1318 ,

194 1346 446 1405 praesenti
492 1346 746 1392 occasione
803 1345 1023 1406 adplicat
1078 1347 1127 1393 et
1180 1345 1272 1393 hoc
1319 1346 1545 1407 suggerit
1591 1343 1892 1405 dubitanter,
1917 1361 1936 1392 1
1972 1346 1983 1391 ,ἑ

194 1434 255 1464 ne
296 1417 423 1466 forte
463 1420 808 1480 permittatur:
857 1422 944 1466 aut
981 1421 1047 1475 tu,
1087 1420 1131 1466 si
1170 1434 1268 1479 qua
1305 1419 1388 1466 via
1436 1421 1523 1474 est,
1572 1419 1616 1466 si
1661 1433 1760 1478 qua
1809 1419 1894 1466 tibi
1964 1420 1986 1486 ,2ss

197 1492 311 1539 diva
351 1494 560 1540 creatrix
591 1493 798 1540 ostendit
827 1491 1002 1552 (neque
1034 1495 1162 1541 euim
1192 1494 1330 1541 credo
1362 1494 1466 1541 siue
1496 1494 1696 1540 numine
1727 1491 1894 1540 divum
1970 1536 1973 1538 .

105 1571 192 1610 370
209 1568 418 1625 flumina
457 1570 595 1615 tauta
624 1581 787 1626 paras
823 1565 1134 1628 Styyiamque
1164 1568 1340 1615 iuuare
1368 1566 1644 1627 paludem),
1685 1567 1751 1614 da
1782 1568 1893 1615 deoe-
1962 1557 1985 1588 ’ζ

194 1644 323 1688 tram
361 1642 536 1689 misero
577 1644 620 1689 et
656 1645 810 1689 tecum
838 1657 915 1690 me
945 1642 1053 1689 tolle
1073 1657 1169 1701 per
1198 1642 1376 1696 undae,
1416 1641 1609 1689 sedibus
1639 1645 1695 1688 ut
1723 1642 1893 1688 saltem
1985 1636 1988 1646 ¹

183 1715 402 1774 placidis
439 1717 493 1762 iu
530 1718 680 1763 morte
720 1717 978 1775 quiescam.
1056 1718 1144 1764 aut
1181 1718 1239 1763 tu
1277 1715 1467 1777 inquit:
1515 1717 1572 1762 tu
1611 1714 1732 1777 quid
1769 1731 1890 1777 pon-
1924 1737 1949 1755 »ι
1988 1723 1989 1726 ’

194 1788 324 1836 deris
375 1789 558 1837 habeat
607 1789 886 1838 videamus:
942 1793 999 1837 tu
1055 1791 1141 1852 qui
1193 1805 1243 1837 es
1297 1789 1463 1837 meriti
1516 1790 1751 1851 potioris,
1806 1788 1892 1850 qui
1986 1817 1992 1820 <

195 1878 348 1927 genus
396 1863 534 1911 ducis
575 1879 606 1911 a
652 1866 867 1926 superis,
923 1864 1008 1926 qui
1055 1866 1282 1926 praestas
1327 1864 1527 1927 ingenio
1575 1865 1625 1911 et
1671 1864 1891 1924 corporis
1961 1866 1964 1871 '

193 1937 379 1985 virtute
427 1938 756 2000 cogitationes
805 1941 1058 2000 susceptas
1106 1938 1243 1986 vales
1288 1938 1492 2000 inplere.
1571 1938 1615 1985 si
1662 1953 1760 1998 qua
1807 1937 1891 1985 via

195 2012 291 2071 est,
347 2011 667 2060 consiliorum
720 2013 910 2060 scilicet
963 2013 1043 2060 vel
1098 2011 1313 2061 effectus
1398 2013 1442 2059 si
1489 2026 1587 2073 qua
1634 2011 1727 2058 tibi
1773 2010 1890 2059 diva

195 2086 407 2133 creatrix
446 2086 688 2147 ostendit,
740 2086 893 2134 habes
933 2087 1064 2134 enim
1104 2086 1247 2134 deam
1285 2088 1519 2146 matrem,
1575 2101 1701 2146 quae
1747 2100 1887 2147 prae·
1919 2106 1950 2125 -ω
1991 2141 1995 2150 .

195 2160 327 2207 stitit
357 2162 413 2207 ut
443 2159 538 2206 tibi
569 2161 636 2208 sit
665 2176 878 2222 pronum
911 2160 1044 2222 quod
1083 2161 1196 2208 aliis
1228 2176 1327 2208 non
1358 2160 1490 2207 licet.
1567 2174 1724 2221 neque
1757 2160 1888 2207 enim

193 2232 336 2281 credo
381 2234 486 2281 sine
525 2235 726 2282 numine
766 2234 936 2282 divum
968 2234 1175 2282 flumina
1204 2236 1350 2282 tanta
1381 2248 1530 2295 paras
1562 2232 1888 2295 Stygiamque
1946 2231 1950 2244 ''

192 2308 366 2355 innare
411 2307 668 2370 paludem:
721 2310 914 2356 occasio
962 2308 1299 2370 praesentium
1350 2307 1486 2357 dedit
1536 2307 1581 2354 ei
1628 2322 1887 2370 argumen-
1954 2362 1962 2369 ,.

191 2379 334 2429 tandi
374 2381 722 2444 substantiam,
761 2382 1006 2445 quomodo
1045 2381 1155 2443 tibi,
1193 2383 1380 2444 inquit,
1420 2381 1492 2429 dii
1529 2382 1891 2443 praestiterunt

315 2572 337 2611 1
357 2581 443 2623 per
463 2567 535 2621 tili
553 2593 606 2598 —
625 2572 651 2610 2
674 2567 836 2611 habuit
859 2580 947 2610 om.
966 2566 1036 2611 ed.
1124 2571 1150 2610 6
1176 2581 1346 2624 mayna
1367 2567 1590 2611 rationem
1607 2565 1649 2609 V
1670 2579 1887 2623 mayuam

193 2625 264 2670 ed.
298 2625 465 2670 melius
503 2625 704 2670 fortasse
742 2627 1084 2684 yeueralitatem
1123 2653 1178 2658 —
1219 2652 1274 2658 —-
1316 2640 1486 2683 mayua
1519 2626 1698 2670 ratione
1726 2639 1764 2668 r.

193 2685 454 2742 Seoupleri
475 2684 519 2729 V
549 2685 768 2740 conplecti
799 2685 870 2728 ed.
985 2689 1040 2729 10
1065 2686 1347 2741 praestitum
1379 2684 1450 2728 ed.
1561 2688 1613 2728 11
1647 2683 1782 2727 addit
1811 2683 1885 2727 ed.

285 2749 338 2788 12
370 2757 455 2800 pro
486 2758 681 2800 ‘namque
705 2749 835 2799 potes
863 2743 958 2788 tria
987 2746 1166 2801 puncta
1196 2743 1251 2788 V.
1365 2749 1420 2788 14
1447 2747 1597 2800 posset
1625 2742 1668 2786 V
1691 2742 1763 2786 ed.

194 2807 248 2846 15
282 2803 476 2860 adplicit
503 2802 547 2847 V
577 2803 723 2848 adicit
752 2802 823 2847 ed.
919 2807 973 2846 16
1005 2804 1286 2859 permittitur
1307 2802 1350 2847 V
1382 2808 1510 2847 -atur
1538 2815 1623 2845 nos
1654 2815 1749 2845 nou
1779 2814 1891 2846 cou—
1975 2856 1979 2861 .

191 2863 420 2907 cederetur
451 2862 522 2906 ed..
551 2864 558 2919 Ι
585 2863 628 2906 si
658 2876 751 2919 qua
782 2863 869 2906 tibi
899 2861 1031 2919 (item
1055 2861 1196 2918 infra>
1226 2861 1269 2906 V
1291 2863 1334 2906 si
1357 2876 1494 2918 quam
1517 2865 1547 2906 t.
1574 2860 1646 2904 ed.
1672 2862 1719 2904 et
1741 2860 1881 2916 Verg.
1940 2871 1942 2874 ·

190 2920 303 2964 libri
332 2920 430 2965 fere
462 2934 635 2966 omnes.
781 2926 835 2965 21
867 2923 932 2966 eis
964 2920 1005 2962 V
1035 2935 1082 2966 es
1112 2921 1279 2977 scripsi
1310 2935 1415 2964 cum
1447 2921 1519 2964 ed.
1672 2923 1728 2963 27
1760 2924 1890 2976 asty·—
1931 2930 1934 2932 ’

138 3037 142 3041 ,
189 2982 400 3038 qia-mque
429 2979 485 3024 V.
1869 2977 1876 2984 '
1992 2982 1995 2992 '
