<?xml version="1.0" encoding="UTF-8"?>
<!DOCTYPE html PUBLIC "-//W3C//DTD XHTML 1.0 Transitional//EN"
    "http://www.w3.org/TR/xhtml1/DTD/xhtml1-transitional.dtd">
<html xmlns="http://www.w3.org/1999/xhtml" xml:lang="en" lang="en">
 <head>
  <title>
</title>
<meta http-equiv="Content-Type" content="text/html;charset=utf-8" />
  <meta name='ocr-system' content='tesseract 3.04.00' />
  <meta name='ocr-capabilities' content='ocr_page ocr_carea ocr_par ocr_line ocrx_word'/>
</head>
<body>
  <div class='ocr_page' id='page_1' title='image "./interpretationes01donauoft_0367.png"; bbox 0 0 2014 3226; ppageno 0'>
   <div class='ocr_carea' id='block_1_1' title="bbox 22 650 28 715">
    <p class='ocr_par' dir='ltr' id='par_1_1' title="bbox 22 650 28 715">
     <span class='ocr_line' id='line_1_1' title="bbox 22 650 28 715; baseline 0 -9"><span class='ocrx_word' id='word_1_1' title='bbox 22 650 28 715; x_wconf 78' lang='grc'>1</span> 
     </span>
    </p>
   </div>
   <div class='ocr_carea' id='block_1_2' title="bbox 774 169 1818 223">
    <p class='ocr_par' dir='ltr' id='par_1_2' title="bbox 774 169 1818 223">
     <span class='ocr_line' id='line_1_2' title="bbox 774 169 1818 223; baseline 0.001 -11"><span class='ocrx_word' id='word_1_2' title='bbox 774 169 1075 214; x_wconf 84' lang='lat' dir='ltr'>AENEIDOS</span> <span class='ocrx_word' id='word_1_3' title='bbox 1108 171 1170 213; x_wconf 94' lang='lat' dir='ltr'>III</span> <span class='ocrx_word' id='word_1_4' title='bbox 1714 172 1818 223; x_wconf 72' lang='lat'>317</span> 
     </span>
    </p>
   </div>
   <div class='ocr_carea' id='block_1_3' title="bbox 133 310 1820 374">
    <p class='ocr_par' dir='ltr' id='par_1_3' title="bbox 133 310 1820 374">
     <span class='ocr_line' id='line_1_3' title="bbox 133 310 1820 374; baseline 0 -16"><span class='ocrx_word' id='word_1_5' title='bbox 133 313 263 373; x_wconf 81' lang='lat' dir='ltr'>cipio</span> <span class='ocrx_word' id='word_1_6' title='bbox 321 311 651 374; x_wconf 86' lang='lat' dir='ltr'>Troiugenam</span> <span class='ocrx_word' id='word_1_7' title='bbox 708 310 855 369; x_wconf 86' lang='lat' dir='ltr'>dixit,</span> <span class='ocrx_word' id='word_1_8' title='bbox 913 312 969 357; x_wconf 94' lang='lat' dir='ltr'>ut</span> <span class='ocrx_word' id='word_1_9' title='bbox 1024 310 1181 358; x_wconf 78' lang='lat' dir='ltr'>civica</span> <span class='ocrx_word' id='word_1_10' title='bbox 1233 311 1471 374; x_wconf 85' lang='lat' dir='ltr'>religione</span> <span class='ocrx_word' id='word_1_11' title='bbox 1527 312 1820 359; x_wconf 84' lang='lat' dir='ltr'>constrictus</span> 
     </span>
    </p>
   </div>
   <div class='ocr_carea' id='block_1_4' title="bbox 134 385 1822 593">
    <p class='ocr_par' dir='ltr' id='par_1_4' title="bbox 134 385 1822 593">
     <span class='ocr_line' id='line_1_4' title="bbox 135 385 1820 447; baseline 0 -16"><span class='ocrx_word' id='word_1_12' title='bbox 135 385 265 446; x_wconf 92' lang='lat' dir='ltr'>quod</span> <span class='ocrx_word' id='word_1_13' title='bbox 296 386 495 445; x_wconf 90' lang='lat' dir='ltr'>poterat</span> <span class='ocrx_word' id='word_1_14' title='bbox 526 400 624 432; x_wconf 93' lang='lat' dir='ltr'>non</span> <span class='ocrx_word' id='word_1_15' title='bbox 656 385 872 446; x_wconf 88' lang='lat' dir='ltr'>negaret.</span> <span class='ocrx_word' id='word_1_16' title='bbox 928 386 1037 443; x_wconf 78' lang='lat' dir='ltr'>fare</span> <span class='ocrx_word' id='word_1_17' title='bbox 1069 399 1180 443; x_wconf 71' lang='lat' dir='ltr'>aye:</span> <span class='ocrx_word' id='word_1_18' title='bbox 1209 385 1541 433; x_wconf 77' lang='lat' dir='ltr'><strong>hortationem</strong></span> <span class='ocrx_word' id='word_1_19' title='bbox 1573 387 1820 447; x_wconf 82' lang='lat' dir='ltr'>poscentis</span> 
     </span>
     <span class='ocr_line' id='line_1_5' title="bbox 134 457 1822 521; baseline 0 -16"><span class='ocrx_word' id='word_1_20' title='bbox 134 458 438 521; x_wconf 80' lang='lat' dir='ltr'>significant,</span> <span class='ocrx_word' id='word_1_21' title='bbox 483 473 583 505; x_wconf 90' lang='lat' dir='ltr'>non</span> <span class='ocrx_word' id='word_1_22' title='bbox 631 457 980 506; x_wconf 78' lang='lat' dir='ltr'>auctoritatem</span> <span class='ocrx_word' id='word_1_23' title='bbox 1031 458 1264 506; x_wconf 90' lang='lat' dir='ltr'>iubentis.</span> <span class='ocrx_word' id='word_1_24' title='bbox 1341 458 1462 507; x_wconf 83' lang='lat' dir='ltr'>dicit</span> <span class='ocrx_word' id='word_1_25' title='bbox 1510 461 1612 506; x_wconf 86' lang='lat' dir='ltr'>iam</span> <span class='ocrx_word' id='word_1_26' title='bbox 1662 459 1822 520; x_wconf 82' lang='lat' dir='ltr'><strong>ipsam</strong></span> 
     </span>
     <span class='ocr_line' id='line_1_6' title="bbox 134 531 1822 593; baseline 0 -14"><span class='ocrx_word' id='word_1_27' title='bbox 134 547 334 580; x_wconf 83' lang='lat' dir='ltr'>causam</span> <span class='ocrx_word' id='word_1_28' title='bbox 373 548 498 593; x_wconf 90' lang='lat' dir='ltr'>quae</span> <span class='ocrx_word' id='word_1_29' title='bbox 538 531 682 578; x_wconf 90' lang='lat' dir='ltr'>illum</span> <span class='ocrx_word' id='word_1_30' title='bbox 715 531 983 578; x_wconf 81' lang='lat' dir='ltr'>sollicitum</span> <span class='ocrx_word' id='word_1_31' title='bbox 1016 532 1250 580; x_wconf 74' lang='lat' dir='ltr'>faciebat:</span> <span class='ocrx_word' id='word_1_32' title='bbox 1290 547 1499 593; x_wconf 74' lang='lat' dir='ltr'>namque</span> <span class='ocrx_word' id='word_1_33' title='bbox 1529 535 1684 580; x_wconf 77' lang='lat' dir='ltr'>omnis</span> <span class='ocrx_word' id='word_1_34' title='bbox 1715 548 1822 580; x_wconf 80' lang='lat' dir='ltr'>cm·-</span> 
     </span>
    </p>
   </div>
   <div class='ocr_carea' id='block_1_5' title="bbox 87 606 1823 665">
    <p class='ocr_par' dir='ltr' id='par_1_5' title="bbox 87 606 1823 665">
     <span class='ocr_line' id='line_1_7' title="bbox 87 606 1823 665; baseline 0.001 -12"><span class='ocrx_word' id='word_1_35' title='bbox 87 621 108 663; x_wconf 75' lang='lat'><strong>5</strong></span> <span class='ocrx_word' id='word_1_36' title='bbox 132 621 241 653; x_wconf 78' lang='lat' dir='ltr'>sum</span> <span class='ocrx_word' id='word_1_37' title='bbox 278 607 398 653; x_wconf 65' lang='lat' dir='ltr'>mihi</span> <span class='ocrx_word' id='word_1_38' title='bbox 427 620 669 665; x_wconf 74' lang='lat' dir='ltr'>prospera</span> <span class='ocrx_word' id='word_1_39' title='bbox 708 606 830 652; x_wconf 67' lang='lat' dir='ltr'>dimit</span> <span class='ocrx_word' id='word_1_40' title='bbox 866 606 1034 664; x_wconf 67' lang='lat' dir='ltr'>reliyio</span> <span class='ocrx_word' id='word_1_41' title='bbox 1076 609 1117 652; x_wconf 73' lang='lat' dir='ltr'>et</span> <span class='ocrx_word' id='word_1_42' title='bbox 1148 609 1304 654; x_wconf 73' lang='lat' dir='ltr'>cuncti</span> <span class='ocrx_word' id='word_1_43' title='bbox 1334 610 1596 654; x_wconf 70' lang='lat' dir='ltr'>suaserunt</span> <span class='ocrx_word' id='word_1_44' title='bbox 1623 609 1823 654; x_wconf 73' lang='lat' dir='ltr'>numine</span> 
     </span>
    </p>
   </div>
   <div class='ocr_carea' id='block_1_6' title="bbox 133 680 1909 964">
    <p class='ocr_par' dir='ltr' id='par_1_6' title="bbox 133 680 1909 964">
     <span class='ocr_line' id='line_1_8' title="bbox 133 680 1909 740; baseline -0.002 -12"><span class='ocrx_word' id='word_1_45' title='bbox 133 681 235 728; x_wconf 70' lang='lat' dir='ltr'>divi</span> <span class='ocrx_word' id='word_1_46' title='bbox 264 680 470 727; x_wconf 77' lang='lat' dir='ltr'>Italiam</span> <span class='ocrx_word' id='word_1_47' title='bbox 507 683 663 738; x_wconf 77' lang='lat' dir='ltr'>petere</span> <span class='ocrx_word' id='word_1_48' title='bbox 695 683 738 727; x_wconf 74' lang='lat' dir='ltr'>et</span> <span class='ocrx_word' id='word_1_49' title='bbox 767 683 923 726; x_wconf 75' lang='lat' dir='ltr'>terras</span> <span class='ocrx_word' id='word_1_50' title='bbox 955 682 1184 738; x_wconf 71' lang='lat' dir='ltr'>temptare</span> <span class='ocrx_word' id='word_1_51' title='bbox 1216 684 1454 740; x_wconf 74' lang='lat' dir='ltr'>repostas:</span> <span class='ocrx_word' id='word_1_52' title='bbox 1493 682 1597 728; x_wconf 81' lang='lat' dir='ltr'>sola</span> <span class='ocrx_word' id='word_1_53' title='bbox 1628 695 1806 728; x_wconf 73' lang='lat' dir='ltr'>novum</span> <span class='ocrx_word' id='word_1_54' title='bbox 1823 687 1909 725; x_wconf 85' lang='lat'>365</span> 
     </span>
     <span class='ocr_line' id='line_1_9' title="bbox 133 752 1822 815; baseline 0.001 -14"><span class='ocrx_word' id='word_1_55' title='bbox 133 755 355 813; x_wconf 77' lang='lat' dir='ltr'>dictuque</span> <span class='ocrx_word' id='word_1_56' title='bbox 399 755 542 814; x_wconf 69' lang='lat' dir='ltr'>nefas</span> <span class='ocrx_word' id='word_1_57' title='bbox 587 755 797 814; x_wconf 72' lang='lat' dir='ltr'>harpye&#39;a</span> <span class='ocrx_word' id='word_1_58' title='bbox 841 752 1043 801; x_wconf 75' lang='lat' dir='ltr'><em>Celaeno</em></span> <span class='ocrx_word' id='word_1_59' title='bbox 1084 755 1370 815; x_wconf 70' lang='lat' dir='ltr'>prodiqc&#39;um</span> <span class='ocrx_word' id='word_1_60' title='bbox 1416 757 1546 802; x_wconf 75' lang='lat' dir='ltr'>canit</span> <span class='ocrx_word' id='word_1_61' title='bbox 1592 759 1634 803; x_wconf 75' lang='lat' dir='ltr'>et</span> <span class='ocrx_word' id='word_1_62' title='bbox 1671 756 1822 802; x_wconf 74' lang='lat' dir='ltr'>tristis</span> 
     </span>
     <span class='ocr_line' id='line_1_10' title="bbox 133 828 1820 888; baseline 0 -13"><span class='ocrx_word' id='word_1_63' title='bbox 133 829 387 875; x_wconf 73' lang='lat' dir='ltr'>denuntiat</span> <span class='ocrx_word' id='word_1_64' title='bbox 430 828 536 875; x_wconf 80' lang='lat' dir='ltr'>iras</span> <span class='ocrx_word' id='word_1_65' title='bbox 581 828 923 886; x_wconf 77' lang='lat' dir='ltr'><strong><em>obscenamque</em></strong></span> <span class='ocrx_word' id='word_1_66' title='bbox 968 829 1173 887; x_wconf 81' lang='lat' dir='ltr'>famem:</span> <span class='ocrx_word' id='word_1_67' title='bbox 1227 843 1350 887; x_wconf 78' lang='lat' dir='ltr'>quae</span> <span class='ocrx_word' id='word_1_68' title='bbox 1387 830 1556 888; x_wconf 75' lang='lat' dir='ltr'>prima</span> <span class='ocrx_word' id='word_1_69' title='bbox 1598 830 1820 888; x_wconf 77' lang='lat' dir='ltr'>pericula</span> 
     </span>
     <span class='ocr_line' id='line_1_11' title="bbox 138 901 1823 964; baseline 0.001 -16"><span class='ocrx_word' id='word_1_70' title='bbox 138 902 262 950; x_wconf 72' lang='lat' dir='ltr'>vito?</span> <span class='ocrx_word' id='word_1_71' title='bbox 314 901 545 964; x_wconf 86' lang='lat' dir='ltr'>prodigia</span> <span class='ocrx_word' id='word_1_72' title='bbox 577 901 809 948; x_wconf 84' lang='lat' dir='ltr'>dicuntur</span> <span class='ocrx_word' id='word_1_73' title='bbox 833 901 1010 962; x_wconf 89' lang='lat' dir='ltr'>quibus</span> <span class='ocrx_word' id='word_1_74' title='bbox 1037 901 1393 949; x_wconf 74' lang='lat' dir='ltr'>denuntiantur</span> <span class='ocrx_word' id='word_1_75' title='bbox 1425 903 1645 950; x_wconf 86' lang='lat' dir='ltr'>adversa.</span> <span class='ocrx_word' id='word_1_76' title='bbox 1698 902 1823 949; x_wconf 85' lang='lat' dir='ltr'>dixit</span> 
     </span>
    </p>
   </div>
   <div class='ocr_carea' id='block_1_7' title="bbox 69 974 1821 1039">
    <p class='ocr_par' dir='ltr' id='par_1_7' title="bbox 69 974 1821 1039">
     <span class='ocr_line' id='line_1_12' title="bbox 69 974 1821 1039; baseline 0 -16"><span class='ocrx_word' id='word_1_77' title='bbox 69 992 111 1023; x_wconf 89' lang='lat'>10</span> <span class='ocrx_word' id='word_1_78' title='bbox 136 991 251 1039; x_wconf 86' lang='lat' dir='ltr'>ergo</span> <span class='ocrx_word' id='word_1_79' title='bbox 299 978 457 1023; x_wconf 91' lang='lat' dir='ltr'>metus</span> <span class='ocrx_word' id='word_1_80' title='bbox 499 976 575 1024; x_wconf 88' lang='lat' dir='ltr'>sui</span> <span class='ocrx_word' id='word_1_81' title='bbox 614 990 835 1035; x_wconf 85' lang='lat' dir='ltr'>causam,</span> <span class='ocrx_word' id='word_1_82' title='bbox 879 974 1055 1022; x_wconf 82' lang='lat' dir='ltr'>dehine</span> <span class='ocrx_word' id='word_1_83' title='bbox 1093 975 1363 1023; x_wconf 87' lang='lat' dir='ltr'>remedium</span> <span class='ocrx_word' id='word_1_84' title='bbox 1403 978 1562 1038; x_wconf 78' lang='lat' dir='ltr'>poscit</span> <span class='ocrx_word' id='word_1_85' title='bbox 1601 992 1698 1038; x_wconf 91' lang='lat' dir='ltr'>quo</span> <span class='ocrx_word' id='word_1_86' title='bbox 1739 976 1821 1023; x_wconf 86' lang='lat' dir='ltr'>ad-</span> 
     </span>
    </p>
   </div>
   <div class='ocr_carea' id='block_1_8' title="bbox 134 1049 1911 1257">
    <p class='ocr_par' dir='ltr' id='par_1_8' title="bbox 134 1049 1911 1257">
     <span class='ocr_line' id='line_1_13' title="bbox 136 1049 1823 1113; baseline 0.001 -16"><span class='ocrx_word' id='word_1_87' title='bbox 136 1064 278 1098; x_wconf 83' lang='lat' dir='ltr'>versa</span> <span class='ocrx_word' id='word_1_88' title='bbox 325 1051 492 1098; x_wconf 87' lang='lat' dir='ltr'>omnia</span> <span class='ocrx_word' id='word_1_89' title='bbox 536 1049 749 1096; x_wconf 86' lang='lat' dir='ltr'>tolerare</span> <span class='ocrx_word' id='word_1_90' title='bbox 794 1050 962 1110; x_wconf 87' lang='lat' dir='ltr'>posset</span> <span class='ocrx_word' id='word_1_91' title='bbox 1009 1052 1094 1096; x_wconf 91' lang='lat' dir='ltr'>aut</span> <span class='ocrx_word' id='word_1_92' title='bbox 1145 1050 1324 1113; x_wconf 85' lang='lat' dir='ltr'>fugere.</span> <span class='ocrx_word' id='word_1_93' title='bbox 1401 1050 1583 1097; x_wconf 81' lang='lat' dir='ltr'>ideireo</span> <span class='ocrx_word' id='word_1_94' title='bbox 1631 1050 1823 1098; x_wconf 88' lang='lat' dir='ltr'>addidit</span> 
     </span>
     <span class='ocr_line' id='line_1_14' title="bbox 134 1123 1489 1183; baseline 0 -12"><span class='ocrx_word' id='word_1_95' title='bbox 134 1123 307 1183; x_wconf 76' lang='lat' dir='ltr'>quidve</span> <span class='ocrx_word' id='word_1_96' title='bbox 343 1138 546 1183; x_wconf 73' lang='lat' dir='ltr'>sequens</span> <span class='ocrx_word' id='word_1_97' title='bbox 585 1126 742 1171; x_wconf 75' lang='lat' dir='ltr'>tantos</span> <span class='ocrx_word' id='word_1_98' title='bbox 770 1124 960 1183; x_wconf 75' lang='lat' dir='ltr'>possim</span> <span class='ocrx_word' id='word_1_99' title='bbox 998 1138 1231 1182; x_wconf 71' lang='lat' dir='ltr'>superare</span> <span class='ocrx_word' id='word_1_100' title='bbox 1270 1125 1489 1171; x_wconf 70' lang='lat' dir='ltr'>labores?</span> 
     </span>
     <span class='ocr_line' id='line_1_15' title="bbox 244 1197 1911 1257; baseline 0 -14"><span class='ocrx_word' id='word_1_101' title='bbox 244 1197 343 1244; x_wconf 77' lang='lat' dir='ltr'>Hic</span> <span class='ocrx_word' id='word_1_102' title='bbox 388 1197 606 1245; x_wconf 72' lang='lat' dir='ltr'>Helenus</span> <span class='ocrx_word' id='word_1_103' title='bbox 653 1199 806 1245; x_wconf 77' lang='lat' dir='ltr'>eaesis</span> <span class='ocrx_word' id='word_1_104' title='bbox 843 1199 1067 1257; x_wconf 73' lang='lat' dir='ltr'>primum</span> <span class='ocrx_word' id='word_1_105' title='bbox 1113 1198 1171 1245; x_wconf 81' lang='lat' dir='ltr'>cle</span> <span class='ocrx_word' id='word_1_106' title='bbox 1215 1211 1346 1245; x_wconf 76' lang='lat' dir='ltr'>more</span> <span class='ocrx_word' id='word_1_107' title='bbox 1390 1199 1603 1245; x_wconf 72' lang='lat' dir='ltr'>iuvencis</span> <span class='ocrx_word' id='word_1_108' title='bbox 1645 1201 1809 1245; x_wconf 76' lang='lat' dir='ltr'>eoeorat</span> <span class='ocrx_word' id='word_1_109' title='bbox 1826 1204 1911 1243; x_wconf 85' lang='lat'>370</span> 
     </span>
    </p>
   </div>
   <div class='ocr_carea' id='block_1_9' title="bbox 25 1271 1821 1331">
    <p class='ocr_par' dir='ltr' id='par_1_9' title="bbox 25 1271 1821 1331">
     <span class='ocr_line' id='line_1_16' title="bbox 25 1271 1821 1331; baseline 0 -12"><span class='ocrx_word' id='word_1_110' title='bbox 25 1324 39 1331; x_wconf 60' lang='lat'>‚</span> <span class='ocrx_word' id='word_1_111' title='bbox 125 1286 299 1331; x_wconf 76' lang='lat' dir='ltr'>pacem</span> <span class='ocrx_word' id='word_1_112' title='bbox 354 1271 520 1318; x_wconf 70' lang='lat' dir='ltr'>divum</span> <span class='ocrx_word' id='word_1_113' title='bbox 572 1273 809 1331; x_wconf 75' lang='lat' dir='ltr'>vittasque</span> <span class='ocrx_word' id='word_1_114' title='bbox 861 1271 1057 1319; x_wconf 76' lang='lat' dir='ltr'>resolvit</span> <span class='ocrx_word' id='word_1_115' title='bbox 1107 1274 1289 1320; x_wconf 69' lang='lat' dir='ltr'>sacrati</span> <span class='ocrx_word' id='word_1_116' title='bbox 1343 1274 1543 1331; x_wconf 72' lang='lat' dir='ltr'>capitis:</span> <span class='ocrx_word' id='word_1_117' title='bbox 1604 1271 1821 1319; x_wconf 86' lang='lat' dir='ltr'>Helenus</span> 
     </span>
    </p>
   </div>
   <div class='ocr_carea' id='block_1_10' title="bbox 67 1344 1821 1407">
    <p class='ocr_par' dir='ltr' id='par_1_10' title="bbox 67 1344 1821 1407">
     <span class='ocr_line' id='line_1_17' title="bbox 67 1344 1821 1407; baseline -0.001 -12"><span class='ocrx_word' id='word_1_118' title='bbox 67 1362 109 1395; x_wconf 81' lang='lat'>15</span> <span class='ocrx_word' id='word_1_119' title='bbox 133 1344 259 1392; x_wconf 87' lang='lat' dir='ltr'>nihil</span> <span class='ocrx_word' id='word_1_120' title='bbox 298 1345 495 1393; x_wconf 83' lang='lat' dir='ltr'>Aeneae</span> <span class='ocrx_word' id='word_1_121' title='bbox 541 1345 819 1407; x_wconf 90' lang='lat' dir='ltr'>postulanti</span> <span class='ocrx_word' id='word_1_122' title='bbox 864 1345 1143 1407; x_wconf 86' lang='lat' dir='ltr'>respondit,</span> <span class='ocrx_word' id='word_1_123' title='bbox 1186 1347 1245 1392; x_wconf 94' lang='lat' dir='ltr'>ut</span> <span class='ocrx_word' id='word_1_124' title='bbox 1284 1347 1530 1393; x_wconf 83' lang='lat' dir='ltr'>facturum</span> <span class='ocrx_word' id='word_1_125' title='bbox 1570 1361 1671 1394; x_wconf 90' lang='lat' dir='ltr'>sese</span> <span class='ocrx_word' id='word_1_126' title='bbox 1710 1361 1821 1407; x_wconf 92' lang='lat' dir='ltr'>pro-</span> 
     </span>
    </p>
   </div>
   <div class='ocr_carea' id='block_1_11' title="bbox 133 1413 1823 1705">
    <p class='ocr_par' dir='ltr' id='par_1_11' title="bbox 133 1413 1823 1705">
     <span class='ocr_line' id='line_1_18' title="bbox 134 1413 1822 1485; baseline 0.001 -19"><span class='ocrx_word' id='word_1_127' title='bbox 134 1419 354 1466; x_wconf 73' lang='lat' dir='ltr'>mitteret</span> <span class='ocrx_word' id='word_1_128' title='bbox 400 1421 490 1466; x_wconf 90' lang='lat' dir='ltr'>aut</span> <span class='ocrx_word' id='word_1_129' title='bbox 535 1421 740 1482; x_wconf 81' lang='lat' dir='ltr'>negaret</span> <span class='ocrx_word' id='word_1_130' title='bbox 787 1413 950 1485; x_wconf 82' lang='lat' dir='ltr'>(fieret</span> <span class='ocrx_word' id='word_1_131' title='bbox 995 1421 1125 1467; x_wconf 90' lang='lat' dir='ltr'>enim</span> <span class='ocrx_word' id='word_1_132' title='bbox 1165 1434 1305 1468; x_wconf 87' lang='lat' dir='ltr'>mora</span> <span class='ocrx_word' id='word_1_133' title='bbox 1344 1434 1579 1482; x_wconf 91' lang='lat' dir='ltr'>suspenso</span> <span class='ocrx_word' id='word_1_134' title='bbox 1620 1421 1669 1466; x_wconf 90' lang='lat' dir='ltr'>et</span> <span class='ocrx_word' id='word_1_135' title='bbox 1706 1435 1822 1467; x_wconf 81' lang='lat' dir='ltr'>ven·</span> 
     </span>
     <span class='ocr_line' id='line_1_19' title="bbox 133 1487 1823 1559; baseline 0 -19"><span class='ocrx_word' id='word_1_136' title='bbox 133 1495 297 1540; x_wconf 92' lang='lat' dir='ltr'>torum</span> <span class='ocrx_word' id='word_1_137' title='bbox 335 1494 586 1555; x_wconf 85' lang='lat' dir='ltr'>prosperis</span> <span class='ocrx_word' id='word_1_138' title='bbox 626 1487 868 1559; x_wconf 85' lang='lat' dir='ltr'>flatibus),</span> <span class='ocrx_word' id='word_1_139' title='bbox 916 1493 1023 1554; x_wconf 88' lang='lat' dir='ltr'>sed,</span> <span class='ocrx_word' id='word_1_140' title='bbox 1074 1493 1206 1555; x_wconf 90' lang='lat' dir='ltr'>quod</span> <span class='ocrx_word' id='word_1_141' title='bbox 1244 1494 1408 1541; x_wconf 88' lang='lat' dir='ltr'>fuerat</span> <span class='ocrx_word' id='word_1_142' title='bbox 1445 1494 1643 1554; x_wconf 84' lang='lat' dir='ltr'>melius,</span> <span class='ocrx_word' id='word_1_143' title='bbox 1692 1493 1823 1554; x_wconf 91' lang='lat' dir='ltr'>quod</span> 
     </span>
     <span class='ocr_line' id='line_1_20' title="bbox 134 1567 1822 1629; baseline -0.001 -14"><span class='ocrx_word' id='word_1_144' title='bbox 134 1581 233 1615; x_wconf 92' lang='lat' dir='ltr'>non</span> <span class='ocrx_word' id='word_1_145' title='bbox 270 1568 567 1629; x_wconf 89' lang='lat' dir='ltr'>promiserat</span> <span class='ocrx_word' id='word_1_146' title='bbox 604 1567 767 1615; x_wconf 85' lang='lat' dir='ltr'>verbis</span> <span class='ocrx_word' id='word_1_147' title='bbox 801 1568 1144 1629; x_wconf 81' lang='lat' dir='ltr'>conpleturum</span> <span class='ocrx_word' id='word_1_148' title='bbox 1177 1583 1226 1615; x_wconf 91' lang='lat' dir='ltr'>se</span> <span class='ocrx_word' id='word_1_149' title='bbox 1258 1569 1405 1616; x_wconf 80' lang='lat' dir='ltr'>factis</span> <span class='ocrx_word' id='word_1_150' title='bbox 1437 1567 1822 1615; x_wconf 86' lang='lat' dir='ltr'>evidentioribus</span> 
     </span>
     <span class='ocr_line' id='line_1_21' title="bbox 135 1640 1822 1705; baseline 0 -17"><span class='ocrx_word' id='word_1_151' title='bbox 135 1640 507 1689; x_wconf 86' lang='lat' dir='ltr'>demonstrabat</span> <span class='ocrx_word' id='word_1_152' title='bbox 558 1644 730 1689; x_wconf 90' lang='lat' dir='ltr'>tenens</span> <span class='ocrx_word' id='word_1_153' title='bbox 786 1641 1007 1690; x_wconf 88' lang='lat' dir='ltr'>ordinem</span> <span class='ocrx_word' id='word_1_154' title='bbox 1068 1644 1194 1689; x_wconf 89' lang='lat' dir='ltr'>ritus</span> <span class='ocrx_word' id='word_1_155' title='bbox 1256 1642 1346 1690; x_wconf 89' lang='lat' dir='ltr'>sui.</span> <span class='ocrx_word' id='word_1_156' title='bbox 1430 1642 1645 1704; x_wconf 87' lang='lat' dir='ltr'>primum</span> <span class='ocrx_word' id='word_1_157' title='bbox 1707 1657 1822 1705; x_wconf 86' lang='lat' dir='ltr'>ergo</span> 
     </span>
    </p>
   </div>
   <div class='ocr_carea' id='block_1_12' title="bbox 67 1715 1823 1779">
    <p class='ocr_par' dir='ltr' id='par_1_12' title="bbox 67 1715 1823 1779">
     <span class='ocr_line' id='line_1_22' title="bbox 67 1715 1823 1779; baseline -0.001 -15"><span class='ocrx_word' id='word_1_158' title='bbox 67 1731 112 1764; x_wconf 64' lang='grc' dir='ltr'>ιο</span> <span class='ocrx_word' id='word_1_159' title='bbox 135 1730 387 1764; x_wconf 80' lang='lat' dir='ltr'>caesorum</span> <span class='ocrx_word' id='word_1_160' title='bbox 440 1717 760 1763; x_wconf 85' lang='lat' dir='ltr'>iuvencorum</span> <span class='ocrx_word' id='word_1_161' title='bbox 815 1716 1053 1779; x_wconf 87' lang='lat' dir='ltr'>sanguine</span> <span class='ocrx_word' id='word_1_162' title='bbox 1108 1717 1330 1764; x_wconf 85' lang='lat' dir='ltr'>favorem</span> <span class='ocrx_word' id='word_1_163' title='bbox 1384 1715 1585 1763; x_wconf 87' lang='lat' dir='ltr'>deorum</span> <span class='ocrx_word' id='word_1_164' title='bbox 1641 1715 1823 1763; x_wconf 88' lang='lat' dir='ltr'>futuris</span> 
     </span>
    </p>
   </div>
   <div class='ocr_carea' id='block_1_13' title="bbox 134 1788 1825 2074">
    <p class='ocr_par' dir='ltr' id='par_1_13' title="bbox 134 1788 1825 2074">
     <span class='ocr_line' id='line_1_23' title="bbox 134 1788 1824 1851; baseline -0.001 -15"><span class='ocrx_word' id='word_1_165' title='bbox 134 1790 381 1851; x_wconf 88' lang='lat' dir='ltr'>responsis</span> <span class='ocrx_word' id='word_1_166' title='bbox 428 1792 478 1837; x_wconf 93' lang='lat' dir='ltr'>et</span> <span class='ocrx_word' id='word_1_167' title='bbox 524 1789 778 1838; x_wconf 76' lang='lat' dir='ltr'>desideriis</span> <span class='ocrx_word' id='word_1_168' title='bbox 825 1790 1144 1850; x_wconf 83' lang='lat' dir='ltr'>conciliabat,</span> <span class='ocrx_word' id='word_1_169' title='bbox 1199 1792 1255 1837; x_wconf 95' lang='lat' dir='ltr'>ut</span> <span class='ocrx_word' id='word_1_170' title='bbox 1307 1806 1396 1851; x_wconf 90' lang='lat' dir='ltr'>per</span> <span class='ocrx_word' id='word_1_171' title='bbox 1442 1805 1692 1838; x_wconf 80' lang='lat' dir='ltr'>sac-rorum</span> <span class='ocrx_word' id='word_1_172' title='bbox 1740 1788 1824 1836; x_wconf 93' lang='lat' dir='ltr'>ob-</span> 
     </span>
     <span class='ocr_line' id='line_1_24' title="bbox 134 1863 1823 1926; baseline -0.001 -15"><span class='ocrx_word' id='word_1_173' title='bbox 134 1865 305 1925; x_wconf 83' lang='lat' dir='ltr'>sequia</span> <span class='ocrx_word' id='word_1_174' title='bbox 359 1863 422 1910; x_wconf 90' lang='lat' dir='ltr'>ad</span> <span class='ocrx_word' id='word_1_175' title='bbox 476 1879 644 1912; x_wconf 85' lang='lat' dir='ltr'>veram</span> <span class='ocrx_word' id='word_1_176' title='bbox 699 1866 866 1926; x_wconf 91' lang='lat' dir='ltr'>posset</span> <span class='ocrx_word' id='word_1_177' title='bbox 917 1865 1199 1912; x_wconf 84' lang='lat' dir='ltr'>futurorum</span> <span class='ocrx_word' id='word_1_178' title='bbox 1249 1865 1508 1912; x_wconf 86' lang='lat' dir='ltr'>seientiam</span> <span class='ocrx_word' id='word_1_179' title='bbox 1553 1863 1823 1924; x_wconf 87' lang='lat' dir='ltr'>pervenire,</span> 
     </span>
     <span class='ocr_line' id='line_1_25' title="bbox 136 1937 1825 2000; baseline 0 -16"><span class='ocrx_word' id='word_1_180' title='bbox 136 1938 287 1986; x_wconf 84' lang='lat' dir='ltr'>vittas</span> <span class='ocrx_word' id='word_1_181' title='bbox 328 1939 492 1985; x_wconf 88' lang='lat' dir='ltr'>autem</span> <span class='ocrx_word' id='word_1_182' title='bbox 530 1938 738 1987; x_wconf 80' lang='lat' dir='ltr'>resolvit</span> <span class='ocrx_word' id='word_1_183' title='bbox 775 1939 959 1986; x_wconf 82' lang='lat' dir='ltr'>sacrati</span> <span class='ocrx_word' id='word_1_184' title='bbox 998 1938 1191 2000; x_wconf 85' lang='lat' dir='ltr'>eapitis,</span> <span class='ocrx_word' id='word_1_185' title='bbox 1223 1941 1278 1985; x_wconf 91' lang='lat' dir='ltr'>ut</span> <span class='ocrx_word' id='word_1_186' title='bbox 1313 1938 1514 1999; x_wconf 92' lang='lat' dir='ltr'>plenum</span> <span class='ocrx_word' id='word_1_187' title='bbox 1548 1937 1825 1985; x_wconf 88' lang='lat' dir='ltr'>ostenderet</span> 
     </span>
     <span class='ocr_line' id='line_1_26' title="bbox 137 2011 1824 2074; baseline -0.001 -15"><span class='ocrx_word' id='word_1_188' title='bbox 137 2011 353 2059; x_wconf 81' lang='lat' dir='ltr'>officium</span> <span class='ocrx_word' id='word_1_189' title='bbox 393 2011 671 2060; x_wconf 81' lang='lat' dir='ltr'>sacerdotii.</span> <span class='ocrx_word' id='word_1_190' title='bbox 748 2012 867 2060; x_wconf 84' lang='lat' dir='ltr'>feeit</span> <span class='ocrx_word' id='word_1_191' title='bbox 906 2013 1034 2060; x_wconf 84' lang='lat' dir='ltr'>solvi</span> <span class='ocrx_word' id='word_1_192' title='bbox 1071 2014 1247 2072; x_wconf 83' lang='lat' dir='ltr'>vittas,</span> <span class='ocrx_word' id='word_1_193' title='bbox 1293 2015 1350 2059; x_wconf 92' lang='lat' dir='ltr'>ut</span> <span class='ocrx_word' id='word_1_194' title='bbox 1388 2012 1660 2074; x_wconf 89' lang='lat' dir='ltr'>penderent</span> <span class='ocrx_word' id='word_1_195' title='bbox 1699 2027 1824 2073; x_wconf 78' lang='lat' dir='ltr'>quae</span> 
     </span>
    </p>
   </div>
   <div class='ocr_carea' id='block_1_14' title="bbox 69 2086 1826 2146">
    <p class='ocr_par' dir='ltr' id='par_1_14' title="bbox 69 2086 1826 2146">
     <span class='ocr_line' id='line_1_27' title="bbox 69 2086 1826 2146; baseline -0.001 -12"><span class='ocrx_word' id='word_1_196' title='bbox 69 2100 112 2134; x_wconf 73' lang='lat'>25</span> <span class='ocrx_word' id='word_1_197' title='bbox 138 2086 335 2133; x_wconf 85' lang='lat' dir='ltr'>fuerant</span> <span class='ocrx_word' id='word_1_198' title='bbox 371 2101 538 2134; x_wconf 87' lang='lat' dir='ltr'>nexae.</span> <span class='ocrx_word' id='word_1_199' title='bbox 614 2101 780 2146; x_wconf 77' lang='lat' dir='ltr'>meque</span> <span class='ocrx_word' id='word_1_200' title='bbox 819 2088 885 2134; x_wconf 81' lang='lat' dir='ltr'>ad</span> <span class='ocrx_word' id='word_1_201' title='bbox 922 2089 1008 2134; x_wconf 78' lang='lat' dir='ltr'>tua</span> <span class='ocrx_word' id='word_1_202' title='bbox 1046 2087 1241 2142; x_wconf 71' lang='lat' dir='ltr'>limina,</span> <span class='ocrx_word' id='word_1_203' title='bbox 1278 2087 1485 2141; x_wconf 80' lang='lat' dir='ltr'>Phoebe,</span> <span class='ocrx_word' id='word_1_204' title='bbox 1532 2087 1636 2145; x_wconf 51' lang='lat' dir='ltr'>‘ipse</span> <span class='ocrx_word' id='word_1_205' title='bbox 1672 2100 1826 2133; x_wconf 75' lang='lat' dir='ltr'>manu</span> 
     </span>
    </p>
   </div>
   <div class='ocr_carea' id='block_1_15' title="bbox 44 2158 1826 2224">
    <p class='ocr_par' dir='ltr' id='par_1_15' title="bbox 44 2158 1826 2224">
     <span class='ocr_line' id='line_1_28' title="bbox 44 2158 1826 2224; baseline -0.001 -17"><span class='ocrx_word' id='word_1_206' title='bbox 44 2190 50 2196; x_wconf 92' lang='lat'>-</span> <span class='ocrx_word' id='word_1_207' title='bbox 137 2160 284 2207; x_wconf 80' lang='lat' dir='ltr'>multo</span> <span class='ocrx_word' id='word_1_208' title='bbox 306 2174 596 2220; x_wconf 75' lang='lat' dir='ltr'>suspensum</span> <span class='ocrx_word' id='word_1_209' title='bbox 618 2162 818 2208; x_wconf 72' lang='lat' dir='ltr'>numine</span> <span class='ocrx_word' id='word_1_210' title='bbox 841 2162 996 2208; x_wconf 74' lang='lat' dir='ltr'>ducit:</span> <span class='ocrx_word' id='word_1_211' title='bbox 1026 2177 1130 2208; x_wconf 87' lang='lat' dir='ltr'>rem</span> <span class='ocrx_word' id='word_1_212' title='bbox 1158 2162 1349 2224; x_wconf 88' lang='lat' dir='ltr'>gestam</span> <span class='ocrx_word' id='word_1_213' title='bbox 1381 2174 1492 2207; x_wconf 84' lang='grc'>011111</span> <span class='ocrx_word' id='word_1_214' title='bbox 1525 2158 1826 2221; x_wconf 83' lang='lat' dir='ltr'>apostropha</span> 
     </span>
    </p>
   </div>
   <div class='ocr_carea' id='block_1_16' title="bbox 29 2233 1825 2302">
    <p class='ocr_par' dir='ltr' id='par_1_16' title="bbox 29 2233 1825 2302">
     <span class='ocr_line' id='line_1_29' title="bbox 29 2233 1825 2302; baseline -0.001 -21"><span class='ocrx_word' id='word_1_215' title='bbox 29 2259 48 2302; x_wconf 62' lang='grc' dir='ltr'>Γι</span> <span class='ocrx_word' id='word_1_216' title='bbox 135 2235 424 2295; x_wconf 75' lang='lat' dir='ltr'>prosecutus</span> <span class='ocrx_word' id='word_1_217' title='bbox 465 2236 561 2282; x_wconf 86' lang='lat' dir='ltr'>est:</span> <span class='ocrx_word' id='word_1_218' title='bbox 614 2235 743 2296; x_wconf 85' lang='lat' dir='ltr'>ipse,</span> <span class='ocrx_word' id='word_1_219' title='bbox 781 2235 969 2296; x_wconf 88' lang='lat' dir='ltr'>inquit,</span> <span class='ocrx_word' id='word_1_220' title='bbox 1006 2234 1224 2282; x_wconf 86' lang='lat' dir='ltr'>Helenus</span> <span class='ocrx_word' id='word_1_221' title='bbox 1270 2249 1349 2281; x_wconf 89' lang='lat' dir='ltr'>me</span> <span class='ocrx_word' id='word_1_222' title='bbox 1394 2233 1613 2281; x_wconf 86' lang='lat' dir='ltr'>retinens</span> <span class='ocrx_word' id='word_1_223' title='bbox 1659 2249 1825 2294; x_wconf 86' lang='lat' dir='ltr'>manu,</span> 
     </span>
    </p>
   </div>
   <div class='ocr_carea' id='block_1_17' title="bbox 17 2352 60 3226">
    <p class='ocr_par' dir='ltr' id='par_1_17' title="bbox 17 2352 60 3226">
     <span class='ocr_line' id='line_1_30' title="bbox 17 2352 60 3226; baseline 0 0"><span class='ocrx_word' id='word_1_224' title='bbox 17 2352 60 3226; x_wconf 95' lang='lat' dir='ltr'> </span> 
     </span>
    </p>
   </div>
   <div class='ocr_carea' id='block_1_18' title="bbox 27 2306 1825 2371">
    <p class='ocr_par' dir='ltr' id='par_1_18' title="bbox 27 2294 1825 2374">
     <span class='ocr_line' id='line_1_31' title="bbox 27 2306 1825 2371; baseline -0.001 -16"><span class='ocrx_word' id='word_1_225' title='bbox 27 2306 73 2356; x_wconf 67' lang='grc' dir='ltr'>ι’</span> <span class='ocrx_word' id='word_1_226' title='bbox 139 2307 270 2368; x_wconf 92' lang='lat' dir='ltr'>quod</span> <span class='ocrx_word' id='word_1_227' title='bbox 309 2308 407 2355; x_wconf 89' lang='lat' dir='ltr'>fuit</span> <span class='ocrx_word' id='word_1_228' title='bbox 445 2310 671 2370; x_wconf 89' lang='lat' dir='ltr'>apertum</span> <span class='ocrx_word' id='word_1_229' title='bbox 708 2308 1072 2357; x_wconf 86' lang='lat' dir='ltr'>benivolentiae</span> <span class='ocrx_word' id='word_1_230' title='bbox 1111 2309 1324 2371; x_wconf 84' lang='lat' dir='ltr'>signum,</span> <span class='ocrx_word' id='word_1_231' title='bbox 1372 2307 1436 2356; x_wconf 90' lang='lat' dir='ltr'>ad</span> <span class='ocrx_word' id='word_1_232' title='bbox 1473 2309 1576 2368; x_wconf 89' lang='lat' dir='ltr'>tua,</span> <span class='ocrx_word' id='word_1_233' title='bbox 1614 2307 1825 2366; x_wconf 89' lang='lat' dir='ltr'>Phoebe,</span> 
     </span>
    </p>
   </div>
   <div class='ocr_carea' id='block_1_19' title="bbox 137 2381 1823 2444">
    <p class='ocr_par' dir='ltr' id='par_1_19' title="bbox 137 2381 1823 2444">
     <span class='ocr_line' id='line_1_32' title="bbox 137 2381 1823 2444; baseline 0 -16"><span class='ocrx_word' id='word_1_234' title='bbox 137 2382 326 2444; x_wconf 91' lang='lat' dir='ltr'>templa</span> <span class='ocrx_word' id='word_1_235' title='bbox 355 2381 588 2443; x_wconf 86' lang='lat' dir='ltr'>perduxit</span> <span class='ocrx_word' id='word_1_236' title='bbox 618 2397 922 2444; x_wconf 90' lang='lat' dir='ltr'>suspensum.</span> <span class='ocrx_word' id='word_1_237' title='bbox 989 2382 1120 2444; x_wconf 89' lang='lat' dir='ltr'>quod</span> <span class='ocrx_word' id='word_1_238' title='bbox 1157 2383 1326 2444; x_wconf 91' lang='lat' dir='ltr'>posuit</span> <span class='ocrx_word' id='word_1_239' title='bbox 1363 2382 1578 2442; x_wconf 89' lang='lat' dir='ltr'>numine,</span> <span class='ocrx_word' id='word_1_240' title='bbox 1611 2383 1699 2429; x_wconf 86' lang='lat' dir='ltr'>aut</span> <span class='ocrx_word' id='word_1_241' title='bbox 1735 2397 1823 2428; x_wconf 93' lang='lat' dir='ltr'>nu-</span> 
     </span>
    </p>
   </div>
   <div class='ocr_carea' id='block_1_20' title="bbox 54 2455 1824 2517">
    <p class='ocr_par' dir='ltr' id='par_1_20' title="bbox 54 2455 1824 2517">
     <span class='ocr_line' id='line_1_33' title="bbox 54 2455 1824 2517; baseline -0.002 -12"><span class='ocrx_word' id='word_1_242' title='bbox 54 2470 116 2505; x_wconf 10' lang='grc'>730</span> <span class='ocrx_word' id='word_1_243' title='bbox 140 2456 286 2503; x_wconf 87' lang='lat' dir='ltr'>minis</span> <span class='ocrx_word' id='word_1_244' title='bbox 325 2456 643 2504; x_wconf 85' lang='lat' dir='ltr'>veneratione</span> <span class='ocrx_word' id='word_1_245' title='bbox 682 2456 941 2504; x_wconf 87' lang='lat' dir='ltr'>turbatum</span> <span class='ocrx_word' id='word_1_246' title='bbox 980 2458 1068 2504; x_wconf 87' lang='lat' dir='ltr'>aut</span> <span class='ocrx_word' id='word_1_247' title='bbox 1106 2455 1221 2503; x_wconf 87' lang='lat' dir='ltr'>inde</span> <span class='ocrx_word' id='word_1_248' title='bbox 1259 2471 1574 2517; x_wconf 86' lang='lat' dir='ltr'>suspensum,</span> <span class='ocrx_word' id='word_1_249' title='bbox 1611 2471 1672 2502; x_wconf 89' lang='lat' dir='ltr'>ne</span> <span class='ocrx_word' id='word_1_250' title='bbox 1712 2469 1824 2502; x_wconf 82' lang='lat' dir='ltr'>con-</span> 
     </span>
    </p>
   </div>
   <div class='ocr_carea' id='block_1_21' title="bbox 137 2529 1826 2592">
    <p class='ocr_par' dir='ltr' id='par_1_21' title="bbox 137 2529 1826 2592">
     <span class='ocr_line' id='line_1_34' title="bbox 137 2529 1826 2592; baseline 0 -16"><span class='ocrx_word' id='word_1_251' title='bbox 137 2530 296 2577; x_wconf 83' lang='lat' dir='ltr'>traria</span> <span class='ocrx_word' id='word_1_252' title='bbox 349 2545 501 2592; x_wconf 90' lang='lat' dir='ltr'>quam</span> <span class='ocrx_word' id='word_1_253' title='bbox 554 2530 765 2592; x_wconf 87' lang='lat' dir='ltr'>optabat</span> <span class='ocrx_word' id='word_1_254' title='bbox 817 2529 1025 2579; x_wconf 88' lang='lat' dir='ltr'>audiret.</span> <span class='ocrx_word' id='word_1_255' title='bbox 1111 2532 1253 2590; x_wconf 79' lang='lat' dir='ltr'>atque</span> <span class='ocrx_word' id='word_1_256' title='bbox 1304 2530 1421 2578; x_wconf 80' lang='lat' dir='ltr'>haec</span> <span class='ocrx_word' id='word_1_257' title='bbox 1473 2529 1643 2577; x_wconf 76' lang='lat' dir='ltr'>deinde</span> <span class='ocrx_word' id='word_1_258' title='bbox 1695 2529 1826 2577; x_wconf 77' lang='lat' dir='ltr'>canit</span> 
     </span>
    </p>
   </div>
   <div class='ocr_carea' id='block_1_22' title="bbox 137 2628 492 2635">
    <p class='ocr_par' dir='ltr' id='par_1_22' title="bbox 137 2628 492 2635">
     <span class='ocr_line' id='line_1_35' title="bbox 137 2628 492 2635; baseline 0 591"><span class='ocrx_word' id='word_1_259' title='bbox 137 2628 492 2635; x_wconf 95' lang='lat' dir='ltr'> </span> 
     </span>
    </p>
   </div>
   <div class='ocr_carea' id='block_1_23' title="bbox 259 2663 1825 2743">
    <p class='ocr_par' dir='ltr' id='par_1_23' title="bbox 259 2663 1825 2743">
     <span class='ocr_line' id='line_1_36' title="bbox 259 2663 1825 2743; baseline 0 -16"><span class='ocrx_word' id='word_1_260' title='bbox 259 2688 284 2727; x_wconf 84' lang='grc'><strong>7</strong></span> <span class='ocrx_word' id='word_1_261' title='bbox 324 2685 582 2742; x_wconf 73' lang='lat' dir='ltr'>dictumque</span> <span class='ocrx_word' id='word_1_262' title='bbox 620 2663 669 2729; x_wconf 63' lang='lat'>12⁸.</span> <span class='ocrx_word' id='word_1_263' title='bbox 721 2686 727 2742; x_wconf 94' lang='grc' dir='ltr'>Ι</span> <span class='ocrx_word' id='word_1_264' title='bbox 785 2685 984 2743; x_wconf 76' lang='lat' dir='ltr'>arpyyia</span> <span class='ocrx_word' id='word_1_265' title='bbox 1021 2685 1201 2729; x_wconf 74' lang='lat' dir='ltr'>caeleno</span> <span class='ocrx_word' id='word_1_266' title='bbox 1239 2685 1338 2728; x_wconf 82' lang='lat' dir='ltr'>LR.</span> <span class='ocrx_word' id='word_1_267' title='bbox 1501 2688 1528 2728; x_wconf 93' lang='lat'>8</span> <span class='ocrx_word' id='word_1_268' title='bbox 1570 2684 1742 2738; x_wconf 76' lang='lat' dir='ltr'>famam</span> <span class='ocrx_word' id='word_1_269' title='bbox 1782 2683 1825 2727; x_wconf 83' lang='lat' dir='ltr'>R</span> 
     </span>
    </p>
   </div>
   <div class='ocr_carea' id='block_1_24' title="bbox 48 2743 1826 2858">
    <p class='ocr_par' dir='ltr' id='par_1_24' title="bbox 48 2743 1826 2858">
     <span class='ocr_line' id='line_1_37' title="bbox 48 2743 1826 2802; baseline -0.001 -15"><span class='ocrx_word' id='word_1_270' title='bbox 48 2796 53 2798; x_wconf 35' lang='grc'>,</span> <span class='ocrx_word' id='word_1_271' title='bbox 138 2756 253 2788; x_wconf 75' lang='lat' dir='ltr'>corr.</span> <span class='ocrx_word' id='word_1_272' title='bbox 286 2758 322 2787; x_wconf 89' lang='lat' dir='ltr'>r.</span> <span class='ocrx_word' id='word_1_273' title='bbox 453 2748 508 2787; x_wconf 91' lang='lat'>10</span> <span class='ocrx_word' id='word_1_274' title='bbox 541 2745 662 2801; x_wconf 75' lang='lat' dir='ltr'>quod</span> <span class='ocrx_word' id='word_1_275' title='bbox 690 2743 778 2788; x_wconf 86' lang='lat' dir='ltr'>LR</span> <span class='ocrx_word' id='word_1_276' title='bbox 809 2758 896 2801; x_wconf 81' lang='lat' dir='ltr'>quo</span> <span class='ocrx_word' id='word_1_277' title='bbox 926 2758 951 2787; x_wconf 89' lang='lat' dir='ltr'>r</span> <span class='ocrx_word' id='word_1_278' title='bbox 981 2743 1053 2788; x_wconf 86' lang='lat' dir='ltr'>ed.</span> <span class='ocrx_word' id='word_1_279' title='bbox 1185 2748 1236 2788; x_wconf 89' lang='lat'>11</span> <span class='ocrx_word' id='word_1_280' title='bbox 1270 2744 1424 2802; x_wconf 63' lang='lat' dir='ltr'>fugire</span> <span class='ocrx_word' id='word_1_281' title='bbox 1453 2743 1553 2787; x_wconf 84' lang='lat' dir='ltr'>LR.</span> <span class='ocrx_word' id='word_1_282' title='bbox 1686 2746 1742 2786; x_wconf 82' lang='lat'>15</span> <span class='ocrx_word' id='word_1_283' title='bbox 1773 2747 1826 2786; x_wconf 78' lang='lat' dir='ltr'>ut</span> 
     </span>
     <span class='ocr_line' id='line_1_38' title="bbox 128 2802 1825 2858; baseline -0.001 -11"><span class='ocrx_word' id='word_1_284' title='bbox 128 2804 133 2809; x_wconf 83' lang='lat'><strong><em>‘</em></strong></span> <span class='ocrx_word' id='word_1_285' title='bbox 163 2808 370 2847; x_wconf 78' lang='lat' dir='ltr'>acturum</span> <span class='ocrx_word' id='word_1_286' title='bbox 399 2802 489 2846; x_wconf 86' lang='lat' dir='ltr'>LR</span> <span class='ocrx_word' id='word_1_287' title='bbox 517 2809 570 2848; x_wconf 78' lang='lat' dir='ltr'>ut</span> <span class='ocrx_word' id='word_1_288' title='bbox 601 2816 691 2847; x_wconf 91' lang='lat' dir='ltr'>om.</span> <span class='ocrx_word' id='word_1_289' title='bbox 716 2803 797 2847; x_wconf 73' lang='lat' dir='ltr'>ed]</span> <span class='ocrx_word' id='word_1_290' title='bbox 826 2804 1116 2858; x_wconf 67' lang='lat' dir='ltr'>factm-temne</span> <span class='ocrx_word' id='word_1_291' title='bbox 1148 2803 1256 2846; x_wconf 81' lang='lat' dir='ltr'>edF.</span> <span class='ocrx_word' id='word_1_292' title='bbox 1437 2806 1492 2846; x_wconf 83' lang='lat'>16</span> <span class='ocrx_word' id='word_1_293' title='bbox 1523 2807 1564 2846; x_wconf 84' lang='lat' dir='ltr'>et</span> <span class='ocrx_word' id='word_1_294' title='bbox 1594 2805 1825 2846; x_wconf 78' lang='lat' dir='ltr'>ventorum</span> 
     </span>
    </p>
   </div>
   <div class='ocr_carea' id='block_1_25' title="bbox 139 2860 1827 3036">
    <p class='ocr_par' dir='ltr' id='par_1_25' title="bbox 139 2860 1827 3036">
     <span class='ocr_line' id='line_1_39' title="bbox 184 2860 1826 2917; baseline 0.001 -13"><span class='ocrx_word' id='word_1_295' title='bbox 184 2860 226 2904; x_wconf 80' lang='lat' dir='ltr'>R</span> <span class='ocrx_word' id='word_1_296' title='bbox 256 2862 328 2906; x_wconf 90' lang='lat' dir='ltr'>ed.</span> <span class='ocrx_word' id='word_1_297' title='bbox 360 2876 416 2907; x_wconf 79' lang='lat' dir='ltr'>ex</span> <span class='ocrx_word' id='word_1_298' title='bbox 445 2877 486 2908; x_wconf 83' lang='lat' dir='ltr'>v.</span> <span class='ocrx_word' id='word_1_299' title='bbox 517 2876 553 2906; x_wconf 90' lang='lat' dir='ltr'>r.</span> <span class='ocrx_word' id='word_1_300' title='bbox 706 2866 760 2906; x_wconf 79' lang='lat'>17</span> <span class='ocrx_word' id='word_1_301' title='bbox 793 2863 954 2907; x_wconf 79' lang='lat' dir='ltr'>melius</span> <span class='ocrx_word' id='word_1_302' title='bbox 983 2875 1072 2906; x_wconf 89' lang='lat' dir='ltr'>om.</span> <span class='ocrx_word' id='word_1_303' title='bbox 1104 2861 1147 2905; x_wconf 87' lang='lat' dir='ltr'>R</span> <span class='ocrx_word' id='word_1_304' title='bbox 1177 2862 1284 2906; x_wconf 80' lang='lat' dir='ltr'>add.</span> <span class='ocrx_word' id='word_1_305' title='bbox 1317 2876 1351 2905; x_wconf 88' lang='lat' dir='ltr'>r.</span> <span class='ocrx_word' id='word_1_306' title='bbox 1504 2864 1561 2904; x_wconf 79' lang='lat'>24</span> <span class='ocrx_word' id='word_1_307' title='bbox 1585 2860 1826 2917; x_wconf 73' lang='lat' dir='ltr'>perderent</span> 
     </span>
     <span class='ocr_line' id='line_1_40' title="bbox 139 2919 1827 2977; baseline 0.001 -14"><span class='ocrx_word' id='word_1_308' title='bbox 139 2919 181 2963; x_wconf 88' lang='lat' dir='ltr'>R</span> <span class='ocrx_word' id='word_1_309' title='bbox 212 2933 326 2966; x_wconf 82' lang='lat' dir='ltr'>corr.</span> <span class='ocrx_word' id='word_1_310' title='bbox 349 2935 393 2966; x_wconf 87' lang='grc'>-1·.</span> <span class='ocrx_word' id='word_1_311' title='bbox 538 2925 594 2965; x_wconf 81' lang='lat'>26</span> <span class='ocrx_word' id='word_1_312' title='bbox 624 2934 715 2966; x_wconf 84' lang='lat' dir='ltr'>rem</span> <span class='ocrx_word' id='word_1_313' title='bbox 748 2921 834 2964; x_wconf 85' lang='lat' dir='ltr'>LR</span> <span class='ocrx_word' id='word_1_314' title='bbox 864 2935 986 2977; x_wconf 79' lang='lat' dir='ltr'>spem</span> <span class='ocrx_word' id='word_1_315' title='bbox 1016 2920 1125 2964; x_wconf 84' lang='lat' dir='ltr'>edF.</span> <span class='ocrx_word' id='word_1_316' title='bbox 1271 2924 1326 2964; x_wconf 82' lang='lat'>29</span> <span class='ocrx_word' id='word_1_317' title='bbox 1358 2919 1827 2965; x_wconf 69' lang='lat' dir='ltr'>‘nomine—nominis</span> 
     </span>
     <span class='ocr_line' id='line_1_41' title="bbox 139 2979 1251 3036; baseline 0.001 -13"><span class='ocrx_word' id='word_1_318' title='bbox 139 2980 195 3023; x_wconf 84' lang='lat' dir='ltr'>ut</span> <span class='ocrx_word' id='word_1_319' title='bbox 225 2992 366 3036; x_wconf 82' lang='lat' dir='ltr'>saepe</span> <span class='ocrx_word' id='word_1_320' title='bbox 396 2979 496 3024; x_wconf 90' lang='lat' dir='ltr'>LR.</span> <span class='ocrx_word' id='word_1_321' title='bbox 618 2984 675 3023; x_wconf 89' lang='grc'>30</span> <span class='ocrx_word' id='word_1_322' title='bbox 706 2986 790 3025; x_wconf 84' lang='lat' dir='ltr'>aut</span> <span class='ocrx_word' id='word_1_323' title='bbox 819 2980 906 3023; x_wconf 87' lang='lat' dir='ltr'>LR</span> <span class='ocrx_word' id='word_1_324' title='bbox 936 2979 1006 3025; x_wconf 88' lang='lat' dir='ltr'>ed.</span> <span class='ocrx_word' id='word_1_325' title='bbox 1040 2981 1111 3024; x_wconf 78' lang='lat' dir='ltr'>ait</span> <span class='ocrx_word' id='word_1_326' title='bbox 1139 2984 1251 3025; x_wconf 82' lang='lat' dir='ltr'>aut?</span> 
     </span>
    </p>
   </div>
  </div>
 </body>
</html>
