2014 3226
755 215 1054 260 AENEmos
1088 218 1150 260 Ν
1694 224 1794 273 401

110 371 178 403 an
215 368 322 402 mea
360 354 647 414 Pyymalion
691 355 808 401 dum
853 359 1041 404 moenia
1089 360 1244 416 frater
1291 360 1537 406 destruat?
1614 361 1800 413 infelix,

109 429 289 491 inquit,
313 429 513 475 fortuna
545 444 654 474 mea
688 429 809 489 quid
840 429 1048 477 ulterius
1082 435 1262 492 sperat,
1290 434 1332 480 si
1363 433 1605 481 maiorum
1638 451 1799 482 moras

0 567 1 570 Ἰ
111 503 358 570 adquirat,
399 503 479 549 0111
518 502 815 563 supplicium
858 506 907 549 et
947 520 974 549 a
1014 505 1166 551 fratre
1206 507 1444 553 metuitur
1483 510 1532 554 et
1575 508 1800 555 laborum

0 573 1 650 i
108 593 347 636 meorum,
395 591 517 637 quos
557 577 610 622 in
649 578 792 623 tanta
833 576 951 623 urbe
993 578 1244 626 condenda
1284 582 1578 642 consumpsi,
1626 582 1799 642 plenus

0 655 2 712 ᾖ
63 666 82 699 5
110 652 398 712 expectatur
428 647 694 698 interitus?
757 653 843 697 aut
874 654 1065 710 captam
1097 653 1242 700 ducat
1276 652 1511 702 Gaetulus
1544 655 1799 703 Hiarbas?

0 716 1 719 Ἴ
109 727 200 772 aut
244 740 322 772 me
369 722 610 772 Gaetulus
659 723 875 771 Hiarbas
922 724 1070 772 ducat
1124 726 1388 774 abductam
1435 731 1484 775 et
1531 729 1608 776 cui
1660 730 1798 777 salva

107 799 367 846 honestate
406 797 586 861 negavi
624 799 826 859 nuptias
865 807 999 846 meas
1041 799 1187 847 ducat
1227 801 1457 861 invitam,
1504 802 1652 850 ducat
1692 819 1796 865 per-

109 873 216 920 dita
247 872 480 919 libertate
513 870 800 932 captivam?
851 871 1051 919 Gaetuli
1077 876 1123 919 et
1149 873 1365 922 Hiarbae
1392 876 1660 936 appellatio
1687 892 1797 924 con-

107 948 227 994 vicii
266 962 416 994 causa
453 946 618 1008 posita
658 949 745 994 est.
823 947 992 993 saltem
1029 949 1073 993 εἰ
1112 962 1207 1005 qua
1248 950 1364 995 'mihi
1403 950 1461 996 de
1500 953 1541 996 te
1579 955 1795 1010 suscepta

41 1037 83 1068 ιο
106 1021 281 1080 fuisset
333 1023 444 1067 ante
495 1021 667 1080 fuyam
720 1020 929 1075 suboles,
984 1022 1026 1068 si
1073 1023 1181 1079 quis
1226 1023 1343 1070 milei
1387 1024 1632 1081 parvulus
1678 1025 1797 1072 aula

106 1095 291 1143 luderet
333 1092 550 1150 Aeneas,
605 1095 689 1153 qui
739 1097 780 1141 te
827 1097 986 1141 tamen
1032 1109 1113 1141 ore
1157 1096 1376 1154 referret,
1422 1111 1519 1144 non
1567 1099 1781 1156 equidem
1799 1103 1885 1141 330

105 1170 299 1215 omnino
339 1171 480 1227 capta
520 1182 578 1215 ae
616 1168 804 1215 deserta
841 1170 1054 1216 viderer:
1093 1169 1270 1217 saltem
1311 1171 1354 1217 si
1386 1172 1685 1233 contigisset,
1719 1174 1790 1220 in-

105 1244 236 1304 quit,
283 1246 339 1290 ut
386 1245 500 1289 ante
547 1241 718 1305 fugam
760 1244 923 1303 tuam,
970 1258 1068 1290 non
1107 1243 1233 1290 dixit
1272 1246 1387 1291 ante
1428 1244 1794 1307 navigationem

20 1338 35 1345 -
104 1318 244 1363 tuam
284 1318 372 1363 aut
411 1318 526 1363 ante
566 1315 844 1364 abscessum
884 1318 1040 1377 tuum,
1082 1332 1207 1378 quae
1248 1317 1407 1364 solent
1439 1333 1541 1364 esse
1573 1319 1794 1378 honesta,

37 1406 81 1448 1⁵
104 1390 191 1438 sed
228 1391 423 1453 fugam,
473 1405 599 1452 quae
638 1389 802 1437 fuerat
840 1392 1021 1452 turpis,
1070 1394 1127 1438 ut
1166 1394 1450 1439 nasceretur
1487 1392 1611 1439 mihi
1649 1409 1705 1439 ex
1746 1397 1793 1440 te

104 1463 299 1513 suboles
339 1464 510 1526 aliqua
548 1465 625 1511 tui
664 1465 832 1512 vultus
870 1464 1247 1512 similitudinem
1278 1468 1483 1527 portans
1516 1467 1565 1513 et
1595 1467 1793 1529 signata

102 1539 301 1586 1101111110
348 1540 434 1585 tuo
482 1539 535 1585 in
582 1538 698 1586 aula
744 1554 854 1586 mea
900 1539 1114 1599 luderet,
1163 1542 1290 1586 esset
1336 1540 1574 1587 solacium
1620 1540 1791 1587 solitu-

104 1611 235 1659 dinis
273 1629 412 1660 meae
452 1628 541 1660 nec
580 1611 776 1660 viderer
815 1627 843 1660 a
883 1615 932 1660 te
971 1614 1024 1660 in
1063 1615 1225 1660 totum
1264 1613 1506 1660 destituta
1545 1613 1623 1660 vel
1656 1614 1790 1661 duris

104 1687 371 1750 angoribus
413 1688 572 1749 capta.

36 1775 81 1808 20
214 1759 449 1808 Dioeerat:
510 1760 636 1808 dixit
681 1759 811 1808 Dido
866 1777 956 1823 pro
1012 1776 1157 1809 causa
1213 1775 1304 1808 sua
1358 1760 1593 1823 adlegans
1646 1761 1791 1821 iusta,

102 1834 333 1895 humana,
374 1834 670 1895 miseranda,
715 1851 840 1897 quae
881 1835 1078 1882 Aeneae
1115 1837 1331 1882 mentem
1371 1834 1563 1882 flectere
1603 1834 1790 1895 potuis-

88 1910 213 1956 ¹sent
267 1912 316 1956 et
370 1908 617 1957 deberent.
695 1908 956 1957 constabat
1009 1909 1140 1957 enim
1194 1910 1345 1956 etiam
1398 1909 1562 1970 ipsum
1610 1923 1789 1971 magno

86 1981 290 2044 ,pudore
323 1983 572 2042 confundi,
604 1985 778 2045 utpote
819 1984 906 2044 qui
943 1983 1144 2046 ingrati,
1177 1983 1263 2043 qui
1302 1981 1512 2042 fallacis,
1545 1982 1630 2043 qui
1661 1982 1788 2045 fugi-

101 2057 193 2103 tivi
232 2072 494 2118 personam
535 2059 709 2106 contra
746 2058 1032 2104 institutum
1073 2071 1215 2118 suum
1246 2055 1362 2103 Iove
1395 2057 1598 2119 cogente
1630 2070 1788 2103 susce·

30 2143 79 2198 i35
101 2131 270 2192 pisset.
359 2131 445 2179 sed
497 2131 584 2179 1110
639 2130 911 2179 adsistebat
964 2132 1245 2178 reverenter
1298 2129 1590 2177 caelestibus
1643 2129 1788 2177 iussis

32 2208 42 2228 ³
99 2203 309 2267 ideoque
341 2209 490 2267 poeta
521 2205 647 2253 dixit
677 2206 758 2253 >ille
780 2205 915 2252 Iovis
942 2205 1137 2252 monitis
1159 2206 1342 2251 inmota
1367 2203 1551 2250 tenebat
1574 2203 1788 2251 lumina:

39 2331 42 2338 ,
102 2278 291 2339 scilicet
328 2295 427 2327 non
465 2280 733 2341 respiciens
773 2294 900 2341 quae
938 2279 1138 2340 rogaret
1175 2292 1264 2325 1100
1302 2276 1533 2324 lacrimas
1573 2278 1676 2324 eius
1713 2279 1787 2324 at-

38 2374 50 2406 .;
78 2350 305 2401 ‘tendens
355 2353 516 2402 solum
562 2353 733 2401 Iovem
786 2351 988 2401 videbat
1041 2352 1230 2410 animo,
1285 2351 1445 2399 solum
1491 2353 1622 2398 stare
1672 2353 1786 2397 ante
1851 2390 1856 2395 .

35 2412 50 2501 Ξ
101 2427 269 2474 0011103
307 2443 434 2488 31103,
467 2442 496 2474 a
529 2428 667 2476 0111113
706 2427 985 2489 praeceptis
1023 2425 1212 2477 moveri
1249 2440 1348 2472 non
1387 2426 1596 2486 poterat.
1659 2423 1786 2471 hunc

220 2617 245 2654 2
277 2613 390 2668 quid
418 2612 455 2655 L
486 2613 608 2669 quod
637 2611 687 2655 in
719 2612 831 2668 quid
861 2625 974 2655 corr.
1000 2610 1054 2655 R.
1081 2613 1090 2667 1
1117 2611 1343 2654 maiorum
1374 2608 1455 2652 LR
1489 2608 1681 2652 maiores
1710 2607 1781 2651 ed.

220 2675 246 2714 5
277 2677 510 2728 expectare
539 2671 626 2714 LR
657 2676 786 2716 -atur
817 2670 888 2714 ed.
924 2672 931 2726 Ι
973 2669 1197 2714 Gaetulus
1227 2682 1316 2713 om.
1341 2667 1429 2711 LR
1460 2667 1566 2711 add.
1598 2681 1622 2709 r
1652 2665 1722 2710 ed.

98 2733 128 2773 6
166 2730 306 2775 ducat
346 2731 570 2776 Gaetulus
608 2730 818 2775 Hiarba-3
854 2729 1101 2774 adductam
1140 2728 1228 2771 LR
1272 2728 1413 2772 ducat
1449 2726 1520 2770 ed.
1557 2725 1684 2769 ὕεια.
1719 2724 1780 2767 H.

90 2788 236 2841 omisi
266 2785 321 2833 ut
349 2789 651 2835 manifestam
682 2787 1055 2846 dittographiam
1085 2787 1329 2832 abductam
1367 2785 1426 2835 cf.
1452 2790 1492 2839 2,
1511 2788 1596 2852 633
1628 2795 1780 2827 emen-

100 2846 224 2903 davi,
253 2861 364 2898 nam
394 2849 535 2893 ducat
563 2862 649 2906 pro
679 2848 730 2892 in
759 2846 1108 2891 matrimonium
1141 2845 1284 2890 ducat
1306 2844 1519 2902 accipere
1542 2842 1738 2887 Videtur.
1771 2843 1776 2900 Ι

65 2926 67 2931 ·
97 2907 176 2951 eui
204 2906 291 2962 LR
321 2909 363 2952 is
392 2909 470 2953 cui
500 2907 572 2952 ed.
681 2911 706 2951 ’ἵ
737 2920 860 2952 meas
888 2905 974 2949 LR
1005 2918 1128 2961 meae
1155 2919 1224 2957 ue
1254 2903 1326 2948 011.
1435 2907 1491 2947 10
1519 2900 1699 2947 subules
1728 2898 1778 2943 1..

83 2998 89 3004 -
180 2969 244 3024 >11
275 2971 427 3011 tamen
457 2965 551 3028 LR=
574 2971 754 3015 tantum
785 2965 856 3010 ed.
951 2968 1005 3008 12
1036 2978 1092 3008 ae
1120 2962 1207 3027 1⁴.ss
1236 2966 1322 3013 aut
1350 2961 1422 3006 ed.
1515 2964 1571 3004 14
1592 2961 1780 3006 'abm-

97 3036 199 3068 eum
228 3021 279 3070 L.
374 3029 428 3069 18
459 3026 524 3070 ad
552 3024 594 3070 te
624 3024 724 3068 LR.
817 3027 874 3068 24
904 3023 1198 3068 constitutum
1229 3018 1300 3066 ed.
1328 3023 1336 3079 Ι
1367 3019 1627 3076 suscipisset
1654 3016 1703 3061 L.

187 3105 286 3140 Bon.
308 3107 465 3147 interpr.
486 3107 602 3148 Vel-g.
631 3107 708 3139 vol.
725 3107 755 3138 1.
1369 3097 1425 3136 26
