2014 3226
211 165 316 215 140
674 162 904 206 DONATI
936 161 1214 205 INTERPR.
1247 160 1425 204 VERG.

210 306 368 366 primo
396 303 584 355 ,fuisset
624 302 862 361 exclusus,
895 301 981 363 qui
1012 301 1131 362 ipse,
1165 299 1402 361 quoniam
1435 299 1655 348 sensibus
1688 300 1898 349 Didonis

211 378 360 425 altius
401 376 669 435 insederat,
708 391 805 421 non
846 375 996 422 semel
1035 374 1126 422 hoc
1167 378 1240 421 est
1278 391 1377 421 non
1416 389 1513 422 uno
1552 374 1775 437 inpuISU,
1815 373 1900 422 sed

210 446 454 513 paulatim
503 449 667 510 potuit
713 448 913 496 aboleri.
992 451 1042 495 et
1088 448 1165 496 cui
1219 463 1358 495 amor
1413 448 1687 511 coniugalis
1741 462 1899 495 novus

211 527 413 586 propter
461 522 667 584 Sychaei
722 524 1011 570 memoriam
1066 523 1382 569 vehementer
1435 521 1667 570 horrebat
1719 521 1900 570 sensim

211 598 374 659 potuit
414 597 463 642 in
502 596 775 657 praesentis
818 612 1007 644 amores
1048 595 1237 655 induci,
1279 596 1358 643 vel
1397 594 1610 644 maxime
1649 597 1770 656 quia
1811 595 1899 642 ali·
1939 607 1968 645 ‘5

214 674 396 733 quanto
448 673 670 731 tempore
718 670 934 717 desierat
986 669 1153 717 videre
1208 670 1345 717 cuius
1402 684 1568 717 amore
1622 669 1899 716 tenebatur.

211 746 398 791 interea
434 743 686 791 sciendum
720 747 795 791 est
825 744 994 791 induci
1024 743 1269 790 Didonem
1303 745 1505 803 castam,
1538 743 1759 804 divitem,
1789 743 1900 805 pul-

213 820 399 877 chram,
446 817 628 865 idcirco
677 818 934 879 deceptam
972 834 1061 879 per
1102 816 1416 879 Cupidinem,
1463 819 1522 864 ut
1562 817 1715 864 etiam
1753 817 1806 864 in
1844 832 1903 866 eo

212 893 621 939 existimationem
674 907 773 940 non
820 894 1015 939 tantum
1063 891 1219 953 ipsius
1267 891 1478 939 Didonis
1530 907 1705 939 verum
1751 890 1905 938 etiam

210 967 405 1013 Aeneae
446 967 595 1026 poeta
627 967 897 1025 conservet,
929 982 989 1013 ne
1020 966 1167 1012 illum
1199 965 1432 1029 ignobilis
1472 965 1658 1012 femina
1697 964 1904 1027 proiecti
1928 982 1972 1016 ιο

210 1038 414 1101 pudoris
455 1041 629 1100 sponte
672 1055 862 1087 amasse
903 1041 991 1087 aut
1029 1041 1299 1101 provocata
1338 1039 1627 1086 muneribus
1675 1039 1906 1087 videatur

214 1116 300 1160 aut
338 1113 422 1159 ille
470 1113 615 1160 malis
665 1112 930 1161 subversus
976 1113 1247 1162 innumeris
1295 1114 1354 1160 (le
1402 1113 1652 1162 amoribus
1698 1113 1904 1160 inlicitis

212 1187 467 1250 cogitasse.

322 1261 584 1320 Postquam
613 1262 782 1321 prima
823 1262 955 1322 quies
996 1261 1150 1322 epulis
1186 1276 1470 1322 mensaeque
1503 1264 1723 1316 remotae,
1756 1264 1906 1309 crate·

213 1349 296 1381 ras
350 1349 550 1395 maynos
602 1337 823 1382 statuunt
878 1339 921 1382 et
972 1337 1088 1383 vina
1143 1338 1398 1383 coronant:
1459 1351 1565 1383 mos
1618 1335 1801 1397 prolixi
1852 1337 1903 1382 et
1929 1351 1992 1385 15.

211 1407 401 1470 publici
440 1408 656 1456 convivii
695 1409 1013 1470 describitur3
1064 1425 1180 1456 nam
1221 1410 1458 1457 confectis
1499 1409 1660 1470 epulis
1700 1407 1903 1456 bibendi

127 1487 212 1525 725
232 1481 449 1529 studium
489 1482 726 1544 sequitur.
797 1485 854 1542 sit
891 1485 1120 1543 strepitus
1159 1486 1288 1531 tectis
1327 1497 1576 1542 vocemque
1605 1498 1700 1542 per
1739 1484 1907 1543 ampla

210 1557 428 1604 volutant
467 1558 620 1604 atria:
671 1556 775 1604 sine
816 1557 1028 1618 strepitu
1069 1556 1199 1604 enim
1241 1559 1290 1604 et
1329 1557 1630 1605 clamoribus
1677 1557 1906 1605 multitu-

213 1629 340 1678 dinis
379 1630 691 1692 perpotantis
732 1646 836 1679 esse
875 1647 974 1678 non
1014 1631 1192 1694 potuit.
1257 1632 1525 1691 dependent
1555 1632 1714 1693 lychni
1744 1630 1907 1692 laque-

213 1705 382 1752 aribus
427 1706 592 1752 aureis
637 1706 822 1753 incensi
830 1722 846 1751 .·
899 1705 1045 1753 huius
1092 1704 1190 1754 loci
1230 1705 1479 1753 ordinatio
1517 1705 1636 1753 talis
1675 1708 1770 1754 est:
1826 1704 1906 1753 de·
1932 1700 1978 1756 ἑο

212 1777 430 1839 pendent
490 1778 810 1840 laquearibus
874 1779 1035 1827 aureis
1097 1779 1269 1842 lychni
1328 1780 1531 1827 incensi.
1625 1783 1668 1827 et
1725 1782 1908 1828 noctem

213 1853 426 1909 flammis
462 1852 659 1911 funalia
694 1855 915 1901 vineunt:
955 1856 1296 1901 consummato
1336 1855 1438 1901 iam
1476 1852 1908 1916 perpotationibus

214 1925 293 1972 die
345 1927 504 1973 noctis
557 1926 789 1974 tenebrae
846 1927 1136 1976 diversitaoe
1190 1927 1443 1989 procurati
1495 1927 1698 1975 luminis
1743 1928 1907 1975 vince·

213 1998 410 2047 bantur.
473 2000 665 2048 funalia
704 2003 872 2049 autem
911 2001 1143 2050 debemus
1184 2002 1406 2064 accipere
1444 2002 1577 2050 faces
1617 2017 1675 2049 ex
1707 2000 1907 2049 funibus

213 2075 540 2134 praeceratas.
616 2075 692 2123 hic
736 2077 908 2137 reqina
949 2090 1149 2136 yravem
1190 2076 1391 2136 yemmis
1437 2090 1652 2135 auroque
1687 2076 1911 2136 poposcit
1930 2091 1976 2126 25

214 2146 504 2207 implevitque
548 2163 678 2195 mero
715 2153 968 2209 pateram,
1021 2150 1114 2197 hoc
1169 2152 1243 2198 est
1286 2149 1516 2211 poposcit
1559 2151 1787 2212 pateram
1834 2149 1908 2196 in·

214 2220 469 2282 plevitque
516 2237 663 2270 mero,
741 2223 850 2271 laus
896 2223 1054 2285 ipsius
1101 2226 1327 2286 paterae3
1381 2222 1451 2270 ibi
1499 2223 1629 2271 enim
1668 2238 1908 2285 apparere

213 2319 378 2327 .——-.-.„
392 2322 569 2327 —..——.-⁴

336 2382 363 2419 4
393 2377 602 2421 horrebat
631 2376 718 2420 LR
750 2378 808 2422 cf.
841 2383 883 2432 4,
909 2382 966 2422 20
996 2379 1210 2424 haerebat
1240 2379 1310 2422 ed.
1450 2384 1476 2422 5
1502 2384 1762 2435 praese-ntes
1791 2378 1847 2423 R.

218 2439 244 2477 6
269 2435 495 2479 desiderat
517 2435 603 2478 LR
628 2450 740 2482 corr.
758 2437 832 2479 L
818 2451 920 2493 ipse
944 2453 979 2480 r.
1069 2442 1093 2480 7
1118 2438 1303 2483 divitem
1326 2438 1412 2482 LR
1436 2439 1478 2482 d.
1497 2443 1539 2482 et
1563 2438 1633 2482 ed.
1724 2443 1778 2482 11
1796 2452 1908 2495 pro-

218 2500 324 2538 vata
356 2493 398 2537 R
429 2508 543 2538 corr.
576 2509 599 2537 r
622 2517 678 2532 =
703 2495 752 2540 L.
870 2501 924 2539 12
957 2497 1088 2541 illum
1119 2497 1190 2541 ed.
1219 2498 1226 2556 Ι
1260 2498 1499 2542 subversus
1531 2496 1616 2540 LR
1647 2498 1909 2544 subversum

217 2551 287 2596 ed.
321 2554 602 2598 submersus?
739 2559 794 2598 14
826 2557 985 2612 prima
1021 2558 1148 2612 quies
1185 2556 1235 2600 in
1272 2569 1436 2601 rasura
1473 2556 1516 2599 R
1553 2561 1727 2601 eoeemta
1763 2557 1910 2611 fames

215 2611 252 2654 L
284 2612 354 2655 ed.
510 2615 563 2656 15
595 2626 691 2658 mos
720 2613 762 2656 R
791 2628 898 2659 mom
927 2615 977 2669 L,
1018 2615 1101 2659 sed
1138 2615 1189 2659 in
1227 2629 1321 2661 mos
1359 2629 1472 2660 corr.
1506 2616 1608 2672 ipse
1639 2629 1744 2660 (ηοω
1774 2617 1846 2661 ed.

220 2675 392 2714 15—16
418 2671 656 2728 prolixum
685 2678 727 2717 et
752 2674 989 2728 publicum
1018 2676 1275 2720 convivium
1307 2674 1378 2719 ed.
1533 2679 1587 2718 17
1620 2675 1678 2719 iit
1706 2674 1744 2717 L
1782 2676 1821 2720 it
1850 2676 1906 2732 R,

218 2730 299 2774 sed
330 2729 454 2774 infra
492 2733 542 2774 ef,
579 2735 671 2785 2,1
711 2731 775 2786 fit.
930 2737 984 2777 18
1024 2735 1337 2779 multitudinis
1374 2733 1462 2777 LR
1493 2733 1565 2779 ed.
1607 2734 1686 2778 -do
1722 2749 1747 2777 1·
1784 2736 1907 2792 (pe-r-
1959 2744 1965 2749 “

210 2790 418 2845 potantis
447 2789 498 2833 in
522 2794 773 2846 perpotam
803 2791 1033 2850 corrigere
1065 2793 1253 2851 omisit).
1421 2797 1478 2837 22
1507 2794 1790 2838 consumatio
1820 2793 1909 2838 LR

218 2861 331 2891 corr.
364 2863 388 2891 r
419 2848 490 2893 ed.
672 2853 728 2892 23
760 2850 1016 2896 diversitati
1044 2851 1087 2894 R
1125 2865 1238 2896 corr.
1269 2867 1306 2896 r.
1362 2853 1368 2906 Ι
1428 2852 1669 2907 procurati
1697 2851 1734 2894 L
1774 2857 1836 2897 -te
1864 2852 1909 2896 R
1947 2875 1986 2902 4

219 2912 286 2951 -ta
317 2921 351 3010 τί
504 2911 559 2950 25
593 2914 894 2964 praecaratas
923 2909 1010 2953 LR
1043 2917 1335 2967 praeceratas
1365 2911 1400 2954 L
1432 2910 1474 2954 Π
1505 2924 1627 2955 man.
1662 2911 1734 2956 ed.
1769 2925 1909 2969 prae·
1980 2928 1982 2931 ·

211 2979 334 3021 para
355 2980 408 3011 as
437 2981 472 3010 r.
