2014 3226
166 149 236 200 80
632 145 862 189 DONATI
893 144 1173 188 INTERPR.
1208 145 1384 189 Vnae,

164 290 318 350 ipsius
383 302 582 334 causam
644 289 693 333 et
754 285 1101 332 necessitatem
1153 285 1294 332 ibant
1349 301 1517 333 omnes
1572 288 1658 348 qui
1713 287 1853 334 navis

166 362 497 410 ascenderant.
576 362 704 407 certe
753 360 802 406 et
848 359 940 406 hoc
988 358 1052 406 ad
1097 360 1474 407 insultationem
1513 360 1855 423 Pygmalionis

165 436 381 497 positum
428 449 687 495 possumus
734 433 1043 494 intellegere,
1092 436 1148 479 ut
1193 433 1314 480 duce
1360 434 1546 480 femina
1584 433 1856 495 perdiderit

165 510 296 571 quod
334 510 589 570 proprium
628 506 838 568 putabat
878 507 1117 554 effectum.
1173 507 1410 554 laudatur
1440 509 1631 555 interea
1661 508 1853 570 fugien-

164 587 289 630 tium
315 582 586 640 consilium,
612 597 734 642 quos
759 596 858 628 non
882 580 1045 628 tenuit
1069 581 1315 642 cupiditas
1342 582 1554 642 amplius
1585 582 1855 641 auferendi,
1923 587 1926 589 ’

79 668 160 706 365
181 657 296 718 quia
335 672 421 702 nec
461 657 692 716 poterant
730 655 856 701 ferre
888 670 977 702 nec
1009 654 1282 702 debuerant
1311 655 1563 703 inmorari.
1626 656 1855 703 devenere

165 733 301 785 locos,
340 731 424 777 ubi-
461 743 589 776 mmc
627 730 842 787 {amentia
882 730 1038 775 cernis
1076 731 1269 775 moenia
1306 733 1669 788 suryentemque
1702 743 1856 777 novae

168 805 476 863 (Im-thamnas
517 817 689 857 arcem,
730 804 1021 861 mercatique
1058 803 1229 858 solum,
1261 804 1381 863 facte?
1412 804 1470 850 cle
1499 805 1694 851 nomme
1724 803 1855 863 Byr-

164 894 283 926 sam.
317 879 511 924 taurino
545 880 780 936 quantum
803 881 1003 935 possent
1032 878 1335 924 circumdare
1366 879 1519 936 teryo:
1558 878 1696 939 prius
1729 877 1856 925 dixit

164 953 247 998 ubi
285 967 413 998 nunc
451 950 674 1014 ingentia
707 950 862 997 cernis
894 951 1090 998 moenia
1122 953 1501 1013 surgentemque
1541 967 1699 999 novae
1738 949 1854 999 Gar-

164 1026 380 1088 thaginis
428 1041 588 1072 arcem
634 1027 683 1071 et
730 1024 941 1072 secundo
981 1025 1089 1072 loco
1130 1027 1296 1085 posuit
1338 1026 1639 1087 mercatique
1679 1026 1854 1086 solum,

165 1117 274 1146 cum
314 1099 592 1147 aedificium
629 1098 809 1145 instrui
849 1114 947 1145 non
986 1100 1221 1160 potuerit,
1261 1099 1359 1146 nisi
1398 1101 1584 1160 emptio
1625 1101 1723 1147 loci
1753 1101 1855 1160 pri-

164 1175 313 1221 mitus
359 1174 679 1234 provenisset.
758 1174 809 1219 et
847 1175 922 1220 est
959 1188 1131 1220 revera
1171 1173 1303 1234 quod
1350 1176 1569 1236 moveat,
1618 1172 1857 1235 quamdiu

166 1248 227 1295 ad
251 1247 611 1294 ordinationem
635 1261 805 1294 sensus
835 1248 1081 1307 veniatur,
1105 1263 1203 1308 qua
1235 1247 1369 1294 facta
1400 1247 1594 1308 patebit
1625 1247 1856 1295 dictionis

164 1323 439 1384 integritas.
518 1321 777 1368 ordinatur
816 1336 933 1383 ergo
974 1322 1065 1368 sic:
1106 1321 1345 1369 devenere
1385 1322 1519 1370 locos
1560 1323 1608 1369 et
1647 1322 1855 1370 mercati

165 1396 326 1443 solum
371 1395 698 1456 praeteritum
743 1397 939 1456 tempus
987 1394 1292 1458 significant,
1338 1395 1424 1443 ubi
1462 1411 1592 1443 nunc
1631 1396 1857 1459 ingentia

165 1470 320 1517 cernis
351 1469 548 1517 moenia
579 1472 960 1531 surgentemque
990 1484 1149 1517 novae
1177 1467 1492 1531 Carthaginis
1525 1485 1690 1518 arcem
1715 1485 1857 1531 prae-

165 1558 274 1590 sens
306 1546 502 1604 tempus
534 1543 765 1591 ostendit.
826 1559 942 1605 ergo
975 1544 1168 1606 integre
1204 1544 1391 1605 posuit:
1431 1544 1592 1604 primo
1634 1546 1858 1592 emerunt

166 1620 215 1664 et
253 1617 324 1664 sic
362 1620 631 1678 coeperunt
663 1616 935 1664 aedificare.
1001 1618 1202 1664 taurino
1243 1621 1485 1679 quantum
1523 1620 1725 1679 possent
1765 1619 1856 1665 cir-

166 1690 395 1738 cumdare
441 1693 603 1754 tergo:
665 1691 811 1738 huius
858 1691 955 1738 loci
1002 1691 1197 1739 diversa
1242 1691 1448 1739 traditio
1490 1695 1578 1739 est.
1657 1692 1745 1740 alii
1783 1691 1855 1739 di-

166 1767 283 1812 cunt
321 1763 583 1826 pecuniam
620 1766 739 1813 tunc
779 1781 836 1812 ex
877 1766 1009 1814 corio
1049 1765 1234 1813 bubulo
1273 1765 1425 1814 fuisse
1470 1769 1519 1813 et
1556 1765 1671 1814 inde
1710 1781 1856 1827 pecu-

167 1838 301 1885 niam
339 1838 537 1898 dictam,
578 1839 710 1900 quod
749 1855 806 1886 ex
836 1855 1012 1900 pecore
1046 1841 1289 1902 originem
1321 1839 1534 1901 duceret,
1563 1842 1856 1902 tantumque

166 1912 317 1960 fuisse
352 1913 404 1958 in
444 1914 602 1974 pretio
641 1913 737 1959 loci
778 1915 1021 1974 quantum
1051 1913 1191 1962 bovis
1222 1913 1367 1962 unius
1399 1916 1588 1962 corium
1620 1913 1855 1962 conficere

166 1987 422 2046 potuisset.
501 1986 601 2033 alia
638 1986 843 2034 traditio
882 1987 1002 2035 talis
1040 1989 1129 2048 est,
1169 1987 1300 2049 quod
1347 1987 1577 2036 venditor
1622 1987 1720 2036 loci
1764 1987 1857 2035 hac

168 2059 339 2107 fraude
371 2059 602 2121 deceptus
634 2061 714 2121 sit,
743 2064 802 2108 ut
830 2064 1032 2109 tantum
1063 2061 1172 2124 agri
1206 2061 1407 2109 modum
1437 2062 1670 2109 venderet
1701 2077 1855 2124 quan-

166 2136 275 2180 tum
306 2134 494 2180 corium
525 2133 662 2182 bovis
695 2134 998 2183 circumdare
1029 2136 1294 2196 potuisset:
1332 2135 1478 2183 illum
1507 2135 1634 2183 nihil
1664 2135 1855 2183 fraudis

168 2208 501 2268 suspicantem
518 2208 816 2256 arbitratum
833 2224 935 2256 esse
959 2211 1158 2257 tantum
1182 2224 1232 2257 se
1257 2209 1386 2257 sedis
1411 2209 1676 2258 tradidisse
1701 2225 1855 2271 quan-

167 2283 274 2327 tum
304 2283 470 2342 posset
492 2296 730 2343 occupare
762 2282 1011 2345 integrum
1044 2285 1245 2343 corium,
1270 2285 1312 2331 si
1335 2300 1425 2344 per
1446 2285 1634 2331 terram
1655 2285 1854 2345 iaceret,

168 2356 412 2415 emptores
456 2370 572 2402 vero
618 2355 790 2403 fraude
836 2359 1062 2418 quaesito
1102 2360 1378 2405 commento
1416 2359 1468 2404 in
1509 2358 1746 2420 corigiam
1784 2359 1855 2405 te-

287 2542 312 2582 2
346 2538 664 2596 Pygmalionis
695 2553 782 2583 om.
809 2541 880 2583 ed.
1019 2546 1044 2584 5
1077 2542 1302 2596 afferendi
1332 2542 1401 2585 ed.
1535 2546 1557 2584 7
1591 2542 1738 2586 cernis
1769 2541 1855 2585 LR

167 2595 292 2641 infra
322 2596 470 2641 altero
501 2596 603 2642 loco
633 2612 785 2643 cernes
815 2599 962 2644 altero
994 2602 1159 2645 cernis:
1202 2600 1452 2657 explicatio
1484 2602 1631 2646 cernis
1661 2614 1852 2658 poscere

171 2655 364 2699 videtur.
461 2661 515 2700 14
545 2672 637 2714 qua
667 2657 755 2701 LR
786 2660 896 2715 quia
927 2659 998 2704 cd.
1094 2665 1148 2704 15
1180 2665 1223 2704 et
1250 2662 1438 2705 mercati
1467 2659 1555 2703 LR
1585 2661 1857 2716 mercatique

170 2715 240 2758 ed.
351 2719 404 2758 16
431 2718 729 2770 praeteritum
760 2721 932 2774 tempus
961 2719 1227 2776 siqnificant
1257 2732 1344 2762 om.
1372 2719 1443 2763 ed.
1552 2723 1606 2762 17
1639 2731 1791 2763 cernes
1819 2719 1856 2762 L

167 2774 316 2822 cernis
345 2787 442 2818 noa
538 2779 592 2818 19
619 2781 768 2831 posset
791 2776 878 2820 LR
908 2791 1051 2834 supra
1080 2780 1218 2822 recte.
1313 2782 1369 2822 25
1401 2778 1584 2822 modum
1615 2791 1702 2822 om.
1723 2777 1794 2823 ed.

171 2836 226 2875 27
257 2833 634 2888 suspicatuaned.
663 2836 670 2890 1
697 2835 996 2880 arbitrantem
1019 2835 1062 2879 R
1085 2850 1198 2880 corr.
1217 2851 1252 2880 r.
1281 2838 1288 2894 Ι
1315 2842 1496 2881 tantum
1519 2837 1639 2881 sedis
1662 2837 1856 2881 traxisse

169 2890 255 2934 LR
285 2890 366 2935 edI
403 2897 583 2936 tantum
613 2893 856 2938 tradidisse
886 2894 983 2938 edF
1021 2901 1051 2939 t.
1083 2909 1127 2940 se
1157 2895 1278 2940 sedis
1307 2901 1362 2940 tr.
1395 2909 1493 2939 nos.
1625 2899 1681 2938 28
1706 2901 1858 2952 posset
1905 2922 1907 2926 -
1942 2878 1961 2915 «1⁴

169 2963 259 2995 om.
282 2949 336 2996 R.
430 2955 484 2995 29
517 2953 719 3008 quaesito
749 2951 837 2996 LR
867 2954 1107 3021 composito
1139 2954 1210 2998 ed.
