2014 3226
835 177 1138 220 AENEIDos
1173 177 1209 218 x·
1766 178 1874 229 493

178 320 322 378 fessis
363 321 406 366 et
444 321 631 365 tantum
661 331 912 377 superesse
943 318 1111 369 maris,
1152 332 1243 364 vox
1275 318 1497 364 omnibus
1529 332 1646 364 una.
1710 313 1876 364 urbem

179 396 344 447 orant,
392 392 546 438 taedet
583 392 751 450 pelam
783 392 1006 450 perferre
1054 392 1278 438 laborem.
1365 392 1620 439 occa-sione
1667 391 1877 437 nocendi

179 465 422 514 iuvabant
454 466 642 512 omnia:
682 464 898 525 primum
931 465 1147 512 solitudo
1181 465 1293 524 loci,
1324 467 1519 526 tempus
1555 480 1749 526 quoque
1780 479 1875 524 quo

182 541 389 587 aberant
426 539 538 599 viri,
578 553 788 600 persona
828 538 979 585 etiam
1019 539 1280 586 mulierum
1324 538 1502 599 quibus
1535 538 1681 585 facile
1712 539 1878 599 potuit

135 632 155 663 5
181 613 468 676 persuaderi
509 628 819 674 quarumque
859 613 1116 675 ingenium
1148 613 1255 660 leve
1287 614 1339 659 in
1372 628 1733 674 quamcumque
1765 628 1877 673 par-

182 691 282 734 tem
322 687 436 734 duci
474 686 672 733 facilius
711 689 901 747 posset,
943 687 1172 747 quodque
1212 687 1314 733 iam
1361 688 1566 734 cunctae
1605 686 1789 733 laboris
1830 688 1879 733 et

182 762 350 824 pelagi
390 761 504 807 odio
545 776 602 807 ac
641 760 905 808 formidine
956 760 1328 822 premebantur,
1376 760 1611 821 denique,
1658 775 1769 807 cum
1816 759 1877 807 ob

184 836 335 883 aliam
369 850 567 882 causam
600 834 831 881 lacrimas
864 834 1142 894 funderent,
1168 834 1388 882 dolentes
1422 835 1637 882 alienam
1668 835 1879 882 mortem

184 909 243 957 de
298 925 386 957 suo
442 924 639 970 quoque
695 909 846 955 exitio
899 909 1158 956 universae
1215 907 1505 971 cogitabant
1558 909 1877 970 respicientes

116 1003 158 1033 10
184 983 501 1030 altitudinem
539 982 707 1045 pelagi
748 984 798 1028 et
835 983 1087 1030 inmensae
1130 983 1464 1046 navigationis
1502 983 1678 1029 futura
1710 982 1878 1029 discri-

183 1058 318 1104 mina
359 1056 494 1103 ultra
534 1072 684 1117 quam
733 1071 836 1104 esse
886 1058 1089 1117 possent
1136 1057 1494 1104 inmoderatius
1543 1058 1877 1104 aestimantes.

183 1147 282 1179 non
322 1132 454 1178 enim
492 1130 614 1177 haec
645 1131 785 1177 inani
818 1132 1101 1178 coniectura
1132 1130 1435 1190 metuebant,
1477 1146 1603 1191 quae
1634 1130 1880 1178 malorum

183 1203 584 1267 praecedentium
615 1205 904 1268 magisterio
938 1204 1214 1252 didicerant
1240 1204 1358 1265 quid
1390 1204 1512 1251 mali
1545 1206 1675 1251 esset
1704 1204 1879 1251 relicta

184 1280 450 1327 securitate
488 1280 652 1326 terrae
691 1278 764 1326 ire
802 1278 1062 1340 inprovide
1094 1280 1147 1326 in
1180 1279 1478 1326 elementum
1510 1278 1640 1340 quod
1671 1277 1880 1325 infidum

115 1371 158 1403 15
181 1353 386 1413 homini,
428 1351 559 1414 quod
590 1352 860 1414 multiplici
893 1352 1235 1400 discriminum
1265 1352 1396 1400 mole
1437 1353 1743 1399 cumulatum
1775 1367 1879 1399 esse

182 1429 434 1475 constaret
466 1426 694 1488 quodque
727 1426 1074 1474 detestandum
1107 1442 1165 1474 ac
1196 1443 1293 1474 non
1325 1426 1557 1473 inmerito
1590 1425 1881 1490 fugiendum

185 1502 287 1549 suis
326 1502 492 1563 potius
533 1499 698 1548 exitiis
740 1516 889 1562 quam
914 1501 1150 1562 exemplis
1182 1500 1460 1548 didicerant
1500 1501 1689 1548 alienis.
1752 1502 1880 1547 trac-

185 1577 324 1622 tatus
364 1573 520 1638 igitur
557 1576 652 1622 iste
692 1574 956 1622 mulierum
998 1576 1234 1635 quoniam
1272 1589 1427 1636 usque
1476 1590 1532 1622 eo
1571 1576 1883 1636 processerat

182 1649 281 1697 fixa
320 1649 509 1696 scilicet
549 1651 600 1696 et
638 1648 842 1696 definita
889 1650 1155 1709 sententia,
1203 1651 1259 1696 ut
1305 1649 1619 1696 remanerent
1668 1649 1721 1695 in
1772 1649 1880 1695 loco

115 1741 159 1773 80
185 1726 332 1785 atque
371 1723 452 1770 hic
490 1722 778 1770 incolendae
819 1723 956 1770 urbis
987 1722 1178 1770 fabrica
1208 1724 1495 1784 proveniret
1527 1715 1663 1788 (odio
1698 1722 1880 1784 quippe

183 1798 261 1844 his
302 1798 467 1844 fuerat
506 1797 780 1860 navigandi
810 1797 1158 1844 tantummodo
1193 1812 1310 1844 cura
1340 1798 1581 1858 perpetua
1613 1811 1703 1843 nec
1733 1795 1880 1843 finem

182 1864 515 1936 inveniendi),
557 1885 666 1919 ecce
707 1873 895 1932 quanta
935 1870 1247 1933 oportunitas
1288 1871 1503 1918 occurrit
1540 1871 1731 1918 volenti
1770 1885 1882 1917 eva-

184 1945 299 1993 dere
346 1945 598 1993 contraria
642 1947 700 1992 ut
749 1945 1066 2007 profuturum
1112 1947 1377 2006 putaretur
1426 1943 1560 2006 quod
1610 1959 1714 1992 esse
1769 1959 1881 1992 con—

185 2018 351 2067 stabat
389 2020 674 2066 inimicum:
716 2013 817 2067 iam
841 2019 1076 2066 volebant
1109 2018 1240 2080 quod
1279 2034 1369 2080 pro
1393 2019 1652 2066 voluntate
1676 2017 1881 2066 Iunonis

118 2110 160 2143 25
184 2093 350 2141 fuerat
394 2094 740 2141 necessarium.
826 2107 934 2154 erqo
980 2095 1106 2141 inter
1155 2093 1342 2141 medias
1379 2106 1480 2140 sese
1531 2093 1652 2140 haut
1703 2094 1883 2153 iynara

183 2167 388 2215 nocendi
435 2169 631 2215 conicit:
675 2168 807 2215 inter
852 2167 1040 2214 medias
1087 2182 1191 2215 sese
1232 2166 1435 2227 conicit,
1483 2168 1542 2214 ut
1587 2166 1739 2214 verba
1778 2167 1882 2214 eius

186 2241 335 2290 simul
394 2241 720 2289 circumfusae
783 2256 950 2289 omnes
1007 2240 1176 2288 audire
1242 2241 1542 2303 potuissent3
1615 2239 1700 2302 qui
1751 2241 1883 2288 enim

186 2315 415 2378 plurimis
461 2314 742 2363 hominibus
788 2315 1044 2363 locuturus
1093 2317 1168 2363 est
1214 2314 1404 2363 medius
1452 2329 1555 2362 esse
1610 2313 1775 2374 debet,
1826 2315 1884 2361 ut

308 2461 422 2499 1-2
455 2456 603 2500 orbem
635 2461 738 2501 orat
769 2455 868 2499 LR.
1041 2459 1066 2497 2
1098 2456 1328 2500 occasione
1358 2455 1445 2498 LR.
1475 2470 1598 2500 -nem
1627 2469 1652 2498 r
1682 2454 1793 2498 edF.

0 2535 23 2575 μ
187 2522 214 2558 3
247 2517 378 2559 solito
402 2515 489 2558 LR
513 2515 643 2560 -tudo
667 2530 690 2557 r
714 2515 785 2559 ed.
893 2520 920 2558 4
952 2515 1171 2559 aberrant
1193 2515 1279 2558 LR
1310 2529 1424 2559 corr,
1442 2529 1466 2558 r
1490 2514 1561 2558 ed.
1668 2518 1694 2557 6
1726 2527 1882 2569 quam„-

0 2580 23 2636 ζ’
186 2588 272 2630 que
302 2574 339 2617 L
378 2588 654 2630 quamquam
684 2574 726 2616 R
764 2587 990 2630 quumque
1029 2573 1124 2618 edF
1164 2574 1370 2631 quodqwe
1410 2588 1507 2618 nos.
1641 2576 1696 2616 14
1727 2574 1883 2628 inpro-

0 2642 2 2675 5
186 2634 290 2677 vide
328 2634 380 2676 in
417 2634 679 2677 elementum
718 2634 760 2676 R
804 2634 925 2689 impr.
965 2634 1278 2677 inclementum
1318 2633 1354 2676 L
1391 2647 1477 2689 per
1514 2645 1683 2688 aequor
1721 2631 1792 2676 ed.

191 2695 247 2735 15
278 2693 394 2736 male
425 2691 511 2735 LR
542 2693 655 2736 mole
686 2693 757 2736 ed.
884 2696 936 2735 17
971 2697 1197 2736 tractatur
1227 2692 1299 2736 ed.
1422 2696 1476 2735 18
1509 2705 1596 2747 quo
1627 2703 1768 2748 usque
1798 2689 1886 2732 LR

188 2751 408 2808 quoniam
438 2765 579 2808 usque
610 2765 660 2795 eo
690 2765 788 2806 nos,
821 2753 997 2795 temere
1027 2750 1181 2795 locum
1212 2752 1327 2795 mut.
1354 2751 1425 2795 ed.
1539 2753 1595 2793 20
1625 2750 1675 2793 hi
1695 2750 1791 2794 sint
1812 2762 1882 2794 co-

189 2809 350 2855 lendae
380 2810 468 2853 LR
504 2811 577 2856 hic
614 2812 712 2855 sine
750 2825 786 2855 c.
821 2810 891 2854 ed.
931 2811 1003 2854 his
1041 2811 1307 2856 incolendae
1335 2824 1360 2854 ι·
1395 2810 1469 2854 hic
1507 2810 1536 2852 i.
1570 2822 1668 2852 nos.
1718 2810 1725 2864 Ι
1775 2821 1883 2864 pro-

190 2869 395 2914 venirent
425 2869 496 2912 ed.
613 2874 667 2913 21
701 2884 783 2914 nec
814 2882 901 2913 om.
929 2869 999 2913 ed.
1107 2873 1164 2912 22
1196 2870 1389 2914 volentes
1420 2869 1507 2912 LR
1539 2869 1598 2911 -ti
1627 2880 1712 2911 nos
1745 2867 1887 2911 —tt'bus

191 2927 265 2972 ed.
418 2933 475 2972 24
513 2929 608 2973 iam
650 2927 739 2972 LR
776 2929 808 2972 i.
840 2930 962 2972 enim
999 2927 1108 2972 edF.
1262 2933 1318 2972 26
1357 2928 1524 2973 conicit
1562 2927 1612 2970 in
1651 2926 1804 2969 lemm.
1838 2927 1887 2969 et

191 2986 383 3042 interpr.
409 2987 498 3030 LR
527 2988 718 3032 coniecit
748 2987 799 3031 in
829 2987 1022 3044 interpr.
1049 2988 1119 3030 ed.
