2014 3226
2 1934 18 2018 ,εἱ-χ.
4 1885 15 1902 ς,

799 185 1139 230 PRAEFATIO
1691 187 1812 230 XLV

132 329 218 387 10,
257 328 373 374 160.
431 328 550 373 227.
609 327 714 373 890
775 329 863 372 aut
915 328 989 374 ita
1042 326 1225 385 reddit,
1284 329 1340 373 ut
1403 327 1810 387 interpretatione

126 401 303 447 hausta
351 400 614 447 videantur
659 401 718 447 cf.
766 403 809 459 1,
844 401 962 446 304.
1015 401 1061 459 5,
1100 402 1404 447 164--170.
1483 401 1656 461 quodsi
1713 405 1810 448 sta-

127 477 366 522 tuerimus
406 474 658 521 Donatum
706 476 907 534 propter
952 474 1204 538 ingentem
1251 474 1495 522 scribendi
1542 475 1720 522 molem
1760 477 1811 522 iu

126 548 370 596 lemmatis
404 548 466 594 ad
500 548 788 608 compendia
821 551 871 595 et
902 548 1164 595 verborum
1194 551 1242 595 et
1267 564 1496 595 versuum
1522 550 1811 611 confugisse,

127 640 236 669 eum
277 625 442 669 autem
482 623 568 682 qui
608 622 782 669 edendi
823 622 1120 683 autographi
1160 637 1326 669 curam
1367 624 1660 682 suscepisset
1700 637 1811 683 sup-

125 696 304 757 plenda
338 712 394 742 ex
428 697 595 756 aliquo
621 695 833 758 Vergilii
867 696 1136 757 exemplari
1168 697 1402 743 lemmata
1434 696 1638 743 librario
1676 712 1811 742 man-

126 770 282 829 dasse,
323 773 372 816 et
411 770 628 817 defectus
670 770 939 816 multorum
979 770 1266 817 lemmatum
1300 773 1349 817 et
1382 771 1610 830 frequens
1644 786 1813 817 eorum

126 859 237 891 cum
275 843 769 905 interpretationibus
810 842 1048 891 dissensio
1089 844 1234 891 facile
1276 844 1616 905 explicabitur.
1688 845 1812 892 eius-

125 917 259 965 modi
306 919 435 964 enim
485 919 538 965 in
584 918 781 964 homine
830 918 961 964 omni
1010 919 1179 981 generi
1223 919 1446 965 incuriae
1490 918 1624 965 locus
1665 918 1814 965 datur

126 993 422 1052 latissimus,
469 994 525 1038 ut
573 1007 683 1038 eum
730 995 779 1038 et
824 994 1213 1053 praetermisisse
1261 992 1500 1053 explenda
1548 995 1597 1039 et
1636 992 1812 1040 discre-

124 1067 298 1127 pantia
338 1066 611 1128 neglexisse
651 1066 783 1113 credi
820 1066 991 1127 possit.
1055 1070 1228 1113 notum
1268 1069 1343 1113 est
1380 1065 1633 1114 levissima
1666 1082 1813 1128 quae-

126 1155 219 1200 que
267 1140 451 1187 indicia
498 1141 551 1186 in
599 1143 704 1187 arte
752 1141 924 1187 critica
971 1156 1266 1202 magnarum
1311 1157 1476 1187 rerum
1520 1143 1815 1204 argumenta

125 1213 359 1273 praebere
398 1229 553 1275 posse.
616 1215 734 1261 talis
773 1215 826 1260 in
864 1214 957 1260 hac
989 1216 1277 1275 quaestione
1311 1214 1446 1262 locus
1481 1217 1555 1261 est
1591 1218 1671 1275 11,
1693 1215 1813 1275 369,

126 1288 210 1334 ubi
259 1303 347 1350 pro
395 1283 671 1348 „concipis“
719 1289 771 1334 in
818 1287 862 1332 V
911 1289 1149 1349 scriptum
1205 1291 1280 1336 est
1326 1287 1680 1350 „concipisset“
1730 1289 1812 1336 ad-

126 1364 322 1423 sumpto
362 1362 592 1409 videlicet
631 1361 740 1423 „et“
781 1377 837 1409 ex
877 1362 1109 1410 lemmate
1152 1363 1281 1423 quod
1320 1363 1526 1410 inferius
1575 1363 1812 1423 sequitur.

125 1435 218 1483 hoc
258 1439 387 1484 certe
426 1452 514 1483 nec
545 1436 758 1495 Donato,
797 1437 895 1483 nisi
933 1451 1133 1497 prorsus
1173 1435 1388 1484 elleboro
1429 1436 1606 1499 dignus
1649 1437 1813 1484 existi·
1862 1493 1867 1499 ¹

124 1512 308 1570 metur,
363 1511 605 1571 imputari
657 1512 823 1572 potest
875 1525 963 1558 nec
1018 1510 1221 1558 librario
1276 1510 1428 1558 medii
1483 1512 1612 1571 aevi,
1669 1526 1815 1572 quem

125 1584 353 1645 operaria
407 1584 663 1632 detentum
717 1585 964 1645 scriptura
1010 1585 1144 1632 ultra
1194 1584 1656 1646 interpretationem
1703 1585 1812 1632 sub—

125 1660 411 1720 sequentem
442 1660 719 1720 proximum
753 1659 933 1706 lemma
956 1659 1265 1720 prospexisse
1296 1659 1563 1706 verisimile
1596 1674 1694 1706 non
1727 1662 1812 1706 est.

127 1734 180 1779 at
218 1731 449 1780 librarius
490 1732 746 1793 antiquus,
787 1733 866 1779 cui
904 1732 955 1778 id
995 1733 1211 1780 muneris
1251 1732 1535 1796 obtigisset,
1578 1737 1636 1779 ut
1674 1735 1814 1781 auto-

126 1806 305 1868 graphi
359 1806 649 1867 compendia
703 1806 970 1854 secundum
1034 1807 1283 1868 exemplar
1336 1807 1682 1869 Vergilianum
1737 1823 1813 1853 ex-

126 1880 299 1941 pleret,
338 1881 483 1928 facile
523 1882 769 1942 „concipis
810 1879 887 1927 et“
926 1897 1017 1942 pro
1056 1897 1155 1928 uno
1195 1881 1344 1928 verbo
1383 1881 1544 1944 legere
1585 1885 1633 1928 et
1674 1896 1813 1941 „con-

127 1953 356 2015 cipisset“
389 1954 599 2002 scribere
631 1956 811 2016 potuit,
843 1957 899 2002 ut
931 1954 1148 2016 „accipi“
1181 1971 1270 2016 pro
1297 1954 1523 2017 „accepi“
1549 1957 1598 2002 et
1630 1955 1816 2003 similia

126 2043 271 2088 saepe
317 2028 651 2076 inveniuntur.
729 2029 900 2076 eodem
947 2029 1091 2076 modo
1139 2030 1375 2090 „omisere
1425 2025 1578 2090 quas“
1625 2029 1678 2076 in
1719 2029 1814 2076 LR

128 2103 175 2161 5,
209 2103 313 2149 622
356 2105 406 2149 et
444 2102 850 2164 „extructosque“
901 2106 1016 2165 post
1054 2103 1303 2164 „querno“
1349 2105 1402 2150 in
1442 2103 1488 2148 V-
1531 2106 1614 2162 11,
1649 2104 1716 2151 65
1766 2105 1816 2150 et

127 2176 227 2223 alia
270 2177 525 2237 irrepsisse
573 2177 817 2224 videntur.
893 2176 1020 2224 illud
1066 2193 1262 2238 quoque
1308 2192 1507 2238 moneo,
1552 2175 1815 2225 verborum

125 2249 493 2298 scribendorum
537 2251 780 2298 rationem
828 2266 1200 2312 nonnumquam
1248 2251 1398 2298 aliam
1446 2266 1549 2299 esse
1595 2251 1648 2297 in
1694 2250 1816 2298 lem-

126 2323 274 2370 matis
313 2327 462 2385 atque
499 2325 552 2371 in
590 2324 1098 2386 interpretationibus,
1138 2325 1276 2373 velut
1313 2325 1599 2373 bracchium
1616 2351 1685 2356 —
1703 2324 1814 2372 bra-

127 2397 312 2459 chium,
360 2399 581 2446 cominus
607 2425 676 2431 —
703 2399 998 2459 comminus,
1044 2400 1238 2447 humeri
1263 2425 1332 2431 -——
1357 2400 1540 2458 umeri,
1579 2399 1815 2460 pharetra

125 2472 416 2532 —faretra‚
455 2474 695 2520 sumsi—
715 2474 917 2534 sumpsi,
955 2475 1403 2535 tento—tempto.
1443 2499 1512 2506 —-
1554 2472 1814 2520 Lemmata

125 2545 379 2593 inclinatis
418 2546 601 2594 litteris
639 2546 970 2608 imprimenda
1009 2547 1200 2608 curavi3
1242 2547 1329 2594 ubi
1367 2549 1456 2594 aut
1491 2547 1687 2610 integra
1726 2547 1816 2593 aut

125 2622 292 2680 partes
331 2634 498 2668 eorum
537 2621 784 2668 iterantur
821 2636 917 2668 non
960 2619 1179 2668 distinxi.
1249 2621 1383 2668 locos
1422 2635 1547 2683 quos
1587 2620 1814 2667 Donatus

127 2708 153 2740 e
182 2692 406 2756 Vergilio
446 2694 656 2755 aliisque
696 2694 907 2742 advocat
945 2695 1102 2756 signis
1143 2695 1328 2742 notavi.
1404 2710 1504 2742 non
1541 2709 1715 2742 vereor
1752 2709 1812 2740 ne

128 2767 240 2827 quis
292 2782 371 2815 me
424 2767 610 2816 Donati
662 2769 1098 2830 interpretationes
1153 2768 1450 2816 scholiorum
1506 2769 1559 2815 in
1612 2767 1815 2815 modum

125 2840 403 2888 intervallis
442 2841 715 2904 discerpere
754 2841 977 2890 debuisse
1016 2845 1174 2903 putet.
1251 2857 1409 2904 neque
1447 2843 1580 2890 enim
1625 2841 1815 2890 scholia

127 2913 338 2961 scribere
375 2915 556 2975 voluit,
596 2914 681 2964 sed
718 2915 1182 2977 interpretationem
1221 2916 1531 2976 continuam,
1579 2915 1724 2977 idque
1765 2918 1815 2962 et

126 2988 382 3049 contextis,
411 2991 470 3036 ut
507 3003 659 3051 supra
694 2989 981 3050 memoravi,
1012 3003 1123 3036 cum
1160 2988 1656 3051 interpretationibus
1694 2988 1814 3036 lem-
