2014 3226
778 169 1079 214 AENEIDOS
1114 170 1132 211 I
1736 171 1798 220 17

113 315 277 360 firmat
314 311 513 359 Aenean
555 311 814 358 defend-ere
852 310 1072 371 potuisse
1113 311 1320 372 integris
1361 310 1536 370 opibus
1584 311 1800 371 patriam

114 403 271 447 suam,
324 387 366 433 si
420 386 526 432 fata
580 401 678 432 non
734 383 1063 444 obstitissent,
1120 398 1233 431 cum
1287 383 1475 432 adserit
1525 385 1578 430 in
1626 384 1800 431 alienis

112 462 256 509 terris
303 476 415 507 eum
462 459 520 506 de
564 458 789 519 reliquiis
830 458 1094 519 imperium
1142 460 1459 519 quaesivisse.
1537 458 1802 517 multosque

106 550 198 595 per
235 547 390 581 annos
431 534 661 580 errabant
699 533 793 578 aeti
831 533 950 591 fatis
988 534 1152 579 maria
1191 534 1356 580 (menia
1395 533 1599 579 circum:
1638 534 1802 579 tantae

71 630 89 662 5
114 604 250 656 molis
289 611 392 654 erat
430 608 707 654 Romanam
746 606 946 653 condere
980 610 1189 666 yente‘m:
1244 623 1305 654 ne
1345 607 1562 654 fatorum
1609 605 1801 653 ratione

112 683 246 744 passi
283 682 548 729 videantur
588 696 713 742 quae
753 682 926 727 contra
965 681 1125 727 fatum
1165 680 1289 727 Iuno
1330 679 1567 740 faciebat,
1615 680 1685 728 sic
1726 695 1802 727 or-

113 756 313 803 dinatur
344 770 512 804 sensus
546 755 816 802 narrantis:
857 754 920 800 ad
953 754 1258 802 condendam
1290 754 1565 802 Romanam
1605 756 1803 817 gentem

113 831 293 878 multos
340 845 429 891 per
476 842 629 876 annos
677 828 911 875 errabant
948 830 1108 876 maria
1148 830 1316 875 omnia
1355 830 1553 875 circum.
1631 830 1803 876 tantae

113 899 268 952 molis
296 912 403 951 erat
442 903 719 950 Romanam
759 902 966 950 condere
1009 905 1227 966 gentem3
1291 917 1474 965 magna
1521 903 1652 950 enim
1699 903 1803 950 sine

50 1000 90 1030 10
112 993 289 1041 magno
335 977 502 1024 labore
551 976 696 1024 condi
742 992 841 1024 non
887 978 1107 1038 possunt.
1185 976 1420 1024 laudatur
1473 977 1553 1024 hic
1608 991 1802 1038 quoque

113 1068 279 1100 eorum
319 1052 478 1099 virtus
518 1053 606 1113 qui
643 1066 731 1098 nec
770 1050 915 1097 malis
954 1050 1315 1114 frangebantur
1352 1066 1441 1098 nec
1472 1051 1803 1098 diuturnitate

112 1127 344 1188 temporis
393 1127 444 1173 et
490 1126 656 1173 omnia
704 1124 902 1173 fortiter
948 1124 1253 1186 tolerabant,
1308 1127 1365 1172 ut
1420 1126 1665 1187 superatis
1718 1124 1803 1171 ad-

112 1200 263 1247 versis
305 1200 366 1247 ad
405 1201 732 1247 retentionem
772 1198 930 1246 debiti
966 1200 1166 1260 imperii
1204 1200 1533 1261 pervenirent.

233 1274 326 1321 Vim
372 1289 395 1321 e
442 1277 692 1332 conspeetu
730 1272 924 1320 Siculae
963 1274 1148 1320 telluris
1186 1275 1240 1320 ἐπ
1280 1274 1434 1320 altum
1472 1274 1580 1320 vela
1620 1273 1805 1320 dabant

51 1367 90 1400 ιε
114 1350 247 1396 laeti:
287 1347 546 1396 ordinatur
577 1362 746 1396 sensus
780 1347 871 1395 sic:
912 1363 937 1394 e
978 1349 1243 1410 conspectu
1284 1346 1479 1395 Siculae
1517 1348 1712 1395 teUuris
1751 1348 1802 1394 in

114 1422 270 1470 altum
324 1422 437 1470 vela
492 1421 679 1469 dabant
732 1421 815 1469 vix
868 1422 1010 1482 laeti3
1068 1421 1286 1483 perierat
1340 1420 1472 1468 enim
1524 1423 1578 1468 in
1633 1420 1804 1469 Sicilia

113 1496 355 1544 Anchises
384 1498 434 1543 et
463 1498 690 1558 proxima
722 1498 831 1543 erat
860 1495 1025 1543 Italia.
1092 1495 1328 1543 dolebant
1357 1495 1589 1543 Anchisis
1622 1511 1804 1554 casum,

114 1570 430 1618 laetabantur
470 1572 636 1618 autem
678 1570 810 1631 quod
847 1570 972 1617 haut
1010 1571 1183 1632 procul
1220 1572 1349 1617 esset
1379 1569 1543 1618 Italia.
1620 1571 1805 1631 tempe-

114 1646 245 1693 ravit
282 1646 440 1707 igitur
477 1646 743 1706 utrumque
774 1644 1029 1707 Vergilius
1069 1646 1118 1691 et
1157 1643 1398 1706 expressit
1435 1646 1716 1705 utrumque,
1748 1635 1810 1691 ut

50 1736 93 1770 ιο
117 1719 300 1768 diceret
337 1720 422 1766 vix
463 1719 596 1766 laeti.
657 1733 766 1766 eum-
796 1719 926 1765 Iamo
967 1720 1215 1766 aeternum
1254 1732 1458 1766 servans
1495 1718 1584 1765 sub
1615 1721 1807 1777 pectore.

115 1794 291 1840 vulnus
336 1794 452 1840 haec
497 1807 682 1840 secum:
738 1807 850 1839 cum
896 1792 1028 1839 enim
1067 1792 1363 1840 advertisset
1400 1791 1524 1840 Iuno
1565 1791 1806 1840 Troianos

115 1866 173 1914 de
211 1868 532 1928 proximitate
570 1866 750 1914 Italiae
791 1867 1049 1930 gratulari,
1089 1867 1291 1914 vulnere
1333 1867 1488 1914 animi
1528 1866 1660 1928 quod
1696 1882 1806 1927 per-

115 1942 318 2002 petuum
355 1941 605 1989 retinebat
641 1942 801 2004 magis
839 1940 1096 2004 magisque
1143 1940 1307 2003 coepit
1353 1942 1532 2004 urgeri.
1611 1941 1807 1988 exclusa

116 2015 271 2077 igitur
309 2015 370 2063 ab
410 2016 696 2063 inventione
734 2015 957 2075 nocendi,
997 2015 1196 2062 exclusa
1238 2015 1346 2062 loco
1387 2017 1438 2063 et
1475 2018 1696 2077 tempore
1737 2016 1807 2062 sic

50 2104 95 2139 ¹5
118 2090 271 2136 animi
310 2090 387 2136 sui
422 2089 615 2138 dolores
648 2092 698 2136 et
729 2090 943 2153 gemitus
982 2089 1175 2136 intimis
1207 2089 1432 2137 sensibus
1465 2088 1807 2136 enumerabat:

119 2177 248 2211 mene
293 2165 476 2224 incepto
523 2164 750 2212 desistere
790 2159 1004 2211 victam?
1087 2163 1250 2225 qualis
1297 2166 1438 2211 vetus
1487 2165 1537 2210 et
1578 2164 1807 2225 pertinax

83 2230 318 2285 'innnjca
365 2238 691 2302 cogitationes
738 2237 918 2285 habere
967 2237 1192 2285 debuerit
1245 2253 1344 2285 non
1399 2237 1504 2285 sine
1558 2237 1811 2284 rhetorica

119 2310 381 2373 disciplina
418 2314 567 2373 poeta
606 2311 878 2374 conposuit.
941 2311 1232 2360 inducturus
1266 2312 1397 2359 enim
1429 2312 1694 2360 saevientis
1728 2310 1808 2358 de-

118 2383 325 2433 ficientis
379 2387 692 2434 inventiones
740 2385 803 2433 ad
853 2385 1129 2434 nocendum
1181 2385 1383 2434 inducto
1440 2384 1809 2447 comparativae

48 2471 98 2511 ,ιο
121 2459 378 2523 qualitatis
426 2461 562 2509 statu
608 2476 696 2522 per
742 2459 906 2508 aliena
953 2460 1178 2522 exempla
1222 2459 1434 2507 nocendi
1481 2458 1689 2507 consilia
1734 2460 1808 2506 in-

44 2573 60 2600 ,
120 2534 267 2602 venta.
321 2531 687 2584 commemorat.
759 2535 1018 2596 conparat
1071 2549 1187 2598 ergo
1233 2532 1358 2582 Iuno
1414 2548 1650 2596 personas
1698 2548 1810 2587 cum

43 2600 66 2643 s
120 2608 356 2668 personis,
394 2607 488 2654 hoc
527 2610 604 2656 est
641 2623 781 2656 suam
821 2609 872 2656 et
907 2607 1177 2668 Minervae,
1209 2607 1540 2656 Troianorum
1578 2609 1628 2655 et
1658 2604 1810 2655 Grae-

45 2702 65 2758 ;Ἰ
121 2693 310 2742 comm,
355 2681 734 2730 inimicitiarum
781 2697 977 2744 quoque
1024 2696 1198 2730 causas
1246 2682 1457 2742 confert,
1510 2679 1809 2729 Graecorum

51 2851 55 2857 ,
241 2812 264 2850 1
297 2775 487 2867 mebris
517 2807 680 2863 opibus
710 2821 799 2851 om.
833 2807 904 2851 ed.
1043 2812 1070 2851 8
1100 2776 1287 2852 eum·ff
1316 2807 1526 2864 reliquiis
1555 2819 1642 2850 om.
1677 2807 1748 2851 ed.
1791 2823 1795 2826 ·

48 2899 68 2917 ,.
124 2865 159 2906 9
178 2867 425 2924 mayna—
442 2869 498 2909 10
522 2872 719 2923 possumt
750 2879 838 2911 om.
873 2866 944 2911 ed.
1016 2897 1021 2899 -
1091 2871 1148 2911 12
1177 2871 1303 2911 ut—
1323 2870 1377 2910 13
1406 2867 1698 2923 pervenio-ent
1725 2866 1812 2909 LR

50 2918 67 2974 ’ἶ
123 2927 235 2967 et—
179 2925 607 2982 —prorumpebant
637 2926 709 2969 ed
820 2929 928 2969 30
937 2926 1117 2971 alienae
1141 2925 1355 2983 exempla
1384 2924 1483 2969 LR.
1622 2930 1676 2970 31
1702 2934 1812 2978 ,cwm

49 2984 72 3060 ³¹,
118 2983 326 3037 personis
357 2996 446 3028 om.
471 2983 551 3028 ed.
633 3016 636 3017 γ
1016 3013 1021 3019 -
1066 3000 1079 3017 -’
1143 2990 1150 3004 ’·
1234 3015 1240 3019 -
1416 3028 1418 3030 ,
1489 3010 1523 3017 ·-
1672 3014 1674 3016 -
1771 2992 1806 3030 22

50 3087 66 3115 2³
211 3064 308 3098 Don.
332 3065 488 3105 interpr.
505 3066 610 3108 verg
654 3067 730 3100 vol.
754 3067 785 3100 Ι.
1427 3063 1452 3101 2

1836 1281 1893 1318 35
