2014 3226
209 192 318 243 5⁵22
678 192 908 236 DONATI
938 192 1216 236 INTERPR.
1249 191 1427 237 VERG.

208 333 367 379 solum
408 332 625 391 dixisset,
666 331 912 379 sufficeret
951 347 1095 379 curae
1134 332 1481 380 removendae:
1538 332 1729 380 addidit
1768 336 1897 380 tutus

209 420 325 464 quos
371 409 507 464 optas
546 409 719 464 portus
767 407 955 452 accedet
991 404 1190 453 Averni.
1270 406 1504 467 quoniam
1550 407 1718 468 pelagi
1763 408 1896 454 tran·

210 480 434 540 quillitas
488 480 651 526 fuerat
703 479 982 541 postulata,
1037 480 1164 526 hanc
1217 480 1477 541 Neptunus
1531 481 1796 541 pollicetur
1850 483 1899 528 et

209 553 438 615 spondet,
480 555 637 614 optas,
676 554 854 614 inquit,
894 555 951 601 ut
987 556 1126 600 tutus
1165 555 1389 602 transeat
1426 569 1562 601 mare
1600 553 1731 601 filius
1767 556 1897 615 tuus,

209 630 346 674 tutus
388 626 450 673 ad
488 628 661 688 portus
693 626 879 674 Averni
916 629 1185 689 perveniet.
1253 641 1383 674 unus
1416 629 1506 674 crit
1534 630 1722 674 tantum
1753 629 1898 676 amis·
1942 645 1963 678 5

119 706 205 745 815
224 716 331 747 sum
371 715 510 759 quem
543 703 732 760 qui‘qite
763 704 971 759 quaeret,
1005 717 1158 748 unum
1180 716 1276 760 pro
1307 701 1471 748 multis
1503 702 1699 748 dabitur
1730 705 1898 760 caput:

209 775 330 822 dicit
376 775 546 822 futura
593 777 650 821 ut
696 774 813 823 deus
863 791 1007 836 quem
1054 775 1224 838 fugere
1271 777 1480 823 ventura
1531 790 1628 822 non
1683 777 1896 837 possent.

208 849 326 895 haec
380 848 511 909 ipsa,
568 849 802 909 quoniam
848 850 990 896 triste
1042 849 1398 910 adversumque
1445 848 1766 910 nuntiabant,
1821 865 1898 896 ex-

207 924 394 970 tenuat.
485 921 773 983 debebatur,
828 922 1014 984 inquit,
1067 923 1298 971 interitus
1352 923 1603 984 plurimis,
1665 923 1749 970 sed
1808 937 1898 984 pro

207 998 395 1044 cunctis
435 996 582 1044 unius
622 996 847 1058 procedit
886 997 1113 1057 exitium,
1161 997 1292 1058 quod
1330 998 1495 1058 ipsum
1534 1012 1691 1058 aequo
1733 998 1897 1044 animo
1922 1011 1977 1050 ιω,

206 1070 463 1118 ferendum
503 1072 598 1130 est,
638 1072 861 1132 praestat
901 1070 1032 1118 enim
1070 1087 1225 1117 unum
1263 1072 1422 1134 magis
1461 1071 1575 1117 flere
1610 1087 1758 1131 quam
1789 1071 1897 1132 plu·
1961 1069 1978 1107 ²--

205 1143 369 1192 rimos.
446 1144 539 1192 hoc
593 1143 704 1192 ideo
757 1145 1027 1206 praedixit,
1089 1161 1149 1192 ne
1203 1145 1311 1205 ille,
1375 1146 1463 1206 qui
1515 1146 1679 1192 tutam
1732 1144 1899 1208 pelagi
1960 1149 1973 1209 ζ-

206 1219 633 1266 transmissionem
671 1218 981 1280 promiserat,
1022 1219 1074 1265 in
1113 1220 1261 1266 unius
1303 1234 1418 1267 casu
1457 1218 1710 1266 videretur
1739 1218 1897 1266 Vene·
1963 1218 1990 1278 ᾖ

204 1308 309 1339 rem
348 1292 581 1340 fefellisse
631 1295 679 1340 et
727 1309 783 1340 ex
832 1309 887 1340 eo
935 1293 1063 1340 falsa
1105 1295 1266 1340 cetera
1305 1294 1617 1354 putarentur.
1694 1293 1770 1339 his
1812 1293 1896 1340 ubi
1961 1330 1989 1365 ι

206 1367 333 1414 laeta
372 1368 489 1414 deae
519 1366 781 1426 permulsit
808 1370 1008 1426 pectora
1041 1368 1203 1414 dictis:
1242 1366 1331 1413 ubi
1363 1367 1508 1414 dictis
1539 1366 1725 1414 talibus
1756 1366 1898 1414 leniit
1923 1358 1989 1429 ιιὶζτ1

207 1441 426 1488 animum
479 1439 710 1500 Veneris,
764 1442 1060 1502 promissam
1113 1441 1282 1504 pelagi
1334 1440 1677 1503 placiditatem
1736 1442 1899 1502 coepit
1966 1463 1989 1506 g

204 1529 484 1576 procurare.
562 1514 623 1562 ob
662 1514 790 1562 hanc
829 1515 989 1577 igitur
1028 1530 1227 1563 causam
1265 1516 1424 1575 iunyit
1466 1529 1608 1574 equos
1655 1528 1777 1562 auro
1820 1529 1899 1575 qe·

204 1590 333 1636 nitor
385 1590 760 1648 spumantiaque
813 1590 952 1636 addit
1002 1589 1147 1648 frena
1201 1590 1321 1648 feris
1373 1589 1692 1647 manibusque
1744 1590 1900 1636 omnis

207 1663 413 1723 effundit
448 1663 692 1721 habenas;
745 1663 962 1710 caeruleo
993 1678 1088 1723 per
1125 1677 1318 1710 sumfrna
1355 1663 1474 1710 levis
1511 1663 1642 1710 volat
1685 1677 1899 1722 aequora

114 1740 203 1780 820
221 1752 382 1784 curru.
445 1737 704 1784 subsidunt
739 1738 902 1785 undae
941 1737 1271 1797 tumidumque
1309 1738 1397 1784 sub
1437 1751 1528 1785 axe
1566 1738 1752 1784 tonanti
1781 1740 1898 1784 ster·
1921 1750 1997 1784 ze»

204 1812 339 1858 nitur
370 1825 550 1871 aequor
581 1813 738 1870 aquic,
769 1812 968 1871 fuqiunt
996 1814 1131 1858 vasto
1164 1811 1350 1858 aethere
1380 1811 1546 1858 nimbi.
1597 1813 1698 1858 tum
1729 1812 1900 1858 variae

206 1887 428 1932 comitum
481 1886 655 1944 facieS,
718 1886 943 1933 inmania
997 1888 1111 1940 cete,
1176 1888 1220 1932 et
1270 1887 1430 1932 senior
1486 1884 1665 1932 Glauci
1726 1885 1898 1932 chorus

205 1959 451 2018 Inousque
503 1959 769 2006 Palaemon
826 1959 1138 2019 Tritonesque
1200 1960 1280 2006 citi
1340 1959 1606 2019 Phorcique
1668 1959 1899 2006 emercitus

113 2036 202 2076 825
220 2034 388 2080 omnis.
467 2034 606 2081 laeva
657 2035 815 2080 tenent
861 2033 1025 2081 Thetis
1071 2036 1114 2080 et
1157 2033 1326 2080 Melite
1370 2033 1694 2093 Panopeaque
1746 2035 1896 2093 virqo,

205 2107 384 2154 Nisaee
427 2106 635 2167 Spioque
684 2107 956 2167 Thaliaque
1005 2105 1381 2168 Cymodoceque:
1442 2106 1601 2155 omnis
1648 2106 1768 2155 haec
1815 2106 1897 2154 de·
1920 2117 1970 2156 w

206 2181 409 2242 scriptio
447 2182 644 2242 poetica
684 2183 758 2228 est
794 2183 1000 2243 propter
1029 2179 1225 2228 Aeneae
1264 2182 1497 2228 meritum
1535 2181 1714 2242 posita,
1745 2183 1803 2228 ut
1835 2179 1897 2228 ob
1960 2200 1978 2222 ε

206 2255 309 2302 eius
355 2255 681 2316 tranquillam
725 2256 1099 2318 navigationem
1136 2255 1398 2320 Neptunus
1446 2269 1557 2302 cum
1604 2254 1698 2302 diis
1745 2247 1896 2303 maris
1972 2270 1981 2299 t

204 2328 458 2395 videretur
492 2343 760 2390 excurrere,
793 2345 850 2377 eo
881 2330 1050 2376 tamen
1080 2344 1158 2376 res
1189 2320 1447 2392 redigitur,
1478 2331 1536 2376 ut
1568 2328 1706 2390 quies
1738 2327 1895 2376 omnis

205 2403 372 2466 pelagi
415 2404 776 2451 monstraretur
823 2403 996 2451 effecta
1041 2403 1229 2466 fugatis
1278 2402 1503 2451 omnibus
1551 2418 1678 2464 quae
1729 2401 1895 2451 obesse

204 2477 486 2538 potuerant,
525 2477 687 2524 ventis
727 2477 930 2538 scilicet,
968 2478 1162 2524 tumore
1201 2475 1383 2540 pelagi,
1422 2476 1659 2524 omnibus.
1918 2471 1977 2534 ῳῖ

327 2652 349 2690 1
367 2647 602 2702 sufficerat
617 2646 703 2689 LR
719 2650 830 2690 -eret
844 2658 870 2690 r
882 2646 1120 2701 suffecerat
1136 2646 1206 2689 ed.
1227 2645 1302 2702 (cf.
1315 2648 1431 2703 687).
1507 2650 1532 2688 2
1551 2646 1722 2690 accedit
1736 2644 1834 2688 LR.

205 2710 320 2750 2—3
353 2705 734 2763 tranquillitatem
763 2705 920 2760 fuerat
944 2706 1205 2762 postulatus
1235 2704 1307 2748 ed.
1438 2708 1463 2747 9
1490 2705 1710 2760 plurimis
1741 2717 1828 2748 om.
1854 2701 1895 2746 R
1951 2727 1955 2729 Α

205 2765 313 2809 add.
331 2779 354 2807 1·
371 2787 427 2802 =
443 2765 493 2808 L.
581 2768 635 2808 10
661 2778 852 2820 aequum
868 2764 956 2807 LR.
971 2777 1084 2808 corr.
1095 2779 1118 2807 1·
1134 2764 1207 2808 ed.
1295 2767 1348 2807 17
1374 2777 1490 2808 auro
1505 2763 1591 2806 LR
1606 2777 1748 2808 curru
1763 2762 1833 2807 od.

206 2828 263 2867 20
286 2825 490 2868 tonantis
511 2839 536 2868 1·
551 2823 623 2868 ed.
639 2825 758 2880 post.
845 2827 901 2866 22
926 2828 1046 2868 cetae
1061 2822 1160 2866 LR.
1246 2827 1301 2866 23
1326 2823 1559 2879 choreique
1575 2821 1611 2865 L
1635 2820 1894 2878 coreiqueR·
1946 2855 1979 2886 ,ἢ

204 2896 289 2940 pro
315 2883 580 2940 Phorcique.
704 2886 760 2925 24
787 2896 994 2939 paeaque
1016 2882 1102 2925 LR
1134 2881 1287 2938 suppl.
1312 2896 1347 2925 r.
1470 2885 1527 2925 28
1557 2882 1782 2926 redicetwr
1807 2878 1894 2922 LR
1948 2896 1970 2923 ῃ

203 2942 433 3000 rediyetur
455 2956 479 2984 1·
500 2941 822 2987 reducitured.
838 2942 1065 2999 rediyitur
1087 2954 1170 2984 nos
1195 2940 1452 2998 (cf.7‚348).
1547 2944 1602 2983 30
1627 2940 1794 2984 scilicet
1807 2937 1894 2997 ΕΒ.
1941 2946 1970 2999 ,3

203 3014 262 3045 sc.
289 3001 369 3058 qui
399 3000 471 3045 ed.
501 3003 506 3059 Ι
540 3002 699 3045 timore
728 3014 763 3044 r.
793 3003 800 3057 1
835 3001 1042 3045 omnibus
1071 2999 1159 3043 LR
1189 3013 1345 3044 nocere
1368 3004 1555 3056 possent
1583 2998 1654 3042 ed.
1902 3019 1972 3226 i
