2014 3226
783 159 1084 204 AENEIDos
1118 162 1157 204 v
1713 171 1814 223 461

135 297 370 359 prudenti
410 297 544 344 exitu
593 297 945 359 disputationis
994 317 1218 361 expressa
1268 308 1364 363 est,
1416 305 1557 352 dolus
1598 311 1670 353 est
1711 323 1818 354 cum

138 371 275 419 aliud
315 372 501 433 agitur,
544 371 680 417 aliud
722 373 998 419 simulatur.
1076 374 1216 422 fiuxit
1255 379 1382 423 enim
1424 379 1573 425 Nisus
1613 395 1661 426 se
1694 382 1818 427 velle

138 445 324 508 erigere
362 447 477 506 post
517 460 705 505 casum,
747 461 845 492 non
885 449 940 493 ut
980 464 1091 494 vere
1132 454 1426 512 resurgeret,
1478 452 1561 500 sed
1602 458 1654 500 ut
1695 454 1818 500 devi-

136 521 276 581 peret
326 520 679 566 transeuntem.
771 535 886 581 ergo
938 522 1043 566 iure
1085 521 1247 570 Salius
1299 525 1530 572 honorem
1587 528 1818 575 amissum

91 610 113 643 5
136 591 444 654 inplorabat,
492 594 727 654 quoniam
766 593 858 641 hoc
897 611 1072 655 genere
1113 595 1327 657 deceptis
1367 614 1463 645 non
1502 601 1669 661 inique
1709 601 1818 648 sub-

138 666 346 713 venitur.
447 669 632 714 tutatur
684 668 828 726 fac-or
888 667 1162 728 Euryalum
1227 672 1547 731 lacrimaeque
1599 674 1821 722 decorae.-

137 740 386 788 faciebant
436 757 526 802 pro
576 740 795 802 Euryalo
843 741 963 788 haec
1009 745 1167 805 magis
1222 746 1440 806 gratiosa
1489 763 1636 807 quam
1690 764 1819 805 vera,

138 815 279 861 favor
318 814 512 876 populi,
555 815 642 875 qui
681 814 844 862 studio
885 830 1096 877 semper,
1137 833 1231 864 non
1273 819 1481 866 veritate
1521 820 1731 880 ducitur,
1771 827 1820 868 et

137 889 456 935 lacrimarum
501 888 776 947 miseratio,
833 904 957 949 quae
1003 890 1055 935 in
1101 891 1296 939 iudiciis
1344 894 1472 939 veris
1522 897 1569 940 et
1615 895 1819 957 integris

70 979 115 1012 ιο
137 963 350 1009 retinere
388 978 487 1010 non
527 962 705 1009 debent
751 963 927 1009 locum.
1000 966 1187 1023 yratior
1226 968 1265 1012 et
1297 968 1497 1024 pulchro
1537 970 1730 1015 veniens
1771 971 1818 1015 ιή

140 1051 335 1096 corpore
382 1037 536 1083 virtus
585 1036 813 1084 adiuvat:
866 1038 1015 1084 tertia
1071 1054 1182 1084 eum
1237 1039 1394 1087 virtus
1449 1041 1806 1101 pulchritudini
1822 1049 1908 1088 345

137 1111 293 1156 mixta
332 1109 619 1157 adiuvabat.
697 1126 795 1158 non
835 1111 1032 1158 veniens
1067 1113 1220 1160 virtus
1261 1114 1311 1159 in
1345 1129 1547 1174 corpore
1581 1116 1818 1176 accipien-

139 1184 256 1230 dum
296 1186 391 1244 est,
449 1184 683 1245 quoniam
724 1185 818 1232 erit
857 1186 1056 1244 vitium,
1112 1186 1194 1232 sed
1239 1187 1464 1235 ordinato
1505 1204 1651 1235 sensu
1701 1189 1821 1250 quid

30 1300 45 1308 -
138 1257 528 1320 intellegendum
568 1259 633 1306 sit
663 1259 1029 1319 requirendum,
1070 1263 1125 1306 ut
1157 1260 1414 1307 verborum
1445 1265 1665 1322 patescat
1698 1263 1820 1310 inte-

73 1350 115 1383 15
140 1333 310 1395 gritas.
387 1334 583 1379 tutatur
615 1333 893 1394 Euryalum
933 1334 1121 1394 gratior
1152 1335 1351 1382 veniens
1390 1335 1531 1382 favor
1569 1336 1820 1383 lacrimae-

139 1422 234 1468 que
276 1402 481 1453 decorae
522 1408 572 1453 et
610 1405 769 1454 virtus
816 1407 1020 1467 pulchro
1067 1409 1118 1453 in
1158 1423 1359 1468 corpore
1398 1410 1614 1468 tutatur,
1661 1413 1717 1456 ut
1756 1410 1821 1457 sit

139 1482 335 1527 tutatur
372 1481 515 1528 favor
554 1481 843 1542 Euryalum,
882 1484 1076 1527 tutatur
1114 1481 1283 1529 virtus.
1361 1483 1606 1541 lacrimae,
1644 1484 1822 1544 inquit,

142 1555 368 1602 decorae:
414 1556 560 1602 tanta
597 1556 674 1602 vis
713 1554 1095 1616 pulchritudinis
1143 1557 1248 1602 eius
1294 1556 1416 1614 fuit,
1463 1559 1518 1603 ut
1564 1559 1822 1604 ornaretur

140 1628 336 1677 fletibus
369 1629 486 1690 suis,
527 1629 613 1690 qui
652 1629 788 1677 soliti
828 1630 944 1676 sunt
981 1629 1371 1690 pulchritudines
1404 1631 1627 1692 egregias
1660 1630 1818 1677 defor-

24 1735 29 1744 ·
73 1720 117 1753 so
140 1718 290 1750 mare.
354 1703 467 1750 huic
491 1703 598 1750 loco
624 1703 975 1750 Terentianum
1001 1704 1228 1750 convenit
1252 1703 1435 1750 dictum
1470 1697 1687 1767 (Phorm.
1711 1708 1755 1762 l,
1776 1707 1822 1762 2,

142 1771 260 1842 54):
302 1774 518 1840 „virgo“,
553 1778 734 1838 inquit,
766 1777 1015 1838 „pulchra,
1048 1779 1096 1823 et
1127 1792 1224 1838 quo
1263 1778 1422 1839 magis
1461 1776 1658 1837 diceres,
1698 1777 1822 1824 nihil

140 1850 314 1898 aderat
338 1850 613 1898 adiumenti
646 1851 708 1898 ad
739 1850 1178 1912 pulchritudinem:
1220 1850 1427 1912 capillus
1451 1865 1639 1911 passus,
1664 1850 1823 1898 nudus

140 1940 241 1986 pes,
277 1923 390 1986 ipsa
419 1925 639 1984 horrida,
678 1926 926 1984 lacrimae,
957 1924 1164 1972 vestitus
1195 1925 1370 1986 turpis,
1410 1926 1478 1982 ut,
1518 1924 1569 1970 ni
1601 1926 1675 1972 vis
1707 1924 1822 1971 boni

140 1999 194 2046 in
239 1999 349 2060 ipsa
394 2000 579 2046 inesset
625 1999 805 2060 forma,
860 1999 981 2046 haec
1029 1999 1238 2045 formam
1285 1997 1668 2059 extinguerent“.
1751 2013 1823 2045 re-

16 2088 29 2123 4
73 2089 118 2123 25
143 2087 259 2120 vera
297 2072 428 2120 enim
466 2074 578 2134 ipsa
625 2077 698 2121 est
742 2072 1132 2134 incorruptibilis
1178 2071 1494 2133 pulchritudo
1543 2088 1667 2132 quae
1706 2075 1825 2119 tunc

23 2143 25 2146 ’
142 2162 336 2208 quoque
375 2146 620 2195 inviolata
667 2147 924 2210 perdurat,
972 2161 1085 2193 cum
1131 2146 1358 2207 pulsatur
1404 2144 1621 2193 adversis
1661 2147 1711 2192 et
1748 2145 1824 2192 sui

141 2221 438 2268 detrimenta
476 2237 575 2268 non
614 2222 778 2269 sentit.
848 2218 921 2281 [et
949 2234 1130 2280 magma
1152 2219 1429 2279 proclamat
1458 2233 1566 2267 voce
1596 2216 1802 2279 Diores]
1810 2235 1827 2265 .-

18 2422 22 2426 ,
142 2377 202 2421 de
233 2376 330 2420 doli
361 2376 750 2434 interpretatione
773 2389 859 2419 nec
883 2375 1009 2431 apud
1033 2374 1267 2418 Donatum
1299 2387 1384 2417 nec
1416 2373 1543 2430 apud
1567 2372 1825 2430 Vergilium

12 2438 33 2491 ξ
143 2437 432 2493 disputatur:
480 2437 627 2481 sicubi
665 2435 962 2479 scribendum
999 2434 1203 2487 videtur,
1242 2436 1297 2476 ut
1327 2433 1387 2476 sit
1420 2432 1674 2476 sententia:
1721 2430 1822 2475 ubi-

142 2509 326 2552 cunque
356 2495 480 2540 inter
509 2495 763 2552 prudentes
795 2494 909 2550 quid
940 2492 1002 2536 sit
1033 2492 1167 2537 dolus
1199 2492 1491 2549 disputatum
1522 2493 1605 2536 est.

263 2559 378 2598 2—3
417 2569 463 2599 se
499 2555 608 2599 velle
638 2555 802 2611 eriyere
833 2552 919 2596 LR.
949 2552 1043 2596 ed.:
1091 2552 1175 2595 aut
1214 2551 1412 2596 alterum
1449 2564 1495 2595 se
1533 2549 1707 2594 excidit
1743 2550 1826 2593 aut

143 2627 357 2672 exurqere
388 2613 687 2658 scribendum
719 2613 803 2656 est.
950 2615 1066 2654 3-4
1098 2615 1403 2654 transeuntem
1434 2610 1650 2666 deciperet
1681 2607 1733 2651 R.

145 2677 172 2718 ὅ
204 2673 478 2730 deceptionis
507 2673 550 2716 R
580 2672 773 2729 deceptis
801 2685 826 2714 r
849 2692 904 2708 =
931 2670 980 2714 L.
1093 2674 1117 2713 ‘1
1151 2683 1264 2726 quea
1294 2682 1379 2725 pro
1410 2682 1547 2725 quam
1577 2667 1619 2710 R
1649 2679 1763 2711 corr.
1788 2680 1823 2710 r.

108 2784 111 2787 ,
237 2736 290 2776 11
323 2731 575 2778 tertia¹LR
606 2731 736 2776 tertio
767 2730 876 2774 edF.
1034 2733 1087 2772 12
1119 2742 1214 2772 non
1243 2729 1425 2773 veniens
1455 2729 1563 2771 etc:
1610 2724 1826 2770 similiter

144 2791 311 2835 vitium
335 2791 581 2848 opinatum
605 2789 820 2834 ordinato
845 2801 983 2832 sensu
1006 2799 1240 2831 removere
1265 2786 1355 2830 sibi
1378 2785 1562 2830 videtur
1584 2789 1626 2839 6,
1637 2787 1735 2828 389.

147 2854 203 2894 15
233 2851 411 2908 φατέον
432 2850 476 2894 R
533 2850 690 2895 ravior
713 2849 762 2893 L.
858 2852 911 2891 16
943 2860 1126 2904 corpore
1149 2846 1190 2890 R.
1212 2859 1342 2903 opere
1365 2845 1414 2888 L.
1508 2847 1561 2888 17
1592 2843 1750 2898 favore
1773 2841 1819 2886 L.

235 2914 292 2953 23
323 2910 380 2955 ni
406 2910 476 2954 vis
551 2909 593 2952 R
623 2907 840 2966 quicquid
870 2906 941 2950 ed.
1033 2910 1090 2950 24
1123 2906 1283 2950 inesset
1313 2906 1348 2947 L
1379 2908 1489 2948 esset
1512 2902 1552 2946 R
1576 2900 1734 2945 r=L.

147 2973 204 3012 27
237 2973 349 3014 et—
367 2969 536 3014 Diores
566 2967 698 3012 deest
728 2967 778 3010 in
810 2965 908 3018 LR,
940 2964 1022 3009 sed
1054 2963 1324 3021 explicatur.
