2014 3226
754 171 1054 215 AENEIDOS
1087 172 1130 214 11
1683 173 1790 223 2Οό

102 312 362 372 eiusmodi,
417 314 473 358 ut
528 311 615 358 sub
671 327 925 359 caesorum
973 313 1121 359 armis
1170 313 1426 358 latitantes
1475 311 1790 359 evaderemus

101 387 256 435 hostis
298 388 344 432 et
385 386 510 433 alios
551 401 745 446 quoque
784 387 1058 432 niteremur
1089 386 1322 433 occidere.
1386 387 1511 432 ilicet
1541 386 1793 431 obruimur

100 474 299 507 numero
345 458 653 519 [primusque
704 459 942 507 Coroebus
988 460 1179 506 Penelei-
1226 462 1395 507 dextra
1442 461 1583 506 clivam
1630 461 1776 506 armi·
1795 465 1879 503 425

93 536 300 594 potentis
354 534 421 581 ad
474 548 617 580 aram
660 531 964 594 procumbit]
972 550 987 579 .·
1049 534 1186 581 ilicet
1242 534 1535 594 ubicumque
1590 534 1793 594 ponitur

57 626 77 656 5
103 611 320 655 extrema
359 609 524 654 omnia
564 607 783 654 accidere
824 607 904 654 vel
945 607 1178 655 accidisse
1220 607 1543 670 significatur.
1607 606 1792 654 dudum

103 681 243 729 enim·
263 681 388 728 dixit
421 680 562 741 „telis
595 683 876 728 nostrorum
916 681 1216 740 obruimur“‚
1256 682 1335 728 hic
1377 681 1498 728 dixit
1539 680 1794 728 obruimur

102 766 325 814 numero,
364 755 457 802 hoc
497 758 571 802 est
610 755 682 802 ita
723 771 892 802 sumus
933 755 1253 802 multitudine
1294 756 1486 818 ingenti
1525 755 1705 802 vallati
1744 758 1793 802 et

102 830 447 889 circumventi,
494 831 551 876 ut
597 830 788 876 occurri
833 845 932 876 non
978 832 1146 890 posset
1194 834 1279 876 aut
1326 830 1504 876 resisti.
1582 829 1792 890 denique

103 904 189 964 qui
226 904 418 965 primus
456 905 689 950 inventor
727 903 1023 950 insidiarum
1062 904 1158 950 fuit
1198 905 1386 965 primus
1429 901 1674 950 Coroebus
1715 918 1791 950 oc-

35 995 77 1027 10
102 978 229 1025 cisus
277 979 352 1025 est
398 980 447 1024 et
492 977 681 1038 primus
730 981 843 1024 ante
890 978 1048 1038 ipsius
1095 978 1347 1025 Minervae
1403 993 1513 1025 aras
1561 977 1794 1024 occubuit

101 1067 189 1098 nec
236 1051 282 1098 ei
327 1051 558 1113 prodesse
604 1053 822 1099 numinis
869 1053 1151 1113 praesentia
1197 1053 1362 1112 potuit
1400 1054 1604 1112 propter
1655 1052 1792 1098 cuius

101 1125 402 1173 sacerdotem
443 1125 801 1172 defendendam
839 1125 1132 1172 videbamur
1170 1141 1272 1173 esse
1313 1125 1519 1172 collecti.
1584 1126 1714 1173 cadit
1753 1130 1795 1171 ct

101 1199 330 1259 Ripheus,
367 1201 665 1247 iustissimas
702 1215 833 1246 anas
873 1201 956 1258 qui
994 1201 1092 1259 fuit
1127 1202 1182 1247 in
1217 1200 1415 1246 Teucris
1455 1203 1497 1247 et
1534 1201 1792 1246 servantis-

100 1275 252 1321 simus
306 1275 470 1333 acqui:
534 1289 665 1334 ecce,
717 1275 904 1334 inquit,
959 1273 1067 1322 laus
1123 1273 1347 1333 deorum,
1401 1274 1533 1334 perit
1586 1273 1792 1336 indigna

36 1363 78 1396 15
102 1350 257 1395 morte
308 1347 393 1408 qui
440 1348 664 1395 iustitiae
711 1350 762 1395 et
808 1348 1076 1408 aequitatis
1128 1346 1306 1394 merito
1354 1349 1424 1395 sic
1473 1350 1659 1394 ceteros
1707 1363 1792 1394 an-

100 1421 277 1481 teibat,
324 1424 380 1468 ut
426 1423 558 1470 solus
607 1424 734 1470 esset
780 1437 869 1469 nec
912 1421 1116 1469 haberet
1156 1422 1373 1483 aliquem
1413 1422 1493 1469 cui
1532 1422 1795 1482 conparari

100 1497 356 1557 potuisset.
419 1511 570 1557 quare
609 1496 701 1543 hoc
739 1496 927 1543 factum
966 1497 1190 1557 putatur,
1222 1498 1281 1542 ut
1312 1495 1588 1557 superiores
1620 1495 1793 1542 fierent

102 1569 328 1617 scelerati
368 1573 418 1617 et
456 1570 676 1632 perirent
714 1567 969 1618 inmeriti?
1045 1571 1161 1624 diis,
1206 1569 1394 1631 inquit,
1442 1569 1583 1617 aliter
1619 1571 1792 1617 visum.

102 1643 189 1690 ubi¹
223 1645 428 1705 ponitur
466 1644 557 1692 hoc
596 1644 674 1690 illi
711 1645 874 1691 visum
913 1646 988 1691 est
1025 1660 1126 1692 non
1163 1645 1352 1692 iustum
1397 1643 1659 1703 iudicium,
1708 1643 1794 1691 sed

36 1734 80 1767 20
102 1733 285 1780 pravae
323 1718 598 1765 voluntatis
638 1718 859 1767 studium
897 1720 946 1765 et
984 1717 1139 1766 libido
1179 1717 1502 1782 significatur.
1566 1717 1794 1778 denique,

103 1794 160 1840 ut
211 1791 398 1839 dictum
451 1795 546 1852 est,
600 1794 854 1854 perierunt
906 1793 1098 1840 innoxii
1153 1795 1201 1839 et
1255 1790 1508 1840 sceleratis
1563 1791 1794 1839 vincendi

103 1867 245 1928 copia
299 1866 542 1914 attributa
597 1869 683 1914 est.
776 1866 978 1914 additur
1031 1866 1164 1927 quod
1217 1866 1570 1930 indignitatem
1632 1866 1794 1926 ipsam

103 1941 260 2003 magis
301 1940 598 1988 accumulet:
629 1944 841 2000 pereant
869 1941 1195 2001 Hypanisque
1224 1941 1507 2002 Dymasque
1545 1941 1723 1998 confixi
1761 1955 1793 1986 a

103 2015 255 2062 sociis.
333 2014 692 2062 admittebatur
730 2015 904 2074 scelus,
947 2030 1104 2076 neque
1144 2014 1303 2062 ullum
1341 2014 1438 2061 fuit
1477 2013 1676 2075 crimen,
1714 2016 1791 2061 ut·

38 2102 82 2137 ιε
104 2089 219 2149 pote
249 2088 383 2150 quod
412 2104 511 2137 non
534 2090 874 2150 unusquisque
898 2089 1171 2149 voluntate,
1196 2088 1283 2136 sed
1314 2103 1476 2136 errore
1511 2087 1792 2136 admiserat.

103 2164 189 2209 mc
225 2164 267 2210 te
306 2165 390 2210 tua
420 2163 659 2222 plurima,
691 2163 901 2217 Panthu,
942 2163 1176 2210 labentem
1202 2207 1204 2211 ,
1206 2165 1370 2222 pietas
1407 2177 1494 2210 nec
1531 2161 1778 2222 Apollinis
1794 2166 1882 2206 430

103 2236 266 2296 infula
304 2238 440 2285 texit:
494 2237 713 2285 servavit
751 2236 816 2284 ad
853 2236 1001 2284 finem
1040 2252 1151 2283 cum
1191 2237 1495 2299 apostropha
1533 2236 1638 2283 eius
1684 2250 1794 2297 per-

75 2319 276 2359 sonam
321 2310 374 2357 in
421 2326 520 2372 qua
566 2311 847 2359 ostenderet
886 2310 1001 2358 deos
1041 2312 1237 2358 tantum
1276 2311 1429 2359 fuisse
1468 2326 1498 2358 a
1537 2309 1793 2358 commodo

106 2382 348 2432 Troianae
380 2385 680 2433 defensionis
713 2385 916 2445 alienOS,
946 2386 1004 2432 ut
1036 2385 1189 2432 etiam
1219 2384 1442 2433 Panthus
1482 2383 1795 2432 occumberet

38 2466 85 2507 κ
107 2457 238 2518 pius,
285 2460 474 2522 graviS,
527 2459 789 2522 religiosus
844 2474 956 2506 cum
1009 2458 1132 2521 ipsis
1184 2458 1463 2523 insignibus
1510 2457 1792 2506 sacerdotis.

225 2632 251 2671 3
291 2629 559 2685 primusque
584 2655 639 2661 -—
664 2634 692 2672 4
739 2630 1000 2686 procumbit
1052 2629 1185 2672 deest
1237 2628 1287 2672 in
1341 2628 1449 2683 LR,
1511 2628 1592 2672 sed
1646 2627 1794 2685 expli-

40 2701 58 2752 :j
243 2722 252 2731 .
419 2692 475 2732 14
506 2689 649 2745 periit
687 2689 758 2732 ed.
926 2693 982 2733 25
1021 2690 1130 2744 post
1168 2689 1417 2732 admiserat
1452 2687 1502 2731 in
1542 2687 1638 2732 edF
1676 2687 1795 2731 haec

41 2753 53 2790 ί
106 2746 364 2813 coquuntur
409 2759 530 2804 quae
575 2761 661 2791 nec
700 2747 787 2791 LR
832 2747 1029 2792 habent
1055 2760 1142 2791 nec
1180 2745 1326 2791 HOU
1370 2759 1456 2791 nec
1499 2746 1600 2790 edi:
1655 2759 1792 2801 „con-

48 2829 68 2858 5-
107 2802 203 2848 fixi
220 2812 253 2847 sa
289 2805 427 2850 sociis
475 2808 674 2864 augetur
719 2806 1064 2852 commiseratio
1108 2806 1309 2850 interfici
1352 2805 1477 2850 enim
1516 2804 1685 2849 durum
1722 2806 1796 2849 est

44 2869 85 2931 ξ
108 2862 191 2908 sod
243 2864 404 2908 durius
455 2878 484 2908 a
533 2866 629 2910 suis
682 2865 883 2910 interfici
936 2867 1248 2924 exaggeratur
1300 2865 1427 2921 quod
1474 2864 1656 2909 dixerat
1700 2864 1794 2908 heu

42 2921 227 3226 knihil
264 2923 425 3025 ἰιιέίὴἰο
461 2924 535 2969 fas
574 2937 857 2981 quemquam
894 2925 1038 2969 fidere
1077 2924 1241 2968 divis“.
1418 2927 1473 2967 80
1515 2925 1670 2981 yravis
1708 2923 1794 2966 LR

106 2993 175 3038 φ’.
205 2986 246 3026 et
283 2995 308 3026 e
345 3018 353 3026 .
