2014 3226
197 194 303 246 278
663 191 893 235 DONATI
924 191 1204 235 INTERPR.
1237 191 1416 236 VERG.

197 352 319 395 sum,
362 351 456 395 quo
498 333 657 381 solum
697 330 1045 379 continebatur
1088 332 1333 378 incertum
1370 333 1427 378 ut
1467 334 1716 379 constaret
1762 349 1887 394 quae

197 414 323 457 esset
370 410 457 454 illa
504 407 640 468 regio
690 405 752 451 ad
802 421 953 466 quam
991 405 1192 452 tendere
1232 405 1489 466 deberent,
1535 407 1681 452 mioeto
1720 407 1888 466 ‘laycus

108 487 192 526 100
212 487 374 529 exorta
415 482 622 528 tumultu
662 480 844 526 laetitia
884 481 927 526 et
965 481 1121 527 cuuctl
1154 493 1276 538 quas
1307 481 1402 525 siut
1436 494 1493 526 ea
1523 482 1714 526 moeru'a
1745 495 1888 539 quae·
1988 530 1991 542 3

194 560 330 610 runt,
379 571 469 614 quo
516 554 734 600 Phoebus
782 556 911 599 vocet
957 555 1165 600 errantis
1211 554 1464 611 iubeatque
1510 555 1682 600 reverti
1691 571 1705 599 .·
1767 554 1889 602 laeti
1988 555 1991 614 j

195 630 394 690 quidem
432 630 630 675 fuerunt
671 641 860 686 omnes,
902 627 1035 687 quod
1075 629 1250 688 optata
1291 629 1606 689 cognossent,
1655 627 1740 674 sed
1778 629 1887 674 uni·
1934 647 1954 680 5
1988 636 1991 662 ¹

193 704 322 750 versi
363 702 667 764 quaerebant
706 715 884 748 nomen
923 700 1031 747 loci.
1097 702 1308 761 antiqua
1341 701 1473 747 enim
1503 701 1742 748 memoria
1773 702 1887 762 fuit,

195 793 342 837 quam
396 774 683 837 posterioris
740 775 850 822 aevi
902 773 1124 821 homines
1180 773 1502 836 ignorabant,
1566 791 1715 836 quam
1776 790 1888 823 cum

193 866 359 897 omnes
408 866 506 897 non
552 850 777 908 nossent,
825 848 1027 895 deerant
1076 849 1163 909 qui
1207 847 1521 909 inprudentis
1570 848 1885 897 instruerent.

191 928 291 971 tum
326 926 513 984 yenitor
550 927 763 970 veterum
798 922 992 968 volvens
1022 926 1333 969 monumenta
1365 923 1606 969 virorum:
1644 922 1885 971 Anchises

189 1001 333 1059 pater
386 1012 546 1058 meus,
603 997 689 1059 qui
741 996 888 1058 longe
945 998 1132 1043 ceteros
1189 997 1331 1043 annis
1386 999 1435 1043 et
1490 996 1697 1043 scientia
1744 1013 1886 1058 prae·
1912 1017 1954 1049 10

191 1071 415 1132 cedebat,
462 1071 688 1119 revoluta
734 1070 1014 1131 priscorum
1054 1069 1226 1117 fabula
1265 1071 1623 1131 expositionem
1660 1073 1886 1132 responsi

189 1145 424 1193 audacter
469 1145 719 1208 ingressus
768 1145 952 1199 audite,
1001 1159 1027 1190 0
1058 1158 1305 1203 procereS,
1355 1145 1444 1199 ait,
1495 1148 1538 1191 et
1574 1158 1682 1204 spes
1722 1146 1886 1192 discite

189 1223 396 1267 restras:
436 1219 570 1281 quid,
609 1219 791 1280 inquit,
830 1233 1027 1279 sperare
1068 1217 1287 1264 debeatis
1327 1218 1506 1265 audite.
1575 1217 1718 1266 Creta
1749 1219 1886 1266 Iovis

103 1297 185 1336 105
204 1295 369 1353 maym'
406 1294 562 1340 medio
601 1295 724 1340 iacet
760 1292 928 1339 insula
957 1295 1122 1351 ponto,
1156 1306 1292 1338 mous
1322 1291 1510 1339 Idaeus
1545 1293 1628 1340 ubl
1661 1296 1703 1339 et
1729 1295 1885 1352 ocutis

189 1368 433 1415 cunabula
463 1370 670 1415 nostrae.
732 1369 918 1413 centum
948 1366 1086 1412 urbis
1122 1366 1345 1413 habitant
1381 1381 1602 1425 maynas,
1635 1367 1885 1414 uberrima
1910 1386 1951 1419 15

187 1455 352 1501 reyna,
384 1443 628 1489 maa-lmus
659 1441 789 1488 uude
810 1443 971 1499 pater,
1004 1441 1048 1486 sl
1078 1441 1169 1486 rite
1200 1439 1373 1487 audita
1403 1441 1642 1495 recordor,
1670 1440 1884 1488 Teucrus

187 1515 422 1563 Rhoeteas
468 1517 690 1575 primum
738 1517 805 1561 cst
850 1515 1076 1561 advectus
1123 1513 1189 1561 ad
1236 1527 1350 1561 oras
1404 1516 1676 1572 optavitque
1731 1516 1886 1562 locum

101 1594 184 1632 110
202 1603 361 1649 reyno.
427 1590 644 1636 noudum
682 1589 723 1636 I
722 1589 859 1644 llum,
899 1590 943 1634 et
979 1601 1116 1635 arces
1145 1587 1438 1647 Peryameae
1476 1591 1716 1644 steterant,
1748 1589 1884 1636 habi-

188 1663 357 1711 tabaut
394 1664 605 1711 vallibus
635 1665 760 1711 imis
821 1663 933 1708 hirco
963 1665 1118 1709 mater
1149 1661 1325 1710 cultrix
1360 1660 1530 1721 Cybele
1565 1660 1881 1722 Corybantia-

187 1751 276 1796 que
323 1752 440 1785 aera
486 1738 787 1797 Idaeumque
831 1749 1023 1791 nemus,
1078 1737 1189 1783 hinc
1241 1736 1348 1795 fiola
1400 1736 1592 1783 silentia
1638 1738 1794 1784 sacris
1841 1740 1885 1785 et
1907 1756 1950 1788 20

185 1812 337 1858 iumcti
375 1826 574 1859 currum
614 1813 838 1859 dominae
875 1810 1065 1857 subiere
1102 1810 1274 1857 leones,
1345 1824 1453 1869 erqo
1486 1811 1612 1869 ayite
1643 1813 1685 1857 et
1716 1811 1884 1859 divum

100 1890 183 1928 115
202 1885 384 1932 ducunt
429 1899 527 1944 qua
572 1887 710 1933 iussa
755 1897 1039 1944 sequamur,
1085 1885 1340 1943 placemus
1393 1887 1557 1931 ventos
1604 1887 1647 1932 et
1695 1883 1884 1933 Gnosia

186 1972 338 2018 reyma
374 1963 615 2018 petamus.
692 1974 779 2006 uec
825 1959 962 2018 louyo
1010 1959 1194 2005 distant
1239 1972 1410 2006 cursu:
1471 1958 1610 2005 modo
1656 1958 1883 2018 Iuppiter

188 2032 332 2089 adsit,
365 2035 506 2080 tertia
545 2034 630 2080 lux
661 2034 864 2081 classem
898 2031 1111 2080 Cretaeis
1141 2033 1274 2079 sistet
1302 2033 1357 2079 iu
1388 2033 1515 2079 oris:
1554 2048 1654 2079 non
1684 2034 1883 2081 tantum

187 2108 413 2167 exposuit
451 2106 691 2154 Anchises
737 2107 791 2155 id
837 2105 971 2168 quod
1018 2105 1286 2154 secundum
1332 2121 1623 2167 responsum
1662 2109 1882 2155 senserat
1905 2124 1948 2158 25

186 2195 358 2227 verum
412 2181 565 2228 etiam
617 2180 776 2242 partis
832 2180 1080 2228 suasorias
1133 2180 1419 2241 plenissime
1469 2181 1758 2241 prosecutus
1807 2183 1881 2230 est
1996 2172 1999 2173 ⁷

185 2253 371 2301 faciens
425 2256 476 2301 in
539 2254 765 2302 omnibus
826 2255 1059 2302 laetiores
1122 2269 1247 2315 quos
1308 2253 1491 2315 Apollo
1553 2255 1880 2316 promissione

308 2414 329 2451 1
362 2409 423 2454 'ut
461 2415 684 2454 constaret
715 2410 802 2453 LR
834 2411 928 2463 ed.;
960 2408 1110 2465 possis
1142 2415 1194 2454 ut
1224 2422 1319 2452 uon
1347 2414 1488 2453 staret
1523 2408 1754 2464 conicere,
1797 2410 1879 2454 sed

186 2481 271 2523 pro
303 2473 354 2512 ut
383 2474 541 2513 uotum
572 2469 697 2523 fieret
728 2470 1056 2525 accipiendum
1088 2470 1173 2512 est.
1342 2473 1367 2511 2
1399 2470 1541 2513 miaeto
1573 2468 1660 2511 LR
1690 2469 1762 2513 ed.
1796 2483 1881 2524 que

185 2541 275 2570 om.
309 2526 442 2582 Don.‚
475 2528 586 2583 quia
617 2527 789 2572 lemma
822 2543 927 2571 cum
958 2527 1349 2583 interpretatione
1383 2527 1635 2572 contexuit.
1745 2532 1770 2570 3
1803 2542 1877 2572 ex-

185 2590 340 2630 ortatu
369 2587 510 2630 multo
542 2587 628 2630 LR
661 2600 773 2631 corr.
799 2602 834 2630 r.
865 2590 870 2644 Ι
907 2587 1083 2631 laetitia
1113 2588 1174 2630 sit
1204 2592 1245 2631 et
1267 2586 1355 2629 LR
1386 2587 1619 2645 corrigere
1651 2586 1811 2631 omisit
1841 2602 1876 2631 r.

303 2649 331 2687 4
362 2647 567 2690 iubeatve
598 2645 668 2689 ed.
794 2651 819 2689 5
852 2647 1160 2704 coquovisseut
1191 2646 1262 2689 ed.
1388 2650 1440 2688 11
1473 2647 1660 2701 familia
1687 2645 1774 2689 LR
1804 2646 1875 2690 ed.

182 2705 348 2757 fabula
370 2718 475 2758 nos3
509 2704 566 2748 cf.
596 2708 679 2747 107
703 2705 926 2759 fabulam,
951 2719 1063 2748 nam
1085 2709 1379 2749 monumenta
1403 2706 1620 2762 explicat.
1716 2709 1770 2748 13
1803 2705 1876 2749 de-

184 2763 285 2806 beat
313 2763 385 2807 his
416 2763 502 2807 LR
533 2777 647 2807 corr.
680 2779 703 2806 r
734 2764 805 2808 ed.
909 2769 964 2808 14
995 2765 1146 2808 insola
1176 2764 1274 2807 LR.
1304 2764 1311 2822 Ι
1339 2766 1515 2821 aqentis
1545 2765 1633 2808 LR
1663 2769 1704 2809 et
1732 2765 1879 2822 yemis

182 2834 206 2863 r
237 2821 308 2865 ed.
342 2836 397 2877 ac
425 2828 498 2880 9.?
632 2826 686 2865 15
722 2824 948 2868 conabula
979 2825 1044 2880 (et
1075 2822 1216 2878 infra)
1247 2823 1346 2866 LR.
1486 2829 1541 2867 16
1573 2824 1760 2868 auditor
1791 2823 1877 2866 LR

183 2893 297 2923 corr.
329 2895 365 2926 r.
395 2883 401 2939 Ι
435 2886 609 2926 teucros
641 2881 781 2938 (infra
812 2884 928 2939 -rus)
960 2883 1059 2926 LR.
1188 2887 1242 2926 19
1274 2883 1420 2939 cybele
1444 2882 1532 2926 LR
1561 2884 1632 2926 ed.
1667 2881 1723 2927 cf.
1751 2881 1874 2928 Serv.

186 2939 369 2996 Cybeli?
402 2952 462 2983 an
495 2941 614 2984 -lae⁴?
766 2945 819 2983 21
853 2942 1075 2986 subiecere
1106 2941 1192 2984 LR
1225 2955 1339 2987 corr.
1372 2956 1406 2985 r.
1552 2947 1609 2986 24
1640 2941 1760 2986 sistit
1790 2941 1876 2989 LR
1962 2971 1966 2998 ς

181 2998 308 3042 sistet
337 3013 372 3041 r.
497 3004 553 3043 26
585 3000 821 3044 suasorias
852 3000 938 3043 LR
966 3014 1076 3045 suas
1107 3000 1178 3044 ed.
