2014 3226
813 155 1113 200 AENEIDOS
1145 158 1186 200 V
1741 165 1847 214 4⁴53

164 293 416 340 innocenti
457 293 615 340 amico
656 294 832 355 largiri
872 295 930 342 de
970 312 1092 355 meo,
1132 312 1241 344 cum
1275 298 1398 345 nihil
1437 300 1545 347 sitis
1578 300 1636 347 de
1676 304 1850 348 vestris

165 367 380 415 sortibus
420 367 679 428 perdituri.
759 369 897 427 pueri
939 370 1018 416 hic
1051 387 1138 431 pro
1171 371 1431 419 iuvenibus
1465 372 1692 420 debemus
1728 377 1848 422 acci-

163 456 279 502 pere
320 443 407 487 aut
454 441 717 501 pueriliter
764 444 1052 502 sentientes,
1109 445 1194 505 qui
1241 446 1483 506 putabant
1521 447 1719 494 Aenean
1763 449 1850 495 sub

166 516 434 576 conspectu
458 514 701 561 bonorum
726 515 944 562 omnium
971 520 1141 564 contra
1168 519 1541 579 pollicitationis
1566 536 1683 568 suae
1708 522 1849 568 fidem

120 604 140 636 5
165 588 357 650 aliquid
404 603 507 636 esse
553 588 815 636 facturum.
900 592 970 637 sic
1014 593 1148 649 fatus
1195 594 1377 652 teryum
1420 594 1612 641 Gaetuli
1659 597 1852 642 inmane

164 663 315 710 leonis
361 663 447 710 dat
489 661 647 716 Salio,
703 662 832 709 villis
886 678 1138 711 oneroswn
1185 669 1324 724 atque
1377 668 1618 726 mzsluibus
1664 671 1852 715 aurcis:

164 736 277 783 inde
309 752 562 799 magnum,
594 735 726 798 quod
757 737 912 783 leonis
945 739 1175 799 ingentis,
1208 743 1255 786 et
1287 742 1436 801 pretii
1467 743 1681 799 maioris,
1721 742 1852 803 quod

164 826 356 874 ungues
397 810 500 858 eius
551 811 660 857 auri
705 810 872 872 fulgor
917 811 1198 859 incluserat.
1273 814 1349 861 hie
1387 815 1564 870 Nisus,
1611 817 1653 862 si
1700 819 1850 869 tanta,

164 886 343 944 inquit,
395 888 510 931 sunt
544 885 775 943 praemia
822 885 958 932 victis
1006 889 1048 932 et
1085 888 1126 933 te
1173 887 1420 946 lapsorum
1465 891 1675 943 miseret,
1729 903 1852 947 quae

101 974 143 1005 ιο
165 973 371 1007 munera
402 959 528 1006 Nis'o
566 959 717 1018 diyna
757 959 919 1015 dabis,
961 961 1180 1018 primam
1218 964 1374 1008 merui
1413 963 1496 1020 qui
1526 963 1670 1010 laude
1709 977 1837 1009 coro·
1853 966 1938 1005 356

168 1047 301 1086 nam,
325 1034 379 1079 ni
408 1047 498 1088 me,
522 1047 646 1092 qnae
675 1031 883 1087 Salium,
915 1034 1114 1091 fortuna
1145 1035 1342 1082 inimica
1375 1036 1592 1083 tulisset?
1631 1052 1687 1083 ex
1712 1052 1850 1097 prae-

167 1108 321 1155 sentis
347 1106 601 1154 occasione
627 1105 749 1153 dicti
772 1106 923 1154 Nisus
947 1108 1219 1154 instructus
1250 1110 1413 1155 tenuit
1436 1110 1658 1157 Aenean:
1698 1125 1851 1171 quon-

165 1181 268 1229 iam
307 1183 373 1240 te,
411 1181 594 1241 inquit.
634 1181 799 1243 tangit
830 1180 1085 1242 lapsorum
1114 1181 1382 1240 miseratio,
1420 1185 1577 1245 magis
1601 1200 1677 1230 me
1704 1199 1851 1244 quam

168 1253 362 1302 Salium
401 1254 711 1302 considerare
750 1256 801 1300 te
842 1255 1083 1302 convenit.
1161 1271 1250 1317 ego
1291 1256 1419 1303 enim
1460 1258 1644 1317 primus
1683 1272 1852 1316 essem,

100 1345 143 1378 15
166 1331 225 1376 ut
255 1329 354 1389 fui,
392 1329 491 1376 nisi
528 1328 724 1390 lapsum
757 1328 1053 1389 incidissem,
1086 1344 1174 1376 nec
1206 1332 1280 1377 est
1311 1330 1485 1377 similis
1517 1346 1664 1378 causa
1694 1330 1852 1391 ipsius

167 1405 217 1450 et
255 1419 387 1462 mea,
433 1402 693 1464 quoniam,
741 1417 852 1449 cum
899 1405 1026 1450 esset
1063 1403 1379 1463 novissimus,
1426 1404 1613 1451 cecidit.
1690 1405 1853 1451 tenuit

168 1477 366 1539 quidem
413 1477 618 1524 fortuna
664 1491 808 1538 pares
854 1477 906 1524 in
960 1477 1126 1538 lapsn,
1181 1476 1264 1524 sed
1313 1482 1425 1524 ante
1473 1493 1640 1524 casum
1680 1477 1852 1539 quales

166 1551 407 1598 fuerimus
461 1550 823 1598 discutiendum
871 1554 957 1598 est.
1051 1566 1140 1612 ego
1189 1550 1443 1598 veniebam
1491 1551 1554 1599 ad
1607 1566 1852 1609 coronam,

169 1624 334 1672 Salius
380 1625 538 1672 multo
583 1626 828 1687 posterior
866 1625 984 1684 fuit,
1030 1624 1234 1685 proinde
1281 1626 1514 1686 quoniam
1560 1624 1710 1672 habes
1748 1624 1852 1686 lap-

101 1715 145 1748 20
170 1714 335 1746 sorum
382 1700 566 1747 iustam
612 1700 859 1746 rationem
904 1701 955 1746 et
1000 1699 1211 1745 multum
1263 1700 1469 1746 interest
1512 1698 1641 1745 inter
1687 1713 1851 1745 casum

169 1772 295 1820 Salii
334 1775 384 1820 et
433 1789 620 1833 meum,
674 1774 718 1821 si
755 1774 888 1821 victo
938 1775 1137 1820 tantum
1186 1771 1459 1833 praemium
1513 1772 1679 1831 datur,
1734 1770 1852 1833 quid

167 1847 310 1895 iuxta
347 1863 426 1894 me
463 1846 571 1894 fieri
612 1849 878 1896 conveniat
924 1848 1269 1894 aestimatione
1314 1848 1448 1893 iusta
1494 1845 1637 1893 debes
1678 1861 1851 1906 expen-

169 1921 296 1969 dere.
361 1925 404 1970 et
431 1922 580 1969 simul
609 1922 685 1969 his
716 1921 857 1969 dictis
886 1921 1062 1980 faciem
1091 1920 1379 1968 ostentabat:
1413 1936 1510 1968 non
1535 1923 1638 1967 tam
1663 1918 1854 1978 faciem,

170 1995 256 2043 sed
295 1995 600 2057 deceptionis
647 2011 765 2044 suae
814 2009 1015 2043 causam
1052 1993 1250 2042 volebat
1297 1993 1565 2041 ostendere.
1642 1992 1851 2053 denique

103 2085 144 2118 25
170 2071 399 2132 sequitur
431 2073 475 2118 et
502 2070 599 2117 udo
632 2071 799 2128 turpia
821 2068 1035 2116 membra
1065 2069 1207 2127 fimo.-
1242 2067 1331 2115 ubi
1362 2067 1493 2114 enim
1523 2066 1660 2115 fusus
1691 2066 1854 2114 fuerat

168 2143 370 2207 sanguis
410 2145 508 2191 fuit
548 2146 597 2191 et
634 2143 796 2191 fimus.
857 2144 968 2191 risit
996 2146 1144 2202 pater
1181 2143 1413 2201 optimus:
1451 2142 1562 2202 quis
1594 2139 1725 2187 enim
1755 2154 1852 2187 non

168 2218 223 2264 in
251 2217 411 2265 risum
442 2219 740 2278 moveretur,
779 2232 892 2265 cum
923 2216 1024 2276 ille,
1063 2215 1204 2278 quasi
1236 2215 1371 2263 visus
1402 2229 1501 2262 non
1533 2216 1661 2262 esset
1691 2216 1852 2271 antea,

170 2293 240 2340 sic
285 2290 465 2340 faciem
513 2306 658 2340 suam
705 2294 755 2339 et
793 2290 1014 2338 membra
1058 2288 1173 2336 fimo
1218 2289 1403 2337 recenti
1457 2287 1611 2336 oblita
1657 2286 1853 2334 demon-

169 2367 366 2414 straret.
427 2365 511 2413 olli
543 2370 587 2414 et
623 2366 830 2426 elipeum
867 2365 1030 2425 efferri
1066 2364 1232 2410 iussit:
1269 2362 1338 2410 sic
1378 2361 1570 2409 addidit
1607 2363 1671 2422 et,
1709 2359 1852 2422 quasi

292 2555 315 2594 1
348 2551 494 2596 amieo
525 2564 615 2595 om.
640 2550 712 2595 ed.
827 2554 854 2593 2
878 2550 1040 2606 pueris
1068 2547 1155 2591 LR
1186 2547 1258 2591 ed.
1284 2559 1453 2603 pueros
1481 2559 1506 2589 r
1529 2545 1667 2602 pueri
1695 2555 1792 2587 noe.

171 2617 199 2653 3
229 2611 468 2655 sentientes
496 2609 585 2654 LR
614 2609 695 2653 edI
726 2609 869 2654 -tfbus
898 2607 1008 2651 edF.
1132 2611 1186 2650 13
1219 2607 1447 2651 labsorum
1476 2604 1512 2648 L
1543 2603 1747 2670 labonun
1778 2600 1850 2645 ed.

263 2674 318 2713 15
351 2669 527 2714 labsum
558 2668 594 2712 L
626 2670 804 2725 lapsum
835 2667 878 2711 R.
907 2668 959 2711 in
991 2667 1019 2711 l.
1052 2665 1124 2710 ed.
1262 2668 1320 2709 20
1350 2665 1572 2709 rationem
1601 2661 1637 2705 L
1668 2674 1851 2705 mmera—

171 2729 339 2773 u‘onem
367 2727 423 2773 R.
528 2733 581 2772 21
616 2728 732 2772 vieto
755 2726 843 2770 LR
871 2727 992 2771 iusto
1014 2724 1057 2769 U
1080 2724 1151 2768 ed.
1181 2724 1188 2783 Ι
1214 2723 1334 2780 quod
1357 2722 1443 2767 LR
1465 2721 1536 2767 ed.
1561 2719 1673 2778 quid
1700 2733 1725 2763 r
1753 2731 1850 2762 noo.

262 2791 318 2832 22
350 2790 486 2832 iuxta
515 2786 603 2831 LR
633 2801 739 2844 erya
770 2785 842 2831 ed.
935 2789 992 2828 23
1021 2783 1187 2839 faeiem
1217 2780 1349 2827 LRo
1380 2794 1566 2827 caueam
1595 2777 1689 2846 111]
1720 2776 1792 2822 ed.

173 2850 231 2890 24
260 2861 371 2892 suae
394 2845 544 2891 om.R.
567 2845 728 2890 add.1·.
821 2848 878 2888 25
907 2844 1065 2899 fus-sue
1093 2842 1135 2886 R
1162 2842 1298 2898 fusus
1325 2854 1351 2884 ι·
1380 2837 1589 2886 iussusL
1619 2850 1743 2883 meus
1773 2833 1853 2879 edI

173 2906 322 2950 Nisus
352 2905 462 2950 edF.
603 2909 686 2949 ,26
718 2904 916 2960 optimus
945 2901 1033 2946 LR
1062 2901 1144 2947 oui
1173 2900 1280 2944 add.
1312 2899 1402 2955 ed„
1432 2897 1558 2956 qnod
1588 2909 1693 2941 cum
1723 2907 1850 2951 sequ.

171 2963 395 3009 lemmate
426 2963 718 3022 coniungunt
746 2961 835 3006 LR
864 2959 1151 3006 assentiente
1180 2957 1580 3016 interpretatione.
