<?xml version="1.0" encoding="UTF-8"?>
<!DOCTYPE html PUBLIC "-//W3C//DTD XHTML 1.0 Transitional//EN"
    "http://www.w3.org/TR/xhtml1/DTD/xhtml1-transitional.dtd">
<html xmlns="http://www.w3.org/1999/xhtml" xml:lang="en" lang="en">
 <head>
  <title>
</title>
<meta http-equiv="Content-Type" content="text/html;charset=utf-8" />
  <meta name='ocr-system' content='tesseract 3.04.00' />
  <meta name='ocr-capabilities' content='ocr_page ocr_carea ocr_par ocr_line ocrx_word'/>
</head>
<body>
  <div class='ocr_page' id='page_1' title='image "./interpretationes01donauoft_0197.png"; bbox 0 0 2014 3226; ppageno 0'>
   <div class='ocr_carea' id='block_1_1' title="bbox 728 216 1761 273">
    <p class='ocr_par' dir='ltr' id='par_1_1' title="bbox 728 216 1761 273">
     <span class='ocr_line' id='line_1_1' title="bbox 728 216 1761 273; baseline 0.015 -15"><span class='ocrx_word' id='word_1_1' title='bbox 728 216 1031 260; x_wconf 76' lang='lat' dir='ltr'><strong>AENE11)‹·)S</strong></span> <span class='ocrx_word' id='word_1_2' title='bbox 1063 219 1100 260; x_wconf 83' lang='lat'>11</span> <span class='ocrx_word' id='word_1_3' title='bbox 1662 224 1761 273; x_wconf 73' lang='lat'>147</span> 
     </span>
    </p>
   </div>
   <div class='ocr_carea' id='block_1_2' title="bbox 0 357 1765 2342">
    <p class='ocr_par' dir='ltr' id='par_1_2' title="bbox 0 357 1765 2342">
     <span class='ocr_line' id='line_1_2' title="bbox 68 357 1763 422; baseline 0.001 -16"><span class='ocrx_word' id='word_1_4' title='bbox 68 357 302 417; x_wconf 67' lang='lat' dir='ltr'>cendum,</span> <span class='ocrx_word' id='word_1_5' title='bbox 358 372 597 418; x_wconf 83' lang='lat' dir='ltr'>personae</span> <span class='ocrx_word' id='word_1_6' title='bbox 653 371 848 417; x_wconf 88' lang='lat' dir='ltr'>quoque</span> <span class='ocrx_word' id='word_1_7' title='bbox 903 361 1153 405; x_wconf 72' lang='lat' dir='ltr'>narraturi</span> <span class='ocrx_word' id='word_1_8' title='bbox 1207 358 1533 422; x_wconf 85' lang='lat' dir='ltr'>incongruum</span> <span class='ocrx_word' id='word_1_9' title='bbox 1593 364 1763 421; x_wconf 84' lang='lat' dir='ltr'>quaeri</span> 
     </span>
     <span class='ocr_line' id='line_1_3' title="bbox 72 430 1765 494; baseline 0.001 -15"><span class='ocrx_word' id='word_1_10' title='bbox 72 431 352 479; x_wconf 83' lang='lat' dir='ltr'>fabularum</span> <span class='ocrx_word' id='word_1_11' title='bbox 392 446 564 494; x_wconf 87' lang='lat' dir='ltr'>genus.</span> <span class='ocrx_word' id='word_1_12' title='bbox 644 430 879 491; x_wconf 88' lang='lat' dir='ltr'>quoniam</span> <span class='ocrx_word' id='word_1_13' title='bbox 918 431 1112 479; x_wconf 81' lang='lat' dir='ltr'><strong>Aeneas</strong></span> <span class='ocrx_word' id='word_1_14' title='bbox 1151 448 1248 480; x_wconf 93' lang='lat' dir='ltr'>non</span> <span class='ocrx_word' id='word_1_15' title='bbox 1290 433 1454 481; x_wconf 88' lang='lat' dir='ltr'>aliena</span> <span class='ocrx_word' id='word_1_16' title='bbox 1493 435 1640 494; x_wconf 86' lang='lat' dir='ltr'>mala,</span> <span class='ocrx_word' id='word_1_17' title='bbox 1681 435 1765 481; x_wconf 89' lang='lat' dir='ltr'>sed</span> 
     </span>
     <span class='ocr_line' id='line_1_4' title="bbox 71 506 1765 568; baseline 0.002 -17"><span class='ocrx_word' id='word_1_18' title='bbox 71 506 273 568; x_wconf 79' lang='lat' dir='ltr'>propria</span> <span class='ocrx_word' id='word_1_19' title='bbox 313 506 480 551; x_wconf 85' lang='lat' dir='ltr'>fuerat</span> <span class='ocrx_word' id='word_1_20' title='bbox 518 507 809 553; x_wconf 78' lang='lat' dir='ltr'>narraturus</span> <span class='ocrx_word' id='word_1_21' title='bbox 850 507 900 551; x_wconf 90' lang='lat' dir='ltr'>et</span> <span class='ocrx_word' id='word_1_22' title='bbox 933 509 1167 568; x_wconf 85' lang='lat' dir='ltr'>congesta</span> <span class='ocrx_word' id='word_1_23' title='bbox 1199 523 1255 553; x_wconf 87' lang='lat' dir='ltr'>ex</span> <span class='ocrx_word' id='word_1_24' title='bbox 1288 508 1497 555; x_wconf 84' lang='lat' dir='ltr'>infinitis</span> <span class='ocrx_word' id='word_1_25' title='bbox 1531 509 1765 568; x_wconf 83' lang='lat' dir='ltr'>adversis,</span> 
     </span>
     <span class='ocr_line' id='line_1_5' title="bbox 71 577 1762 641; baseline 0.002 -15"><span class='ocrx_word' id='word_1_26' title='bbox 71 579 251 626; x_wconf 85' lang='lat' dir='ltr'>idcirco</span> <span class='ocrx_word' id='word_1_27' title='bbox 293 579 365 625; x_wconf 89' lang='lat' dir='ltr'>ait</span> <span class='ocrx_word' id='word_1_28' title='bbox 402 577 667 625; x_wconf 87' lang='lat' dir='ltr'>infandum</span> <span class='ocrx_word' id='word_1_29' title='bbox 706 579 880 640; x_wconf 84' lang='lat' dir='ltr'>regina</span> <span class='ocrx_word' id='word_1_30' title='bbox 919 579 1059 626; x_wconf 89' lang='lat' dir='ltr'>iubes</span> <span class='ocrx_word' id='word_1_31' title='bbox 1099 596 1335 627; x_wconf 85' lang='lat' dir='ltr'>renovare</span> <span class='ocrx_word' id='word_1_32' title='bbox 1378 581 1611 641; x_wconf 88' lang='lat' dir='ltr'>dolorem,</span> <span class='ocrx_word' id='word_1_33' title='bbox 1644 582 1762 630; x_wconf 86' lang='lat' dir='ltr'>Tro-</span> 
     </span>
     <span class='ocr_line' id='line_1_6' title="bbox 27 651 1762 716; baseline 0.002 -16"><span class='ocrx_word' id='word_1_34' title='bbox 27 672 48 705; x_wconf 77' lang='grc' dir='ltr'>ε.</span> <span class='ocrx_word' id='word_1_35' title='bbox 70 655 210 700; x_wconf 83' lang='grc'>131133</span> <span class='ocrx_word' id='word_1_36' title='bbox 265 655 321 699; x_wconf 88' lang='lat' dir='ltr'>ut</span> <span class='ocrx_word' id='word_1_37' title='bbox 377 667 493 713; x_wconf 89' lang='lat' dir='ltr'>opes</span> <span class='ocrx_word' id='word_1_38' title='bbox 549 654 599 698; x_wconf 90' lang='lat' dir='ltr'>et</span> <span class='ocrx_word' id='word_1_39' title='bbox 659 651 982 700; x_wconf 77' lang='lat' dir='ltr'>lamentabile</span> <span class='ocrx_word' id='word_1_40' title='bbox 1043 669 1249 716; x_wconf 85' lang='lat' dir='ltr'>regnum</span> <span class='ocrx_word' id='word_1_41' title='bbox 1313 657 1529 702; x_wconf 77' lang='lat' dir='ltr'>eruerint</span> <span class='ocrx_word' id='word_1_42' title='bbox 1583 656 1762 704; x_wconf 88' lang='lat' dir='ltr'>Danai.</span> 
     </span>
     <span class='ocr_line' id='line_1_7' title="bbox 71 725 1762 790; baseline 0.002 -16"><span class='ocrx_word' id='word_1_43' title='bbox 71 726 200 787; x_wconf 84' lang='lat' dir='ltr'>quod</span> <span class='ocrx_word' id='word_1_44' title='bbox 248 725 373 773; x_wconf 84' lang='lat' dir='ltr'>dixit</span> <span class='ocrx_word' id='word_1_45' title='bbox 413 725 600 785; x_wconf 90' lang='lat' dir='ltr'>Danai,</span> <span class='ocrx_word' id='word_1_46' title='bbox 648 725 835 772; x_wconf 88' lang='lat' dir='ltr'>abiecte</span> <span class='ocrx_word' id='word_1_47' title='bbox 884 727 1306 787; x_wconf 87' lang='lat' dir='ltr'>pronuntiandum</span> <span class='ocrx_word' id='word_1_48' title='bbox 1363 732 1435 776; x_wconf 88' lang='lat' dir='ltr'>est</span> <span class='ocrx_word' id='word_1_49' title='bbox 1487 731 1630 790; x_wconf 77' lang='lat' dir='ltr'>quasi</span> <span class='ocrx_word' id='word_1_50' title='bbox 1676 731 1762 777; x_wconf 92' lang='lat' dir='ltr'>ho-</span> 
     </span>
     <span class='ocr_line' id='line_1_8' title="bbox 68 799 1761 866; baseline 0.002 -19"><span class='ocrx_word' id='word_1_51' title='bbox 68 802 223 847; x_wconf 87' lang='lat' dir='ltr'>mines</span> <span class='ocrx_word' id='word_1_52' title='bbox 263 799 469 848; x_wconf 84' lang='lat' dir='ltr'>inbelles</span> <span class='ocrx_word' id='word_1_53' title='bbox 511 803 561 847; x_wconf 89' lang='lat' dir='ltr'>et</span> <span class='ocrx_word' id='word_1_54' title='bbox 598 799 786 846; x_wconf 91' lang='lat' dir='ltr'>nullius</span> <span class='ocrx_word' id='word_1_55' title='bbox 819 799 1034 861; x_wconf 86' lang='lat' dir='ltr'>virtutis,</span> <span class='ocrx_word' id='word_1_56' title='bbox 1069 801 1308 849; x_wconf 85' lang='lat' dir='ltr'>Troianas</span> <span class='ocrx_word' id='word_1_57' title='bbox 1349 806 1515 849; x_wconf 85' lang='lat' dir='ltr'>autem</span> <span class='ocrx_word' id='word_1_58' title='bbox 1556 819 1761 866; x_wconf 82' lang='lat' dir='ltr'>magnas</span> 
     </span>
     <span class='ocr_line' id='line_1_9' title="bbox 70 873 1758 939; baseline 0.001 -17"><span class='ocrx_word' id='word_1_59' title='bbox 70 879 117 922; x_wconf 91' lang='lat' dir='ltr'>et</span> <span class='ocrx_word' id='word_1_60' title='bbox 154 875 332 921; x_wconf 89' lang='lat' dir='ltr'>merito</span> <span class='ocrx_word' id='word_1_61' title='bbox 372 873 627 939; x_wconf 47' lang='lat' dir='ltr'>lugendas,</span> <span class='ocrx_word' id='word_1_62' title='bbox 688 889 914 935; x_wconf 91' lang='lat' dir='ltr'>quaeque</span> <span class='ocrx_word' id='word_1_63' title='bbox 954 876 1060 935; x_wconf 90' lang='lat' dir='ltr'>ipse</span> <span class='ocrx_word' id='word_1_64' title='bbox 1099 875 1377 922; x_wconf 85' lang='lat' dir='ltr'>miserrima</span> <span class='ocrx_word' id='word_1_65' title='bbox 1417 876 1518 923; x_wconf 84' lang='lat' dir='ltr'>vidi</span> <span class='ocrx_word' id='word_1_66' title='bbox 1559 881 1607 924; x_wconf 86' lang='lat' dir='ltr'>et</span> <span class='ocrx_word' id='word_1_67' title='bbox 1641 893 1758 938; x_wconf 91' lang='lat' dir='ltr'>quo—</span> 
     </span>
     <span class='ocr_line' id='line_1_10' title="bbox 69 947 1759 1025; baseline 0.002 -31"><span class='ocrx_word' id='word_1_68' title='bbox 69 965 178 994; x_wconf 84' lang='grc'>111111</span> <span class='ocrx_word' id='word_1_69' title='bbox 217 963 333 1010; x_wconf 82' lang='lat' dir='ltr'>pars</span> <span class='ocrx_word' id='word_1_70' title='bbox 372 963 556 1010; x_wconf 85' lang='lat' dir='ltr'>magna</span> <span class='ocrx_word' id='word_1_71' title='bbox 588 948 683 994; x_wconf 85' lang='lat' dir='ltr'>fui:</span> <span class='ocrx_word' id='word_1_72' title='bbox 723 947 1010 1008; x_wconf 71' lang='lat' dir='ltr'>perdiderat</span> <span class='ocrx_word' id='word_1_73' title='bbox 1042 950 1173 996; x_wconf 90' lang='lat' dir='ltr'>enim</span> <span class='ocrx_word' id='word_1_74' title='bbox 1204 966 1424 1025; x_wconf 85' lang='lat' dir='ltr'>regnum,</span> <span class='ocrx_word' id='word_1_75' title='bbox 1458 951 1584 998; x_wconf 88' lang='lat' dir='ltr'>vidit</span> <span class='ocrx_word' id='word_1_76' title='bbox 1617 953 1759 998; x_wconf 86' lang='lat' dir='ltr'>mise·</span> 
     </span>
     <span class='ocr_line' id='line_1_11' title="bbox 5 1005 1761 1083; baseline 0.001 -15"><span class='ocrx_word' id='word_1_77' title='bbox 5 1030 49 1075; x_wconf 76' lang='lat'>1⁰</span> <span class='ocrx_word' id='word_1_78' title='bbox 68 1021 225 1069; x_wconf 85' lang='lat' dir='ltr'>randa</span> <span class='ocrx_word' id='word_1_79' title='bbox 278 1023 330 1068; x_wconf 91' lang='lat' dir='ltr'>in</span> <span class='ocrx_word' id='word_1_80' title='bbox 387 1023 539 1069; x_wconf 86' lang='lat' dir='ltr'>exitio</span> <span class='ocrx_word' id='word_1_81' title='bbox 586 1020 765 1068; x_wconf 90' lang='lat' dir='ltr'>Politis</span> <span class='ocrx_word' id='word_1_82' title='bbox 823 1025 871 1068; x_wconf 90' lang='lat' dir='ltr'>et</span> <span class='ocrx_word' id='word_1_83' title='bbox 921 1021 1134 1083; x_wconf 79' lang='lat' dir='ltr'>Priami,</span> <span class='ocrx_word' id='word_1_84' title='bbox 1188 1005 1341 1070; x_wconf 88' lang='lat' dir='ltr'>vidit</span> <span class='ocrx_word' id='word_1_85' title='bbox 1370 1026 1596 1072; x_wconf 88' lang='lat' dir='ltr'>interisse</span> <span class='ocrx_word' id='word_1_86' title='bbox 1648 1040 1761 1072; x_wconf 88' lang='grc'>011111</span> 
     </span>
     <span class='ocr_line' id='line_1_12' title="bbox 68 1096 1761 1159; baseline 0.002 -16"><span class='ocrx_word' id='word_1_87' title='bbox 68 1097 234 1157; x_wconf 86' lang='lat' dir='ltr'>patria</span> <span class='ocrx_word' id='word_1_88' title='bbox 273 1097 434 1143; x_wconf 88' lang='lat' dir='ltr'>omnis</span> <span class='ocrx_word' id='word_1_89' title='bbox 474 1111 592 1157; x_wconf 90' lang='lat' dir='ltr'>opes</span> <span class='ocrx_word' id='word_1_90' title='bbox 631 1096 788 1159; x_wconf 85' lang='lat' dir='ltr'>regni,</span> <span class='ocrx_word' id='word_1_91' title='bbox 821 1110 1026 1142; x_wconf 88' lang='lat' dir='ltr'>uxorem</span> <span class='ocrx_word' id='word_1_92' title='bbox 1058 1112 1254 1157; x_wconf 88' lang='lat' dir='ltr'>quoque</span> <span class='ocrx_word' id='word_1_93' title='bbox 1286 1098 1455 1145; x_wconf 87' lang='lat' dir='ltr'>amisit</span> <span class='ocrx_word' id='word_1_94' title='bbox 1488 1101 1536 1145; x_wconf 88' lang='lat' dir='ltr'>et</span> <span class='ocrx_word' id='word_1_95' title='bbox 1568 1101 1761 1159; x_wconf 88' lang='lat' dir='ltr'>patrem</span> 
     </span>
     <span class='ocr_line' id='line_1_13' title="bbox 68 1169 1758 1231; baseline 0.002 -15"><span class='ocrx_word' id='word_1_96' title='bbox 68 1174 116 1217; x_wconf 88' lang='lat' dir='ltr'>et</span> <span class='ocrx_word' id='word_1_97' title='bbox 160 1172 274 1231; x_wconf 87' lang='lat' dir='ltr'>post</span> <span class='ocrx_word' id='word_1_98' title='bbox 321 1171 489 1217; x_wconf 91' lang='lat' dir='ltr'>omnia</span> <span class='ocrx_word' id='word_1_99' title='bbox 534 1169 732 1231; x_wconf 90' lang='lat' dir='ltr'>perdita</span> <span class='ocrx_word' id='word_1_100' title='bbox 778 1169 925 1217; x_wconf 88' lang='lat' dir='ltr'>malis</span> <span class='ocrx_word' id='word_1_101' title='bbox 966 1170 1125 1218; x_wconf 89' lang='lat' dir='ltr'>adhuc</span> <span class='ocrx_word' id='word_1_102' title='bbox 1163 1172 1434 1218; x_wconf 86' lang='lat' dir='ltr'>innumeris</span> <span class='ocrx_word' id='word_1_103' title='bbox 1474 1172 1758 1220; x_wconf 77' lang='lat' dir='ltr'>vexabatur.</span> 
     </span>
     <span class='ocr_line' id='line_1_14' title="bbox 67 1243 1761 1306; baseline 0.001 -15"><span class='ocrx_word' id='word_1_104' title='bbox 67 1246 195 1291; x_wconf 86' lang='lat' dir='ltr'>certe</span> <span class='ocrx_word' id='word_1_105' title='bbox 250 1258 339 1291; x_wconf 89' lang='grc'>1100</span> <span class='ocrx_word' id='word_1_106' title='bbox 391 1245 554 1306; x_wconf 88' lang='lat' dir='ltr'>ipsam</span> <span class='ocrx_word' id='word_1_107' title='bbox 600 1243 848 1290; x_wconf 87' lang='lat' dir='ltr'>Didonem</span> <span class='ocrx_word' id='word_1_108' title='bbox 901 1245 953 1290; x_wconf 90' lang='lat' dir='ltr'>in</span> <span class='ocrx_word' id='word_1_109' title='bbox 1007 1247 1152 1292; x_wconf 88' lang='lat' dir='ltr'>tanta</span> <span class='ocrx_word' id='word_1_110' title='bbox 1197 1244 1393 1292; x_wconf 88' lang='lat' dir='ltr'>laetitia</span> <span class='ocrx_word' id='word_1_111' title='bbox 1440 1246 1761 1293; x_wconf 81' lang='lat' dir='ltr'>conveniebat</span> 
     </span>
     <span class='ocr_line' id='line_1_15' title="bbox 10 1316 1760 1388; baseline 0.002 -24"><span class='ocrx_word' id='word_1_112' title='bbox 10 1329 26 1388; x_wconf 52' lang='grc' dir='ltr'><strong>ᾗ</strong></span> <span class='ocrx_word' id='word_1_113' title='bbox 67 1316 236 1364; x_wconf 82' lang='lat' dir='ltr'>audire</span> <span class='ocrx_word' id='word_1_114' title='bbox 276 1317 411 1379; x_wconf 92' lang='lat' dir='ltr'>quod</span> <span class='ocrx_word' id='word_1_115' title='bbox 447 1318 583 1365; x_wconf 88' lang='lat' dir='ltr'>mala</span> <span class='ocrx_word' id='word_1_116' title='bbox 623 1333 713 1365; x_wconf 88' lang='lat' dir='ltr'>sua</span> <span class='ocrx_word' id='word_1_117' title='bbox 750 1317 892 1364; x_wconf 88' lang='lat' dir='ltr'>fleret</span> <span class='ocrx_word' id='word_1_118' title='bbox 930 1334 1235 1366; x_wconf 89' lang='lat' dir='ltr'>enumerans.</span> <span class='ocrx_word' id='word_1_119' title='bbox 1315 1319 1495 1367; x_wconf 88' lang='lat' dir='ltr'>idcirco</span> <span class='ocrx_word' id='word_1_120' title='bbox 1536 1319 1760 1367; x_wconf 89' lang='lat' dir='ltr'>additum</span> 
     </span>
     <span class='ocr_line' id='line_1_16' title="bbox 0 1390 1760 1454; baseline 0.001 -15"><span class='ocrx_word' id='word_1_121' title='bbox 0 1390 43 1448; x_wconf 59' lang='grc' dir='ltr'>[ὁ</span> <span class='ocrx_word' id='word_1_122' title='bbox 66 1395 140 1439; x_wconf 87' lang='lat' dir='ltr'>est</span> <span class='ocrx_word' id='word_1_123' title='bbox 187 1393 297 1452; x_wconf 89' lang='lat' dir='ltr'>quis</span> <span class='ocrx_word' id='word_1_124' title='bbox 345 1392 473 1439; x_wconf 88' lang='lat' dir='ltr'>talia</span> <span class='ocrx_word' id='word_1_125' title='bbox 522 1392 674 1439; x_wconf 90' lang='lat' dir='ltr'>fando</span> <span class='ocrx_word' id='word_1_126' title='bbox 720 1391 1093 1452; x_wconf 83' lang='lat' dir='ltr'>Myrmidonum</span> <span class='ocrx_word' id='word_1_127' title='bbox 1140 1392 1452 1454; x_wconf 84' lang='lat' dir='ltr'>Dolopumve</span> <span class='ocrx_word' id='word_1_128' title='bbox 1508 1397 1595 1440; x_wconf 86' lang='lat' dir='ltr'>aut</span> <span class='ocrx_word' id='word_1_129' title='bbox 1648 1394 1760 1440; x_wconf 88' lang='lat' dir='ltr'>duri</span> 
     </span>
     <span class='ocr_line' id='line_1_17' title="bbox 27 1464 1758 1528; baseline 0.001 -16"><span class='ocrx_word' id='word_1_130' title='bbox 27 1494 30 1499; x_wconf 94' lang='lat'><em>-</em></span> <span class='ocrx_word' id='word_1_131' title='bbox 65 1466 206 1514; x_wconf 88' lang='lat' dir='ltr'>miles</span> <span class='ocrx_word' id='word_1_132' title='bbox 245 1465 385 1512; x_wconf 78' lang='lat' dir='ltr'>mixi</span> <span class='ocrx_word' id='word_1_133' title='bbox 421 1468 667 1527; x_wconf 88' lang='lat' dir='ltr'>temperet</span> <span class='ocrx_word' id='word_1_134' title='bbox 707 1482 737 1513; x_wconf 87' lang='lat' dir='ltr'>a</span> <span class='ocrx_word' id='word_1_135' title='bbox 774 1464 1030 1513; x_wconf 82' lang='lat' dir='ltr'>lacrimis?</span> <span class='ocrx_word' id='word_1_136' title='bbox 1106 1467 1245 1526; x_wconf 86' lang='lat' dir='ltr'>talia,</span> <span class='ocrx_word' id='word_1_137' title='bbox 1283 1467 1465 1528; x_wconf 86' lang='lat' dir='ltr'>inquit,</span> <span class='ocrx_word' id='word_1_138' title='bbox 1510 1467 1758 1515; x_wconf 87' lang='lat' dir='ltr'>desideras</span> 
     </span>
     <span class='ocr_line' id='line_1_18' title="bbox 23 1534 1759 1602; baseline 0.001 -16"><span class='ocrx_word' id='word_1_139' title='bbox 23 1534 26 1545; x_wconf 77' lang='grc'><em>’</em></span> <span class='ocrx_word' id='word_1_140' title='bbox 66 1539 235 1587; x_wconf 87' lang='lat' dir='ltr'>audire</span> <span class='ocrx_word' id='word_1_141' title='bbox 275 1539 338 1587; x_wconf 90' lang='lat' dir='ltr'>ab</span> <span class='ocrx_word' id='word_1_142' title='bbox 379 1556 435 1588; x_wconf 92' lang='lat' dir='ltr'>eo</span> <span class='ocrx_word' id='word_1_143' title='bbox 477 1541 564 1601; x_wconf 91' lang='lat' dir='ltr'>qui</span> <span class='ocrx_word' id='word_1_144' title='bbox 601 1555 780 1602; x_wconf 87' lang='lat' dir='ltr'>passus</span> <span class='ocrx_word' id='word_1_145' title='bbox 822 1542 911 1602; x_wconf 89' lang='lat' dir='ltr'>est,</span> <span class='ocrx_word' id='word_1_146' title='bbox 953 1556 1078 1601; x_wconf 87' lang='lat' dir='ltr'>quae</span> <span class='ocrx_word' id='word_1_147' title='bbox 1117 1542 1159 1587; x_wconf 91' lang='grc'>31</span> <span class='ocrx_word' id='word_1_148' title='bbox 1198 1541 1364 1589; x_wconf 88' lang='lat' dir='ltr'>hostes</span> <span class='ocrx_word' id='word_1_149' title='bbox 1403 1542 1502 1601; x_wconf 89' lang='lat' dir='ltr'>ipsi</span> <span class='ocrx_word' id='word_1_150' title='bbox 1540 1542 1759 1588; x_wconf 84' lang='lat' dir='ltr'>referant</span> 
     </span>
     <span class='ocr_line' id='line_1_19' title="bbox 65 1613 1758 1676; baseline 0.001 -15"><span class='ocrx_word' id='word_1_151' title='bbox 65 1613 143 1661; x_wconf 87' lang='lat' dir='ltr'>vel</span> <span class='ocrx_word' id='word_1_152' title='bbox 191 1614 419 1676; x_wconf 85' lang='lat' dir='ltr'>audiant,</span> <span class='ocrx_word' id='word_1_153' title='bbox 466 1630 566 1662; x_wconf 95' lang='lat' dir='ltr'>non</span> <span class='ocrx_word' id='word_1_154' title='bbox 603 1613 798 1675; x_wconf 78' lang='lat' dir='ltr'>possint</span> <span class='ocrx_word' id='word_1_155' title='bbox 838 1629 868 1662; x_wconf 89' lang='lat' dir='ltr'>a</span> <span class='ocrx_word' id='word_1_156' title='bbox 905 1613 1103 1662; x_wconf 89' lang='lat' dir='ltr'>fletibus</span> <span class='ocrx_word' id='word_1_157' title='bbox 1142 1618 1430 1676; x_wconf 86' lang='lat' dir='ltr'>temperare.</span> <span class='ocrx_word' id='word_1_158' title='bbox 1510 1615 1580 1661; x_wconf 91' lang='lat' dir='ltr'>ibi</span> <span class='ocrx_word' id='word_1_159' title='bbox 1626 1615 1758 1662; x_wconf 87' lang='lat' dir='ltr'>enim</span> 
     </span>
     <span class='ocr_line' id='line_1_20' title="bbox 31 1687 1757 1750; baseline 0.001 -16"><span class='ocrx_word' id='word_1_160' title='bbox 31 1711 33 1713; x_wconf 55' lang='lat'>&gt;</span> <span class='ocrx_word' id='word_1_161' title='bbox 64 1689 161 1735; x_wconf 83' lang='lat' dir='ltr'>fuit</span> <span class='ocrx_word' id='word_1_162' title='bbox 190 1704 317 1736; x_wconf 89' lang='lat' dir='ltr'>unus</span> <span class='ocrx_word' id='word_1_163' title='bbox 351 1704 411 1735; x_wconf 85' lang='lat' dir='ltr'>ex</span> <span class='ocrx_word' id='word_1_164' title='bbox 442 1687 642 1736; x_wconf 83' lang='lat' dir='ltr'>Graecis</span> <span class='ocrx_word' id='word_1_165' title='bbox 674 1688 1083 1749; x_wconf 79' lang='lat' dir='ltr'>Achaemenides,</span> <span class='ocrx_word' id='word_1_166' title='bbox 1117 1705 1261 1750; x_wconf 91' lang='lat' dir='ltr'>quem</span> <span class='ocrx_word' id='word_1_167' title='bbox 1293 1689 1525 1735; x_wconf 88' lang='lat' dir='ltr'>fleturum</span> <span class='ocrx_word' id='word_1_168' title='bbox 1557 1688 1757 1749; x_wconf 78' lang='lat' dir='ltr'>adserit,</span> 
     </span>
     <span class='ocr_line' id='line_1_21' title="bbox 12 1761 1759 1830; baseline 0 -21"><span class='ocrx_word' id='word_1_169' title='bbox 12 1763 53 1830; x_wconf 52' lang='grc' dir='ltr'>ᾖ,</span> <span class='ocrx_word' id='word_1_170' title='bbox 66 1763 107 1809; x_wconf 88' lang='grc'>31</span> <span class='ocrx_word' id='word_1_171' title='bbox 153 1761 332 1810; x_wconf 88' lang='lat' dir='ltr'>Troiae</span> <span class='ocrx_word' id='word_1_172' title='bbox 387 1777 530 1810; x_wconf 86' lang='lat' dir='ltr'>casus</span> <span class='ocrx_word' id='word_1_173' title='bbox 586 1764 847 1824; x_wconf 78' lang='lat' dir='ltr'>acciperet,</span> <span class='ocrx_word' id='word_1_174' title='bbox 926 1766 1121 1824; x_wconf 88' lang='lat' dir='ltr'>tempus</span> <span class='ocrx_word' id='word_1_175' title='bbox 1176 1778 1372 1824; x_wconf 87' lang='lat' dir='ltr'>quoque</span> <span class='ocrx_word' id='word_1_176' title='bbox 1422 1762 1554 1823; x_wconf 89' lang='lat' dir='ltr'>quod</span> <span class='ocrx_word' id='word_1_177' title='bbox 1601 1763 1759 1823; x_wconf 86' lang='lat' dir='ltr'>quieti</span> 
     </span>
     <span class='ocr_line' id='line_1_22' title="bbox 19 1836 1756 1898; baseline 0.001 -16"><span class='ocrx_word' id='word_1_178' title='bbox 19 1838 37 1898; x_wconf 64' lang='grc' dir='ltr'>ξ</span> <span class='ocrx_word' id='word_1_179' title='bbox 63 1836 333 1896; x_wconf 86' lang='grc'>11011111111111,</span> <span class='ocrx_word' id='word_1_180' title='bbox 371 1852 472 1884; x_wconf 92' lang='grc'>11011</span> <span class='ocrx_word' id='word_1_181' title='bbox 509 1836 696 1885; x_wconf 87' lang='lat' dir='ltr'>fabulis</span> <span class='ocrx_word' id='word_1_182' title='bbox 737 1836 1035 1884; x_wconf 87' lang='lat' dir='ltr'>attributum</span> <span class='ocrx_word' id='word_1_183' title='bbox 1067 1840 1142 1884; x_wconf 92' lang='lat' dir='ltr'>est</span> <span class='ocrx_word' id='word_1_184' title='bbox 1172 1852 1270 1884; x_wconf 92' lang='lat' dir='ltr'>non</span> <span class='ocrx_word' id='word_1_185' title='bbox 1303 1851 1408 1884; x_wconf 85' lang='lat' dir='ltr'>esse</span> <span class='ocrx_word' id='word_1_186' title='bbox 1441 1836 1756 1897; x_wconf 89' lang='lat' dir='ltr'>multiloquio</span> 
     </span>
     <span class='ocr_line' id='line_1_23' title="bbox 42 1910 1757 1972; baseline 0 -16"><span class='ocrx_word' id='word_1_187' title='bbox 42 1910 427 1958; x_wconf 71' lang='lat' dir='ltr'>conterendum.</span> <span class='ocrx_word' id='word_1_188' title='bbox 506 1911 637 1972; x_wconf 87' lang='lat' dir='ltr'>quod</span> <span class='ocrx_word' id='word_1_189' title='bbox 691 1911 764 1958; x_wconf 85' lang='lat' dir='ltr'>ait</span> <span class='ocrx_word' id='word_1_190' title='bbox 818 1914 868 1958; x_wconf 92' lang='lat' dir='ltr'>et</span> <span class='ocrx_word' id='word_1_191' title='bbox 920 1912 1024 1958; x_wconf 89' lang='lat' dir='ltr'>iam</span> <span class='ocrx_word' id='word_1_192' title='bbox 1077 1926 1174 1958; x_wconf 81' lang='lat' dir='ltr'>nox</span> <span class='ocrx_word' id='word_1_193' title='bbox 1219 1910 1390 1957; x_wconf 88' lang='lat' dir='ltr'>umida</span> <span class='ocrx_word' id='word_1_194' title='bbox 1436 1910 1570 1958; x_wconf 89' lang='grc'>03010</span> <span class='ocrx_word' id='word_1_195' title='bbox 1616 1925 1757 1971; x_wconf 89' lang='lat' dir='ltr'>prae-</span> 
     </span>
     <span class='ocr_line' id='line_1_24' title="bbox 63 1983 1756 2046; baseline -0.001 -14"><span class='ocrx_word' id='word_1_196' title='bbox 63 1985 240 2046; x_wconf 88' lang='lat' dir='ltr'>cipitat</span> <span class='ocrx_word' id='word_1_197' title='bbox 293 1984 598 2046; x_wconf 85' lang='lat' dir='ltr'>suadentque</span> <span class='ocrx_word' id='word_1_198' title='bbox 653 1985 883 2033; x_wconf 80' lang='lat' dir='ltr'>cadentia</span> <span class='ocrx_word' id='word_1_199' title='bbox 930 1984 1093 2032; x_wconf 88' lang='lat' dir='ltr'>sidera</span> <span class='ocrx_word' id='word_1_200' title='bbox 1139 1999 1356 2045; x_wconf 89' lang='lat' dir='ltr'>somnos,</span> <span class='ocrx_word' id='word_1_201' title='bbox 1413 1983 1640 2031; x_wconf 90' lang='lat' dir='ltr'>nonnulli</span> <span class='ocrx_word' id='word_1_202' title='bbox 1686 1984 1756 2031; x_wconf 91' lang='grc'>310</span> 
     </span>
     <span class='ocr_line' id='line_1_25' title="bbox 62 2057 1758 2121; baseline 0.001 -17"><span class='ocrx_word' id='word_1_203' title='bbox 62 2057 382 2121; x_wconf 87' lang='lat' dir='ltr'>intellegunt:</span> <span class='ocrx_word' id='word_1_204' title='bbox 421 2075 519 2107; x_wconf 86' lang='lat' dir='ltr'>nox</span> <span class='ocrx_word' id='word_1_205' title='bbox 556 2060 920 2120; x_wconf 85' lang='lat' dir='ltr'>praecipitatur</span> <span class='ocrx_word' id='word_1_206' title='bbox 958 2058 1095 2106; x_wconf 89' lang='lat' dir='ltr'>caelo</span> <span class='ocrx_word' id='word_1_207' title='bbox 1127 2061 1177 2106; x_wconf 89' lang='lat' dir='ltr'>et</span> <span class='ocrx_word' id='word_1_208' title='bbox 1206 2060 1508 2120; x_wconf 88' lang='lat' dir='ltr'>praecipitat</span> <span class='ocrx_word' id='word_1_209' title='bbox 1538 2058 1758 2119; x_wconf 85' lang='lat' dir='ltr'>positum</span> 
     </span>
     <span class='ocr_line' id='line_1_26' title="bbox 63 2131 1756 2196; baseline 0 -18"><span class='ocrx_word' id='word_1_210' title='bbox 63 2147 153 2194; x_wconf 88' lang='lat' dir='ltr'>pro</span> <span class='ocrx_word' id='word_1_211' title='bbox 198 2132 575 2194; x_wconf 85' lang='lat' dir='ltr'>praecipitatur.</span> <span class='ocrx_word' id='word_1_212' title='bbox 652 2133 738 2182; x_wconf 90' lang='lat' dir='ltr'>sed</span> <span class='ocrx_word' id='word_1_213' title='bbox 777 2149 883 2193; x_wconf 30' lang='lat' dir='ltr'>&#39;non</span> <span class='ocrx_word' id='word_1_214' title='bbox 931 2133 1005 2180; x_wconf 85' lang='lat' dir='ltr'>ita</span> <span class='ocrx_word' id='word_1_215' title='bbox 1051 2135 1127 2180; x_wconf 89' lang='lat' dir='ltr'>est</span> <span class='ocrx_word' id='word_1_216' title='bbox 1165 2135 1215 2179; x_wconf 90' lang='lat' dir='ltr'>et</span> <span class='ocrx_word' id='word_1_217' title='bbox 1254 2133 1414 2196; x_wconf 85' lang='lat' dir='ltr'>magis</span> <span class='ocrx_word' id='word_1_218' title='bbox 1455 2132 1526 2180; x_wconf 90' lang='grc'>310</span> <span class='ocrx_word' id='word_1_219' title='bbox 1562 2131 1756 2179; x_wconf 88' lang='lat' dir='ltr'>intelle-</span> 
     </span>
     <span class='ocr_line' id='line_1_27' title="bbox 63 2205 1756 2268; baseline 0 -15"><span class='ocrx_word' id='word_1_220' title='bbox 63 2209 211 2268; x_wconf 87' lang='lat' dir='ltr'>gatur</span> <span class='ocrx_word' id='word_1_221' title='bbox 249 2209 466 2267; x_wconf 85' lang='lat' dir='ltr'>oportet:</span> <span class='ocrx_word' id='word_1_222' title='bbox 506 2210 556 2254; x_wconf 90' lang='lat' dir='ltr'>et</span> <span class='ocrx_word' id='word_1_223' title='bbox 592 2208 696 2254; x_wconf 90' lang='lat' dir='ltr'>iam</span> <span class='ocrx_word' id='word_1_224' title='bbox 725 2223 824 2255; x_wconf 82' lang='lat' dir='ltr'>nox</span> <span class='ocrx_word' id='word_1_225' title='bbox 854 2206 1026 2254; x_wconf 83' lang='lat' dir='ltr'>umida</span> <span class='ocrx_word' id='word_1_226' title='bbox 1058 2206 1194 2253; x_wconf 89' lang='lat' dir='ltr'>caelo</span> <span class='ocrx_word' id='word_1_227' title='bbox 1226 2205 1530 2268; x_wconf 86' lang='lat' dir='ltr'>praecipitat</span> <span class='ocrx_word' id='word_1_228' title='bbox 1558 2220 1756 2253; x_wconf 87' lang='lat' dir='ltr'>somnos</span> 
     </span>
     <span class='ocr_line' id='line_1_28' title="bbox 64 2279 1757 2342; baseline 0 -16"><span class='ocrx_word' id='word_1_229' title='bbox 64 2279 370 2342; x_wconf 84' lang='lat' dir='ltr'>suadentque</span> <span class='ocrx_word' id='word_1_230' title='bbox 410 2280 642 2329; x_wconf 84' lang='lat' dir='ltr'>cadentia</span> <span class='ocrx_word' id='word_1_231' title='bbox 673 2281 838 2330; x_wconf 88' lang='lat' dir='ltr'>sidera</span> <span class='ocrx_word' id='word_1_232' title='bbox 869 2296 1082 2341; x_wconf 90' lang='lat' dir='ltr'>somnos,</span> <span class='ocrx_word' id='word_1_233' title='bbox 1113 2281 1172 2327; x_wconf 87' lang='lat' dir='ltr'>ut</span> <span class='ocrx_word' id='word_1_234' title='bbox 1200 2280 1295 2328; x_wconf 90' lang='lat' dir='ltr'>hoc</span> <span class='ocrx_word' id='word_1_235' title='bbox 1324 2279 1459 2326; x_wconf 89' lang='lat' dir='ltr'>idem</span> <span class='ocrx_word' id='word_1_236' title='bbox 1490 2279 1757 2328; x_wconf 86' lang='lat' dir='ltr'>suaderent</span> 
     </span>
    </p>
   </div>
   <div class='ocr_carea' id='block_1_3' title="bbox 0 1705 421 2999">
    <p class='ocr_par' dir='ltr' id='par_1_3' title="bbox 0 1705 421 2999">
     <span class='ocr_line' id='line_1_29' title="bbox 0 1705 19 1927; baseline 0 -63"><span class='ocrx_word' id='word_1_237' title='bbox 0 1705 19 1927; x_wconf 95' lang='lat' dir='ltr'>   </span> 
     </span>
     <span class='ocr_line' id='line_1_30' title="bbox 0 2077 50 2299; baseline 0 -76"><span class='ocrx_word' id='word_1_238' title='bbox 0 2077 50 2299; x_wconf 95' lang='lat' dir='ltr'>   </span> 
     </span>
     <span class='ocr_line' id='line_1_31' title="bbox 0 2299 58 2520; baseline 0 -147"><span class='ocrx_word' id='word_1_239' title='bbox 0 2299 58 2520; x_wconf 95' lang='lat' dir='ltr'>   </span> 
     </span>
     <span class='ocr_line' id='line_1_32' title="bbox 0 2520 58 2597; baseline 0 629"><span class='ocrx_word' id='word_1_240' title='bbox 0 2520 58 2597; x_wconf 95' lang='lat' dir='ltr'> </span> 
     </span>
     <span class='ocr_line' id='line_1_33' title="bbox 0 2597 128 2817; baseline 0 -70"><span class='ocrx_word' id='word_1_241' title='bbox 0 2597 128 2817; x_wconf 95' lang='lat' dir='ltr'>   </span> 
     </span>
     <span class='ocr_line' id='line_1_34' title="bbox 0 2817 421 2999; baseline 0 -106"><span class='ocrx_word' id='word_1_242' title='bbox 0 2817 421 2999; x_wconf 95' lang='lat' dir='ltr'>   </span> 
     </span>
    </p>
   </div>
   <div class='ocr_carea' id='block_1_4' title="bbox 20 2353 1755 2861">
    <p class='ocr_par' dir='ltr' id='par_1_4' title="bbox 20 2353 1755 2861">
     <span class='ocr_line' id='line_1_35' title="bbox 64 2353 1755 2416; baseline -0.001 -15"><span class='ocrx_word' id='word_1_243' title='bbox 64 2353 292 2402; x_wconf 84' lang='lat' dir='ltr'>cadentia</span> <span class='ocrx_word' id='word_1_244' title='bbox 331 2354 495 2403; x_wconf 87' lang='lat' dir='ltr'>sidera</span> <span class='ocrx_word' id='word_1_245' title='bbox 534 2355 666 2416; x_wconf 90' lang='lat' dir='ltr'>quod</span> <span class='ocrx_word' id='word_1_246' title='bbox 704 2371 801 2403; x_wconf 86' lang='lat' dir='ltr'>nox</span> <span class='ocrx_word' id='word_1_247' title='bbox 838 2354 1010 2402; x_wconf 88' lang='lat' dir='ltr'>umida</span> <span class='ocrx_word' id='word_1_248' title='bbox 1048 2354 1185 2402; x_wconf 88' lang='lat' dir='ltr'>caelo</span> <span class='ocrx_word' id='word_1_249' title='bbox 1225 2353 1601 2416; x_wconf 85' lang='lat' dir='ltr'>praecipitabat.</span> <span class='ocrx_word' id='word_1_250' title='bbox 1663 2353 1755 2400; x_wconf 87' lang='lat' dir='ltr'>hoc</span> 
     </span>
     <span class='ocr_line' id='line_1_36' title="bbox 63 2427 1755 2489; baseline -0.001 -14"><span class='ocrx_word' id='word_1_251' title='bbox 63 2427 223 2476; x_wconf 81' lang='lat' dir='ltr'>voluit</span> <span class='ocrx_word' id='word_1_252' title='bbox 260 2427 444 2476; x_wconf 85' lang='lat' dir='ltr'>dicere:</span> <span class='ocrx_word' id='word_1_253' title='bbox 482 2429 584 2478; x_wconf 85' lang='lat' dir='ltr'>iam</span> <span class='ocrx_word' id='word_1_254' title='bbox 621 2428 788 2477; x_wconf 86' lang='lat' dir='ltr'>media</span> <span class='ocrx_word' id='word_1_255' title='bbox 825 2445 922 2477; x_wconf 82' lang='lat' dir='ltr'>nox</span> <span class='ocrx_word' id='word_1_256' title='bbox 962 2427 1227 2489; x_wconf 85' lang='lat' dir='ltr'>absumpta</span> <span class='ocrx_word' id='word_1_257' title='bbox 1267 2431 1355 2488; x_wconf 89' lang='lat' dir='ltr'>est,</span> <span class='ocrx_word' id='word_1_258' title='bbox 1387 2429 1431 2475; x_wconf 92' lang='lat' dir='ltr'>si</span> <span class='ocrx_word' id='word_1_259' title='bbox 1469 2427 1665 2489; x_wconf 88' lang='lat' dir='ltr'>quidem</span> <span class='ocrx_word' id='word_1_260' title='bbox 1705 2429 1755 2473; x_wconf 88' lang='lat' dir='ltr'>et</span> 
     </span>
     <span class='ocr_line' id='line_1_37' title="bbox 20 2500 1751 2565; baseline -0.001 -17"><span class='ocrx_word' id='word_1_261' title='bbox 20 2516 184 2548; x_wconf 57' lang='grc'>»31113</span> <span class='ocrx_word' id='word_1_262' title='bbox 236 2501 408 2550; x_wconf 85' lang='lat' dir='ltr'>umida</span> <span class='ocrx_word' id='word_1_263' title='bbox 456 2502 559 2551; x_wconf 88' lang='lat' dir='ltr'>iam</span> <span class='ocrx_word' id='word_1_264' title='bbox 613 2504 778 2565; x_wconf 88' lang='lat' dir='ltr'>coepit</span> <span class='ocrx_word' id='word_1_265' title='bbox 824 2506 874 2551; x_wconf 88' lang='lat' dir='ltr'>et</span> <span class='ocrx_word' id='word_1_266' title='bbox 919 2502 1084 2551; x_wconf 87' lang='lat' dir='ltr'>sidera</span> <span class='ocrx_word' id='word_1_267' title='bbox 1128 2501 1181 2548; x_wconf 92' lang='lat' dir='ltr'>in</span> <span class='ocrx_word' id='word_1_268' title='bbox 1228 2517 1459 2550; x_wconf 85' lang='lat' dir='ltr'>occasum</span> <span class='ocrx_word' id='word_1_269' title='bbox 1504 2500 1751 2548; x_wconf 82' lang='lat' dir='ltr'>labuntur.</span> 
     </span>
     <span class='ocr_line' id='line_1_38' title="bbox 62 2573 1751 2637; baseline -0.001 -15"><span class='ocrx_word' id='word_1_270' title='bbox 62 2573 181 2623; x_wconf 83' lang='lat' dir='ltr'>haec</span> <span class='ocrx_word' id='word_1_271' title='bbox 228 2576 360 2623; x_wconf 90' lang='grc'>0111111</span> <span class='ocrx_word' id='word_1_272' title='bbox 406 2592 506 2625; x_wconf 89' lang='grc'>11011</span> <span class='ocrx_word' id='word_1_273' title='bbox 550 2576 678 2626; x_wconf 86' lang='lat' dir='ltr'>fiunt</span> <span class='ocrx_word' id='word_1_274' title='bbox 715 2578 814 2626; x_wconf 89' lang='lat' dir='ltr'>nisi</span> <span class='ocrx_word' id='word_1_275' title='bbox 851 2578 1071 2624; x_wconf 78' lang='lat' dir='ltr'>maxima</span> <span class='ocrx_word' id='word_1_276' title='bbox 1107 2577 1267 2624; x_wconf 88' lang='lat' dir='ltr'>noctis</span> <span class='ocrx_word' id='word_1_277' title='bbox 1306 2578 1449 2637; x_wconf 85' lang='lat' dir='ltr'>parte</span> <span class='ocrx_word' id='word_1_278' title='bbox 1485 2577 1751 2622; x_wconf 85' lang='lat' dir='ltr'>transacta.</span> 
     </span>
     <span class='ocr_line' id='line_1_39' title="bbox 89 2648 1754 2714; baseline -0.002 -18"><span class='ocrx_word' id='word_1_279' title='bbox 89 2649 149 2696; x_wconf 89' lang='lat' dir='ltr'>ed</span> <span class='ocrx_word' id='word_1_280' title='bbox 193 2651 236 2698; x_wconf 84' lang='lat' dir='ltr'>si</span> <span class='ocrx_word' id='word_1_281' title='bbox 280 2651 453 2698; x_wconf 86' lang='lat' dir='ltr'>tantus</span> <span class='ocrx_word' id='word_1_282' title='bbox 499 2667 641 2699; x_wconf 89' lang='lat' dir='ltr'>amor</span> <span class='ocrx_word' id='word_1_283' title='bbox 686 2666 829 2699; x_wconf 86' lang='lat' dir='ltr'>casus</span> <span class='ocrx_word' id='word_1_284' title='bbox 877 2665 1171 2714; x_wconf 87' lang='lat' dir='ltr'>cognoscere</span> <span class='ocrx_word' id='word_1_285' title='bbox 1215 2653 1412 2698; x_wconf 88' lang='lat' dir='ltr'>nostros</span> <span class='ocrx_word' id='word_1_286' title='bbox 1450 2651 1502 2696; x_wconf 88' lang='lat' dir='ltr'>et</span> <span class='ocrx_word' id='word_1_287' title='bbox 1538 2648 1754 2695; x_wconf 85' lang='lat' dir='ltr'>breviter</span> 
     </span>
     <span class='ocr_line' id='line_1_40' title="bbox 63 2722 1751 2786; baseline -0.003 -14"><span class='ocrx_word' id='word_1_288' title='bbox 63 2747 65 2752; x_wconf 96' lang='lat'>·</span> <span class='ocrx_word' id='word_1_289' title='bbox 131 2724 240 2772; x_wconf 86' lang='grc'>0130</span> <span class='ocrx_word' id='word_1_290' title='bbox 278 2739 562 2786; x_wconf 90' lang='lat' dir='ltr'>supremum</span> <span class='ocrx_word' id='word_1_291' title='bbox 600 2724 772 2773; x_wconf 85' lang='lat' dir='ltr'>audire</span> <span class='ocrx_word' id='word_1_292' title='bbox 809 2724 1049 2785; x_wconf 86' lang='lat' dir='ltr'>laborem,</span> <span class='ocrx_word' id='word_1_293' title='bbox 1078 2739 1383 2786; x_wconf 89' lang='lat' dir='ltr'>quamquam</span> <span class='ocrx_word' id='word_1_294' title='bbox 1421 2722 1613 2770; x_wconf 85' lang='lat' dir='ltr'>animus</span> <span class='ocrx_word' id='word_1_295' title='bbox 1651 2736 1751 2768; x_wconf 89' lang='lat' dir='ltr'>me-</span> 
     </span>
     <span class='ocr_line' id='line_1_41' title="bbox 118 2795 1751 2861; baseline -0.002 -17"><span class='ocrx_word' id='word_1_296' title='bbox 118 2797 128 2806; x_wconf 89' lang='lat'>&#39;</span> <span class='ocrx_word' id='word_1_297' title='bbox 166 2797 263 2846; x_wconf 86' lang='lat' dir='ltr'>isse</span> <span class='ocrx_word' id='word_1_298' title='bbox 300 2798 471 2846; x_wconf 89' lang='lat' dir='ltr'>horret</span> <span class='ocrx_word' id='word_1_299' title='bbox 508 2799 744 2861; x_wconf 82' lang='lat' dir='ltr'>luctuque</span> <span class='ocrx_word' id='word_1_300' title='bbox 782 2798 993 2861; x_wconf 86' lang='lat' dir='ltr'>refugit,</span> <span class='ocrx_word' id='word_1_301' title='bbox 1030 2797 1290 2859; x_wconf 88' lang='lat' dir='ltr'>incipiam:</span> <span class='ocrx_word' id='word_1_302' title='bbox 1347 2798 1411 2856; x_wconf 90' lang='lat' dir='ltr'>si,</span> <span class='ocrx_word' id='word_1_303' title='bbox 1450 2795 1635 2857; x_wconf 89' lang='lat' dir='ltr'>inquit,</span> <span class='ocrx_word' id='word_1_304' title='bbox 1673 2809 1751 2841; x_wconf 91' lang='lat' dir='ltr'>res</span> 
     </span>
    </p>
   </div>
   <div class='ocr_carea' id='block_1_5' title="bbox 68 2959 1689 3089">
    <p class='ocr_par' dir='ltr' id='par_1_5' title="bbox 68 2959 1689 3089">
     <span class='ocr_line' id='line_1_42' title="bbox 183 2959 1689 3026; baseline -0.001 -16"><span class='ocrx_word' id='word_1_305' title='bbox 183 2972 206 3010; x_wconf 89' lang='lat'>1</span> <span class='ocrx_word' id='word_1_306' title='bbox 231 2968 534 3026; x_wconf 72' lang='lat' dir='ltr'>imonyruum</span> <span class='ocrx_word' id='word_1_307' title='bbox 548 2968 638 3012; x_wconf 79' lang='lat' dir='ltr'>LR</span> <span class='ocrx_word' id='word_1_308' title='bbox 659 2970 689 3013; x_wconf 87' lang='lat' dir='ltr'>i.</span> <span class='ocrx_word' id='word_1_309' title='bbox 707 2969 936 3013; x_wconf 73' lang='lat' dir='ltr'>videretur</span> <span class='ocrx_word' id='word_1_310' title='bbox 959 2959 1031 3012; x_wconf 83' lang='lat' dir='ltr'>ed.</span> <span class='ocrx_word' id='word_1_311' title='bbox 1116 2971 1144 3010; x_wconf 80' lang='lat'>4</span> <span class='ocrx_word' id='word_1_312' title='bbox 1163 2968 1361 3012; x_wconf 77' lang='lat' dir='ltr'>dolorem</span> <span class='ocrx_word' id='word_1_313' title='bbox 1377 2964 1519 3010; x_wconf 83' lang='lat' dir='ltr'>om.R</span> <span class='ocrx_word' id='word_1_314' title='bbox 1534 2964 1640 3007; x_wconf 74' lang='lat' dir='ltr'>add.</span> <span class='ocrx_word' id='word_1_315' title='bbox 1654 2978 1689 3008; x_wconf 86' lang='lat' dir='ltr'>r.</span> 
     </span>
     <span class='ocr_line' id='line_1_43' title="bbox 68 3023 1511 3089; baseline -0.005 -15"><span class='ocrx_word' id='word_1_316' title='bbox 68 3087 72 3089; x_wconf 62' lang='lat'>‚</span> <span class='ocrx_word' id='word_1_317' title='bbox 121 3030 186 3069; x_wconf 77' lang='lat' dir='ltr'>est</span> <span class='ocrx_word' id='word_1_318' title='bbox 214 3028 348 3082; x_wconf 77' lang='lat' dir='ltr'>quasi</span> <span class='ocrx_word' id='word_1_319' title='bbox 378 3027 464 3071; x_wconf 87' lang='lat' dir='ltr'>LR</span> <span class='ocrx_word' id='word_1_320' title='bbox 494 3034 537 3072; x_wconf 81' lang='lat' dir='ltr'>et</span> <span class='ocrx_word' id='word_1_321' title='bbox 566 3042 638 3084; x_wconf 76' lang='lat' dir='ltr'>qu.</span> <span class='ocrx_word' id='word_1_322' title='bbox 664 3027 737 3073; x_wconf 84' lang='lat' dir='ltr'>ed.</span> <span class='ocrx_word' id='word_1_323' title='bbox 847 3032 902 3070; x_wconf 82' lang='lat'>12</span> <span class='ocrx_word' id='word_1_324' title='bbox 934 3026 1069 3072; x_wconf 78' lang='lat' dir='ltr'>multi</span> <span class='ocrx_word' id='word_1_325' title='bbox 1098 3026 1141 3069; x_wconf 83' lang='lat' dir='ltr'><strong>R</strong></span> <span class='ocrx_word' id='word_1_326' title='bbox 1170 3027 1306 3071; x_wconf 79' lang='lat' dir='ltr'>malis</span> <span class='ocrx_word' id='word_1_327' title='bbox 1333 3040 1359 3069; x_wconf 84' lang='grc'>1</span> <span class='ocrx_word' id='word_1_328' title='bbox 1380 3047 1438 3062; x_wconf 94' lang='lat'>=</span> <span class='ocrx_word' id='word_1_329' title='bbox 1462 3023 1511 3067; x_wconf 90' lang='lat' dir='ltr'>L.</span> 
     </span>
    </p>
   </div>
   <div class='ocr_carea' id='block_1_6' title="bbox 1309 3098 1395 3141">
    <p class='ocr_par' dir='ltr' id='par_1_6' title="bbox 1309 3098 1395 3141">
     <span class='ocr_line' id='line_1_44' title="bbox 1309 3098 1395 3141; baseline 0 0"><span class='ocrx_word' id='word_1_330' title='bbox 1309 3098 1395 3141; x_wconf 72' lang='lat'>10*</span> 
     </span>
    </p>
   </div>
  </div>
 </body>
</html>
