2014 3226
706 788 1224 843 PRAEFATIO.

266 1015 451 1064 Tiberii
508 1015 706 1064 Claudii
759 1017 947 1065 Donati
1004 1018 1441 1078 interpretationes
1496 1017 1815 1080 Vergilianas

116 1091 328 1138 edendas
368 1092 575 1153 suscepi,
615 1106 714 1138 non
755 1091 884 1152 quod
924 1093 977 1138 in
1017 1091 1208 1139 deliciis
1247 1090 1482 1139 haberem
1521 1093 1814 1154 scriptorem

114 1165 270 1213 taedii
308 1165 665 1227 plenissimum,
705 1165 791 1213 sed
830 1167 949 1227 quia
990 1164 1052 1212 ad
1092 1165 1437 1227 complendum
1484 1169 1534 1213 et
1580 1167 1812 1228 antiquo-

113 1256 224 1286 rum
255 1238 466 1303 Vergilii
504 1241 835 1302 interpretum
871 1255 1135 1286 numerum
1169 1242 1218 1286 et
1247 1239 1476 1287 lectionis
1507 1241 1560 1287 in
1591 1239 1813 1288 Aeneide

115 1315 412 1375 apparatum
443 1315 557 1374 post
589 1313 990 1361 doctissimorum
1022 1313 1241 1361 virorum
1266 1313 1491 1361 Thilonis
1521 1316 1571 1361 et
1594 1314 1814 1378 Hagenii

114 1403 255 1436 curas
287 1387 379 1435 hoc
411 1388 570 1435 solum
603 1387 768 1436 deesse
799 1387 1075 1436 videbatur.
1136 1403 1199 1434 an
1232 1404 1347 1435 vero
1380 1387 1624 1449 Donatus,
1658 1404 1810 1449 quon-

112 1462 213 1510 iam
260 1461 522 1510 verborum
568 1462 728 1525 magis
777 1478 927 1524 quam
964 1477 1128 1509 rerum
1167 1463 1413 1523 interpres
1452 1461 1571 1523 fuit,
1618 1477 1813 1524 semper

111 1537 163 1583 in
204 1535 420 1584 editione
458 1537 642 1584 vitiosa
682 1538 731 1584 et
768 1536 979 1583 inhabili
1018 1534 1307 1584 delitescet?
1385 1538 1433 1583 et
1471 1537 1614 1583 varia
1659 1537 1809 1584 lectio

113 1610 404 1673 Vergiliana
451 1626 476 1658 e
526 1609 698 1658 Servio
745 1612 795 1658 et
841 1611 1016 1658 ceteris
1064 1611 1404 1673 grammaticis
1451 1624 1647 1658 summa
1697 1610 1809 1657 dili·

113 1683 282 1747 gentia
334 1684 639 1747 investigata
693 1687 890 1745 praesto
946 1685 1063 1743 erit,
1117 1683 1366 1743 Donatus,
1422 1685 1509 1746 qui
1559 1684 1808 1733 Aeneidos

111 1773 280 1806 versus
326 1759 524 1805 tantum
570 1774 670 1805 non
716 1773 883 1806 omnes
930 1759 983 1805 in
1031 1759 1411 1806 commentarios
1454 1773 1567 1807 suos
1605 1760 1809 1820 recepit,

112 1833 282 1893 quales
331 1847 412 1880 eos
459 1832 640 1895 legerit
680 1847 952 1893 numquam
990 1833 1042 1878 in
1081 1832 1241 1879 lucem
1281 1829 1592 1893 proferetur?
1663 1832 1806 1894 equi-

111 1905 244 1967 dem,
293 1921 402 1953 cum
450 1921 618 1954 omnes
666 1907 930 1967 scriptores
981 1909 1170 1954 veteres
1219 1906 1305 1968 qui
1351 1908 1652 1954 vetustatem
1698 1922 1808 1968 per-

110 1980 355 2041 tulerunt,
403 1982 453 2027 et
500 1981 715 2042 optimos
763 1982 812 2028 et
858 1980 1149 2041 deteriores,
1196 1979 1360 2044 dignis
1400 1982 1569 2028 nostro
1611 1981 1808 2029 saeculo

110 2053 408 2102 editionibus
454 2055 716 2118 invulgare
761 2055 1147 2115 instituerimus,
1204 2070 1301 2119 quo
1350 2054 1404 2102 id
1452 2055 1560 2102 iure
1607 2054 1808 2103 Donato

111 2127 383 2192 abnegetur
420 2143 519 2176 non
557 2128 807 2192 intellego.
885 2129 1028 2176 nulla
1067 2130 1163 2176 erit
1200 2144 1290 2177 nec
1329 2127 1388 2176 de
1427 2127 1584 2190 ipsius
1627 2130 1807 2177 merito

108 2205 239 2250 recte
286 2201 541 2250 iudicandi
587 2204 731 2264 copia
777 2217 867 2250 nec
913 2204 1001 2265 qui
1047 2218 1104 2250 ex
1159 2216 1216 2251 eo
1272 2202 1334 2251 ad
1383 2205 1611 2250 nostrum
1661 2218 1807 2251 usum

110 2276 301 2324 fructus
341 2276 530 2338 percipi
568 2277 730 2338 possit
768 2275 1081 2337 aestimandi,
1112 2277 1211 2325 nisi
1252 2276 1374 2338 quid
1404 2292 1519 2324 vere
1551 2277 1808 2338 scripserit

109 2351 363 2414 cognitum
409 2349 739 2399 habuerimus.
816 2366 934 2398 nam
979 2350 1208 2398 inutilem
1255 2349 1400 2398 hodie
1447 2353 1497 2398 et
1539 2351 1806 2415 neglegen-

108 2423 226 2471 dum
271 2423 526 2472 Donatum
580 2438 684 2472 esse
738 2440 910 2472 vereor
962 2441 1023 2472 ne
1072 2423 1254 2473 idcirco
1302 2423 1551 2472 affirmare
1599 2424 1806 2486 soleant,

109 2497 240 2559 quod
271 2497 525 2546 doctrinae
556 2498 757 2560 plenam
787 2498 1251 2560 interpretationem
1283 2492 1580 2558 desiderant,
1605 2498 1803 2560 qualem

107 2587 421 2633 nequaquam
461 2587 572 2619 eum
612 2575 836 2620 secutum
875 2587 978 2620 esse
1016 2574 1117 2620 iam
1156 2588 1255 2620 van
1293 2571 1380 2620 der
1418 2572 1623 2620 Hoeven
1635 2565 1676 2638 1)
1722 2572 1802 2620 de-

106 2647 416 2703 monstravit.
494 2649 710 2694 ceterum
764 2662 825 2694 ne
880 2646 1107 2695 doctrina
1161 2646 1362 2708 quidem
1411 2645 1597 2694 Donati
1651 2646 1803 2694 inter-

6 2726 9 2727 ’
107 2718 409 2780 pretationes
456 2721 656 2767 omnino
703 2722 874 2768 carent
917 2719 1069 2783 idque
1115 2722 1222 2782 ipse
1261 2721 1450 2767 truncis
1490 2719 1653 2767 verbis
1694 2719 1802 2782 qui-

106 2791 197 2841 bus
244 2793 467 2858 epilogus
512 2809 643 2842 nunc
687 2794 985 2842 terminatur
1032 2809 1273 2856 exponere
1320 2795 1536 2856 coepisse
1590 2793 1799 2842 videtur.

230 2951 271 3004 1)
296 2961 386 2992 van
403 2949 486 2993 der
500 2948 691 2994 Hoeven
715 2948 919 3006 epistola
942 2948 1005 2992 ad
1022 2947 1346 3006 Suringarium
1362 2947 1650 2993 Leovardiae
1669 2951 1799 2992 1846.

1383 3022 1440 3065 a*
