2014 3226
785 140 1087 184 AENEIDOS
1120 141 1161 183 ΙΙ
1718 142 1820 192 153

133 284 308 329 fuisset
354 283 473 328 satis
521 283 814 328 instructus:
874 282 943 327 sic
987 284 1130 327 notus
1185 281 1387 328 Ulixes?
1465 282 1607 342 quasi
1654 297 1822 328 omnes

132 357 259 403 tales
307 359 490 414 essent,
538 370 661 416 quos
710 356 906 401 etiamsi
954 357 1202 401 constaret
1249 370 1352 401 esse
1394 354 1670 413 dissimilis,
1717 354 1822 401 fieri

132 428 353 491 potuisse
399 431 456 475 ut
501 428 788 491 magisterio
837 430 940 475 eius
981 430 1195 489 pessima
1235 444 1430 490 semper
1469 432 1518 475 et
1557 427 1705 475 noxia
1744 443 1822 475 co-

133 493 362 566 gitarent.
455 502 686 549 Danaum
748 502 817 550 sic
879 502 1306 563 pronuntiandum
1369 506 1443 549 est
1504 505 1653 563 atque
1716 517 1824 548 sen-

90 594 109 624 s
132 575 379 635 tiendum,
435 576 576 638 quasi
624 591 791 624 omnes
838 579 1001 623 essent
1047 575 1234 623 versuti
1282 580 1331 623 et
1376 576 1614 624 insidiosi.
1694 574 1825 637 quod

133 651 296 712 ipsum
337 650 636 713 generaliter
666 650 885 711 positum
918 649 1228 710 specialitate
1263 651 1487 711 sequenti
1519 649 1679 697 voluit
1711 665 1824 697 con—

132 723 355 785 probare.
434 723 582 770 aliter
636 725 765 771 enim
819 723 1115 784 persuadere
1166 739 1264 771 non
1311 726 1510 784 poterat
1555 723 1714 784 raptis
1762 723 1826 770 ad

133 797 327 845 diversa
359 797 580 859 consilia,
606 798 699 845 nisi
734 797 1120 845 evidentioribus
1155 798 1458 861 argumentis
1490 797 1826 860 persuasionis

134 887 252 919 suae
283 871 623 932 intentionem,
649 872 779 919 uotis
813 875 860 918 et
891 871 1101 934 cognitis
1128 870 1506 932 adsertionibus,
1530 871 1824 919 roborasset.

68 950 110 995 ιο
134 947 202 993 sic
256 948 401 992 notus
450 944 653 992 Ulixes‘?
732 945 950 992 oratoria
1004 946 1191 993 virtute
1245 961 1362 993 usus
1419 949 1514 1006 est,
1569 948 1624 992 ut
1678 945 1824 992 unius

132 1018 292 1066 Ulixis
354 1019 764 1082 tergiversatione
826 1020 1086 1067 notissima
1148 1022 1309 1066 totam
1371 1022 1569 1081 gentem
1631 1019 1827 1066 macula

132 1092 556 1156 tergiversationis
612 1093 943 1156 adspergeret.
1022 1093 1200 1155 incipit
1246 1094 1348 1140 iam
1394 1092 1648 1155 publicare
1704 1091 1826 1154 quid

134 1168 336 1226 sentiat,
384 1171 543 1215 tracto
592 1168 780 1215 scilicet
827 1170 1120 1231 argumento
1169 1184 1199 1215 a
1243 1182 1456 1228 persona
1502 1170 1552 1214 et
1590 1170 1826 1228 tempore,

134 1243 368 1302 quoniam
408 1245 590 1289 natura
630 1241 836 1289 callidos
876 1242 1070 1289 dixerat
1110 1244 1159 1288 et
1197 1240 1317 1288 belli
1347 1242 1426 1288 vel
1458 1242 1669 1288 maxime
1702 1244 1825 1288 tem-

69 1332 109 1364 15
133 1331 251 1376 pore
291 1316 448 1363 factos
489 1331 592 1363 esse
633 1315 836 1377 peiores.
901 1319 988 1362 aut
1023 1316 1109 1362 hoe
1146 1315 1321 1362 incl-usi
1360 1317 1489 1374 liano
1529 1316 1827 1362 occultantur

132 1387 307 1436 Achivi
360 1393 447 1436 ant
490 1390 607 1436 haee
651 1392 701 1437 in
753 1394 938 1437 nostros
983 1390 1227 1450 fabricata
1278 1393 1346 1437 est
1390 1390 1615 1436 maele-ina
1661 1403 1827 1436 muros

136 1465 409 1522 Inspectum
457 1465 622 1511 domos
669 1467 965 1522 contulitque
1012 1465 1217 1523 desuper
1265 1463 1374 1511 urbe&
1414 1467 1501 1510 aut-
1538 1490 1610 1495 ——
1650 1464 1828 1522 aliqui-s

134 1538 247 1583 latet
301 1552 436 1583 error
490 1551 632 1597 equo:
693 1535 783 1598 [we
838 1538 1032 1592 credite,
1084 1538 1279 1593 Teucri,
1336 1538 1562 1596 quiequid
1611 1537 1663 1584 id
1709 1535 1828 1598 ests·

136 1610 260 1658 dixit
300 1610 554 1660 evidenter
595 1611 714 1673 quid
753 1611 913 1674 primo
954 1615 1003 1659 et
1043 1611 1255 1659 secundo
1286 1612 1395 1659 loco
1427 1612 1648 1671 sentiret,
1678 1610 1827 1659 tertio

69 1685 110 1732 so
135 1700 250 1732 vero
299 1685 426 1732 dixit
472 1689 560 1733 aut
607 1690 678 1745 et,
735 1702 845 1733 cum
891 1701 991 1734 non
1038 1688 1323 1748 suppeteret
1369 1701 1576 1753 sequens
1624 1685 1828 1744 dictum,

135 1760 360 1822 confugit
407 1759 470 1806 ad
517 1761 798 1823 generalem
853 1761 1183 1821 suspicionem
1238 1762 1287 1806 et
1341 1761 1413 1806 ait
1468 1758 1649 1821 aliquis
1702 1760 1829 1807 latet

136 1848 270 1880 error
309 1850 448 1895 equo.
528 1834 661 1896 quod
701 1850 811 1882 cum
849 1835 924 1882 ita
963 1835 1043 1894 sit,
1083 1833 1412 1895 separandum
1453 1835 1528 1881 est
1559 1836 1647 1880 aut
1679 1836 1728 1880 et
1759 1833 1828 1880 sic

135 1906 394 1954 dicendum
442 1907 625 1970 aliquis
672 1908 798 1956 latet
845 1924 980 1956 error
1027 1924 1174 1969 equo,
1222 1910 1281 1955 ut
1326 1907 1385 1954 de
1435 1923 1490 1955 eo
1547 1907 1679 1969 quod
1732 1907 1829 1954 fuit

133 1980 349 2028 incertus
388 1981 631 2031 iudicasse
679 1982 922 2041 videatur,
963 1998 1060 2043 quo
1101 1996 1278 2046 genere
1317 1980 1549 2040 firmavit,
1590 1980 1828 2043 quicquid

71 2070 113 2102 25
136 2054 263 2102 illud
293 2055 485 2119 fuisset,
511 2071 616 2104 esse
649 2057 825 2104 debere
857 2058 1156 2119 suspectum,
1190 2057 1311 2117 quia
1343 2055 1586 2119 originem
1617 2055 1830 2104 ducebat

137 2127 198 2175 ab
237 2128 475 2177 hostibus.
547 2131 686 2178 timeo
724 2131 934 2178 Danaos
974 2135 1017 2178 et
1055 2130 1186 2178 dona
1223 2130 1444 2189 ferentis:
1482 2128 1715 2192 hostium,
1754 2131 1828 2176 in-

137 2203 268 2263 quit,
312 2203 392 2251 vel
439 2205 651 2252 maxime
701 2203 1001 2253 Graecorum
1048 2205 1199 2252 etiam
1246 2203 1376 2251 dona
1429 2202 1651 2251 timenda
1699 2206 1827 2251 sunt.

68 2335 71 2338 Ι
137 2275 324 2338 duplici
378 2293 435 2324 ex
491 2293 640 2327 causa
694 2279 915 2326 adseruit
965 2293 1069 2326 esse
1116 2277 1458 2326 metuendum:
1521 2277 1655 2339 quod
1701 2280 1829 2326 esset

136 2349 291 2398 hostis
344 2351 611 2400 insidiosus
667 2356 717 2400 et
764 2351 972 2400 callidus
1020 2355 1070 2400 et
1117 2352 1248 2413 quod
1295 2368 1352 2399 eo
1397 2353 1621 2412 tempore
1669 2351 1829 2417 magis

71 2425 115 2471 ao
139 2424 381 2472 cavendus
421 2429 550 2474 esset
587 2442 686 2488 quo
727 2426 996 2474 simulabat
1033 2426 1322 2474 bonitatem.
1387 2427 1624 2488 atque‘ut
1656 2428 1831 2474 auctor

138 2500 265 2546 esset
301 2500 584 2560 temptandi
623 2501 737 2563 equi
777 2502 827 2548 et
865 2516 963 2548 non
1001 2502 1202 2548 tantum
1246 2499 1410 2548 verbis
1456 2513 1629 2547 verum
1675 2499 1828 2546 etiam

257 2660 281 2697 2
321 2661 579 2700 constarent
616 2655 658 2698 R
698 2670 810 2699 corr.
842 2671 867 2699 1·
890 2677 945 2692 =
971 2655 1021 2700 L.
1202 2659 1230 2698 8
1269 2654 1646 2711 persuasionibus
1683 2653 1738 2698 R.

142 2717 194 2755 13
233 2719 425 2759 tractato
462 2714 550 2758 LR
596 2719 741 2760 tracto
787 2728 901 2759 corr.
941 2713 983 2757 R·
1021 2714 1136 2772 ipse.
1298 2718 1353 2758 15
1400 2728 1490 2758 esse
1528 2715 1705 2770 peiores
1742 2712 1829 2756 LR

25 2816 44 2826 ¹,
133 2773 370 2826 peritiores
408 2773 479 2818 ed.
663 2777 720 2818 18
756 2778 969 2819 ‘ne—est
1006 2772 1139 2818 deest
1175 2773 1226 2816 in
1265 2773 1372 2828 LR,
1418 2771 1502 2817 sed
1546 2771 1828 2829 explicatur:

25 2826 51 2871 5
138 2829 308 2875 lemma
353 2830 548 2877 distinxi
595 2833 852 2877 secundum
896 2832 1348 2890 interpretationem.
1529 2835 1587 2875 22
1633 2831 1755 2888 quod
1770 2857 1828 2864 —

141 2892 195 2932 23
226 2891 346 2946 quod
375 2905 464 2935 om.
496 2906 554 2936 ne
582 2892 748 2937 credite
780 2897 834 2937 ut
863 2892 915 2936 id
944 2893 1078 2937 euius
1108 2891 1356 2936 substituit
1386 2891 1458 2936 ed.
1581 2894 1638 2934 30
1669 2903 1829 2936 caven—

139 2947 219 2992 dos
249 2963 338 2994 esee
367 2949 410 2992 R
440 2964 554 2995 corr.
586 2950 764 2995 r=L.

1859 1321 1915 1360 45
