2014 3226
795 143 1096 187 AENEIDOS
1130 144 1149 186 I
1746 144 1816 195 49

126 287 431 348 congrueret.
505 299 718 344 namque
759 285 881 331 satis
921 283 1358 344 reprehensibilem
1397 284 1580 331 faceret
1619 284 1814 331 Aeneae

126 373 402 420 personam,
435 358 480 405 si
510 359 614 406 sine
645 357 818 404 fraude
849 357 1058 405 hilarem
1099 358 1282 405 diceret
1314 360 1402 405 aut
1434 360 1647 421 purgato
1681 358 1814 405 dolo-

125 432 261 479 ribus
310 431 475 491 corde,
523 447 671 492 quem
718 432 1041 478 conveniebat
1088 433 1140 478 in
1188 446 1276 479 sua
1317 447 1465 479 causa
1503 432 1617 493 plus
1658 431 1816 495 affligi

129 521 275 567 quam
308 507 509 552 ceteros.
566 504 740 552 dehinc
773 504 1051 552 ostenditur
1091 507 1332 566 quantum
1371 507 1535 566 potuit
1574 506 1663 552 illa
1703 521 1815 553 con—

84 596 104 628 5
129 580 323 628 solatio,
399 580 487 631 illi,
528 580 708 640 inquit,
747 593 795 626 se
825 580 1047 638 praedae
1086 581 1344 639 aeciuyuut
1381 580 1681 639 dapibusque
1722 581 1904 638 [ἧι-210

128 655 265 708 turis,
299 653 430 714 quod
462 669 559 700 non
592 654 813 700 facerent
844 654 943 700 nisi
979 668 1202 701 maerore
1234 654 1415 700 laxato.
1479 655 1652 701 anxius
1685 655 1816 700 enim

128 728 322 774 animus
347 742 435 774 nec
459 728 648 774 victum
672 742 760 775 nec
784 727 1103 775 refectionem
1127 728 1349 788 aliquam
1374 729 1581 788 quaerit.
1639 729 1818 788 incipit

127 803 228 847 iam
268 801 426 847 dividi
464 817 553 862 per
591 800 755 848 officia
794 802 1080 862 procuratio
1121 802 1394 862 epularum.
1458 817 1574 848 nam
1607 817 1815 863 appara-

127 879 208 922 tus
248 874 346 935 ipsi
385 891 475 935 pro
515 876 738 936 personis
778 877 1151 936 enumerantur,
1199 891 1358 936 neque
1391 877 1523 922 enim
1555 875 1818 923 deliciosae

63 966 106 998 10
129 948 280 1010 dapes
321 950 409 995 aut
446 949 770 997 inritamenta
809 949 954 1012 gulae
994 950 1192 997 fuerant
1225 949 1501 997 adhibenda
1534 951 1656 997 escis
1688 950 1818 996 mili-

128 1027 235 1069 tum
281 1024 332 1069 et
378 1023 458 1070 vel
504 1024 716 1070 maxime
763 1024 1121 1086 naufragorum
1168 1025 1217 1070 et
1263 1039 1432 1070 eorum
1484 1039 1606 1084 quos
1652 1022 1820 1071 inedia

129 1099 178 1144 et
237 1097 372 1144 mala
432 1097 600 1159 pelagi
661 1098 820 1145 omnis
882 1112 1046 1145 moras
1108 1097 1454 1158 conpellebant
1515 1097 1818 1159 abrumpere.

37 1204 44 1212 .
130 1174 319 1230 teryora
356 1171 598 1230 diripiunt
635 1172 775 1218 costis
814 1174 858 1219 et
893 1173 1079 1219 viscera
1117 1172 1330 1226 nudant,
1370 1187 1496 1231 pars
1550 1173 1604 1218 iu
1657 1174 1820 1231 frusta

129 1248 312 1292 secant:
366 1247 631 1306 utrumque
679 1245 851 1292 eodem
887 1248 1110 1307 tempore
1149 1245 1420 1305 faciebant,
1468 1246 1559 1293 alii
1596 1245 1820 1293 detrahe-

65 1336 107 1369 15
129 1318 252 1366 bant
291 1319 426 1366 coria
466 1322 514 1366 et
552 1318 810 1366 nudabant
841 1334 1038 1367 carnem
1070 1322 1134 1379 et,
1167 1322 1436 1381 antequam
1467 1335 1611 1367 omne
1643 1335 1820 1380 corpus

131 1394 414 1454 appareret,
460 1393 551 1440 alii
598 1394 868 1441 execabant
912 1395 1086 1455 partis.
1164 1397 1337 1456 atque,
1377 1396 1433 1440 ut
1470 1394 1671 1455 plenam
1708 1409 1820 1455 pro-

130 1468 439 1528 perationem
477 1467 630 1515 fuisse
668 1469 983 1527 monstraret,
1015 1467 1210 1515 addidit
1247 1469 1533 1528 veribusque
1571 1469 1822 1515 trementia

130 1543 310 1600 siqvmt:
371 1540 614 1604 figebant,
658 1543 847 1603 inquit,
894 1543 1050 1605 virgis
1097 1543 1270 1590 ferreis
1316 1543 1582 1590 trementia
1632 1543 1823 1590 viscera

131 1615 223 1662 hoc
263 1616 339 1662 est
376 1616 430 1661 in
470 1615 648 1676 quibus
690 1616 852 1664 adhuc
892 1616 1074 1677 aliquis
1116 1617 1321 1678 spiritus
1359 1617 1634 1676 teneretur,
1690 1615 1823 1677 quod

65 1706 109 1739 no
130 1689 319 1736 factum
370 1689 588 1736 ostendit
635 1705 717 1737 eos
765 1690 824 1738 de
870 1689 1105 1738 torrenda
1156 1706 1301 1738 carne
1353 1692 1610 1753 cogitasse.
1687 1690 1824 1737 litore

132 1778 258 1810 aena
311 1763 471 1811 locant
523 1764 612 1811 alu·
666 1765 986 1824 flammasque
1037 1765 1343 1812 ministrant:
1405 1764 1494 1812 alii
1547 1780 1664 1812 vero
1713 1779 1824 1811 cum

134 1852 265 1898 aqua
302 1837 610 1899 inponebant
646 1839 756 1901 igni
793 1854 914 1886 vasa
954 1853 1120 1898 aenea,
1160 1841 1216 1886 ut
1255 1838 1436 1886 elixam
1466 1839 1687 1886 facerent
1719 1854 1822 1886 car-

133 1926 267 1971 nem3
306 1911 428 1958 haec
467 1913 598 1959 enim
638 1912 905 1973 coquendis
938 1912 1207 1960 visceribus
1239 1913 1585 1960 maturitatem
1617 1912 1825 1960 celerem

134 1987 404 2068 praestant.
491 1985 703 2047 denique
763 2002 879 2034 mox
939 1987 1199 2048 epularum
1259 1988 1507 2048 proventu
1559 1988 1824 2048 procurato

32 2076 112 2110 ⁴25
134 2060 265 2106 vires
313 2059 483 2107 labore
530 2062 582 2108 et
626 2061 757 2108 fame
803 2059 1023 2122 perditas
1074 2061 1374 2108 revocabant
1425 2060 1718 2109 invadentes
1772 2061 1826 2107 in

34 2123 49 2197 ἦ
137 2148 194 2181 ea
242 2149 368 2194 quae
413 2134 574 2181 ferina
619 2135 823 2198 pinguis
870 2137 920 2182 et
965 2136 1072 2183 vini
1119 2135 1308 2196 copiosi
1353 2137 1404 2182 et
1450 2136 1630 2183 veteris
1675 2137 1824 2195 atque

137 2208 316 2268 optimi
359 2206 558 2255 bonitas
605 2208 924 2272 suggerebat:
984 2209 1078 2256 hoc
1125 2211 1200 2258 est
1247 2208 1380 2270 quod
1428 2209 1500 2256 ait
1549 2211 1651 2256 tum
1697 2210 1826 2256 victu

42 2290 50 2345 j·
136 2284 362 2328 revocant
397 2283 524 2329 vires
562 2282 756 2342 fusique
785 2297 881 2342 per
916 2283 1128 2331 herbam.
1204 2285 1351 2331 tanta
1389 2284 1557 2331 autem
1593 2283 1697 2331 illis
1740 2282 1826 2330 ad-

32 2346 46 2396 ⁷.
137 2369 279 2403 versa
318 2356 388 2403 sic
425 2356 478 2403 in
518 2355 819 2404 oblivionem
856 2360 1110 2416 venerant,
1148 2359 1208 2404 ut
1245 2372 1334 2419 per
1372 2356 1547 2406 herbas
1583 2357 1683 2405 fusi
1713 2357 1826 2418 plus

28 2432 117 2496 2⁸⁰
140 2428 236 2476 sibi
271 2429 554 2492 ingererent
591 2446 742 2492 quam
780 2431 985 2478 refectio
1025 2431 1326 2492 postulabat.
1397 2432 1689 2492 praestitere
1728 2432 1826 2478 ista

260 2604 283 2642 1
316 2613 427 2643 ‘nam
457 2600 528 2643 ed.
664 2604 690 2643 6
723 2601 879 2645 laaeato
910 2600 994 2643 LR
1027 2601 1228 2656 deposito
1258 2601 1329 2644 ed.
1469 2605 1493 2644 7
1528 2601 1712 2645 artimus
1743 2599 1827 2642 LR

140 2659 313 2702 amicus
342 2658 414 2702 ed.
551 2662 578 2702 8
610 2674 794 2703 nam—
811 2663 836 2703 9
869 2665 1194 2704 enumerantur
1224 2673 1314 2704 0111.
1347 2660 1420 2704 ed.
1559 2663 1615 2703 10
1645 2659 1828 2703 escis—

143 2721 195 2760 11
229 2718 425 2762 mxime
447 2717 534 2761 LR.
562 2719 642 2763 sed
671 2719 853 2774 refectio
877 2720 1180 2775 procuranda
1211 2719 1283 2764 ed.
1379 2723 1434 2763 15
1465 2732 1647 2764 earnem
1678 2723 1720 2762 et
1742 2717 1828 2760 LR

141 2789 176 2820 e.
209 2776 296 2820 alii
326 2776 436 2820 eff.
559 2781 614 2821 16
647 2778 735 2822 alii
763 2791 853 2821 om.
886 2777 956 2822 ed.
1001 2779 1008 2834 Ι
1049 2784 1184 2835 atque
1214 2777 1301 2821 LR
1331 2784 1373 2823 et
1403 2778 1475 2822 ed.
1600 2781 1654 2820 17
1685 2777 1829 2831 fuisse

142 2847 230 2879 om.
248 2835 320 2879 ed
349 2836 356 2892 Ι
381 2836 662 2893 verubusque
683 2836 755 2880 ed.
843 2841 899 2880 23
922 2837 1105 2882 celerem
1128 2850 1215 2880 om.
1236 2837 1308 2882 ed.
1395 2840 1572 2881 29—30
1596 2836 1708 2893 plus
1737 2836 1831 2880 sibi

142 2894 395 2951 inqererent
416 2894 504 2938 LR
534 2850 823 2952 indulyerent
853 2895 935 2940 edI
965 2896 1255 2954 mdulyerent
1275 2911 1355 2941 seu
1378 2897 1633 2954 ingererent
1657 2894 1768 2939 edF.

144 2956 200 2996 30
223 2954 491 3009 praestitere
520 2955 612 2999 ista
641 2953 729 2998 LR
758 2956 934 3000 temere
965 2956 1080 2999 mut.
1114 2955 1185 2998 ed.

231 3034 328 3068 Don.
350 3035 509 3076 inter-‚tp
532 3036 648 3078 Vei-‚g
683 3036 805 3070 voLI.
1447 3033 1474 3071 4
