2014 3226
28 2815 51 2979 -·.·.·ν.ν*’*·”ῥ.·ι
30 2783 40 2794 “’
43 2671 49 2674 ι
43 2646 47 2652 -

799 162 1102 207 AENEIDOS
1134 163 1175 206 H
1733 164 1832 214 187

147 305 305 353 dicere
345 302 622 352 auxiliabor
660 305 835 364 captae
875 302 1002 362 urbi,
1041 303 1128 350 ille
1166 303 1425 364 praevenit
1464 304 1514 349 et
1554 304 1626 350 ait
1666 305 1836 349 contra

145 381 339 427 tantam
378 378 480 424 vim
518 377 786 424 humanam
826 377 951 423 nihil
991 391 1134 438 posse
1174 378 1425 424 virtutem.
1486 377 1536 423 et
1567 376 1838 423 subnexuit

145 454 290 500 huius
321 451 394 498 rei
424 450 779 512 probationem,
813 452 856 498 si
886 453 1103 511 possent,
1135 453 1314 512 inquit,
1347 450 1590 513 Pergama
1621 450 1857 507 humano

146 526 328 574 auxilio
375 525 669 572 communiri
716 524 868 571 etiam
914 524 1006 571 hoc
1054 526 1129 572 est
1176 525 1357 584 adhuc,
1413 527 1462 572 et
1515 540 1626 571 mea
1671 523 1837 585 potuit

98 617 120 649 5
144 601 344 647 dextera
383 598 592 646 defendi.
660 598 730 645 sic
770 614 886 660 ergo
925 599 1349 659 pronuntiandum
1389 600 1478 658 est,
1517 600 1574 645 ut
1613 598 1836 645 dicamus

145 675 187 722 si
232 673 475 735 Pergama
522 671 722 720 dextera
769 672 967 719 defendi
1012 675 1214 733 possent
1261 674 1426 719 etiam.
1506 673 1576 719 sic
1616 673 1746 719 enim
1787 673 1836 719 et

145 748 243 796 alio
282 747 391 795 1000
440 739 514 812 (4,
548 739 642 812 38)
689 747 907 807 positum
957 747 1167 809 legimus
1215 746 1494 808 „placitone
1543 747 1695 793 etiam
1745 762 1835 807 pu-

142 821 315 885 gnabis
341 818 560 868 amori?“
592 820 686 867 1100
719 822 794 867 est
825 820 996 867 adhuc.
1055 821 1162 881 ipso
1195 821 1345 868 verbo
1378 821 1458 868 hic
1491 835 1686 881 quoque
1718 835 1835 867 usus

143 897 238 955 est,
284 894 473 942 scilicet
518 894 739 955 potuisse
787 909 877 941 sua
923 893 1124 941 dextera
1171 894 1367 942 defendi
1413 895 1653 955 patriam,
1704 895 1746 941 si
1790 893 1835 940 ei

76 989 119 1018 ιο
142 969 304 1016 adhuc
343 968 660 1015 incolumitas
694 969 951 1016 sineretur.
1008 983 1153 1016 sacra
1184 983 1390 1028 suosque
1422 970 1507 1016 libi
1539 968 1837 1015 commendat

145 1043 293 1091 Troia
323 1044 535 1102 penatis,
573 1042 658 1089 hos
697 1056 813 1101 cape
847 1044 1063 1102 fatorum
1094 1046 1298 1097 comites,
1331 1044 1406 1089 his
1436 1043 1628 1089 moenia
1659 1056 1836 1100 quaere

140 1132 333 1177 mamea,
365 1119 620 1176 pererrato
651 1119 831 1163 statues
863 1131 987 1175 quae
1018 1118 1221 1174 denique
1250 1121 1417 1175 ponto:
1458 1132 1567 1164 ecce
1603 1116 1820 1164 ostendit
1838 1118 1924 1158 295

140 1195 189 1238 et
226 1190 518 1254 fugiendum
558 1205 660 1237 esse
700 1191 750 1237 et
788 1205 887 1237 non
928 1205 1031 1238 esse
1070 1190 1339 1253 flagitium,
1387 1191 1431 1238 si
1470 1191 1676 1253 fugerit,
1723 1205 1844 1237 cum.

139 1265 299 1327 ipsam
337 1265 557 1325 patriam
594 1263 786 1311 inducit
825 1263 1028 1311 Aenean
1068 1265 1195 1312 velle
1226 1264 1431 1312 liberari
1461 1280 1550 1326 per
1581 1265 1754 1326 fugam
1785 1265 1836 1311 et

76 1355 116 1388 15
141 1354 279 1387 sacra
326 1341 375 1386 et
422 1338 537 1386 deos
587 1338 763 1400 quibus
813 1338 1081 1400 aliquando
1136 1339 1299 1402 viguit
1355 1338 1658 1399 asportanda
1704 1353 1834 1385 com-

139 1411 476 1473 mendantem3
533 1414 682 1474 atque
722 1428 778 1460 60
818 1413 978 1475 magis
1018 1413 1284 1474 petendam
1322 1414 1509 1475 fugam,
1549 1412 1682 1473 quod
1721 1427 1834 1460 con-

140 1489 294 1534 staret
346 1502 554 1549 regnum
607 1486 736 1533 illud
791 1502 882 1548 ope
938 1487 1153 1535 hominis
1207 1487 1416 1534 ulterius
1479 1486 1676 1533 defendi
1735 1501 1834 1533 non

139 1576 295 1622 posse,
336 1560 467 1622 quod
507 1575 598 1608 nec
638 1560 709 1607 dii
748 1560 824 1607 sui
864 1561 996 1608 tueri
1034 1562 1317 1623 potuerunt.
1381 1563 1627 1622 quantum
1666 1563 1833 1608 autem

139 1636 335 1682 Aeneae
376 1634 590 1682 addatur
629 1634 692 1681 ad
730 1634 965 1682 meritum
1003 1650 1062 1682 ex
1098 1635 1191 1682 1100
1231 1634 1380 1682 datur
1425 1634 1674 1697 intellegi,
1721 1649 1834 1681 cum

70 1725 116 1757 20
137 1708 214 1756 1111
252 1723 392 1757 sacra
432 1710 482 1755 et
520 1708 637 1756 deos
676 1724 790 1756 suos
836 1709 1114 1771 intercepta
1153 1709 1302 1757 Troia
1349 1708 1687 1768 commendat;
1742 1710 1832 1755 aut
1892 1750 1895 1752 ,

139 1783 268 1830 6111111
313 1782 524 1830 nimium
569 1781 858 1846 religiosum
895 1782 1107 1844 probare
1146 1783 1307 1831 voluit
1346 1785 1435 1830 aut
1472 1783 1596 1844 ipsis
1634 1782 1833 1845 religio-

137 1856 282 1905 nibus
314 1856 662 1905 conservandis
695 1856 1010 1918 aptissimum
1042 1859 1130 1904 aut
1154 1857 1247 1905 diis
1272 1857 1393 1918 ipsis
1419 1860 1551 1904 certe
1574 1855 1832 1917 potiorem.

138 1931 301 1978 nullus
334 1931 466 1978 enim
498 1930 872 1978 commendatur
903 1932 1000 1979 nisi
1032 1932 1121 1992 qui
1152 1932 1218 1978 sit
1249 1946 1305 1979 eo
1340 1931 1420 1978 0111
1459 1930 1834 1978 commendatur

137 2005 354 2052 inferior.
416 2005 539 2052 haec
570 2007 740 2052 autem
770 2005 893 2052 dicit
932 2020 1073 2053 sacra
1112 2007 1162 2053 et
1201 2020 1282 2053 eos
1323 2007 1676 2052 commemorat
1714 2004 1831 2052 deos

71 2094 116 2126 25
140 2094 347 2140 quorum
394 2080 543 2141 poeta
581 2080 635 2126 in
672 2079 893 2126 themate
941 2081 1243 2127 mentionem
1293 2079 1413 2127 fecit
1460 2079 1624 2126 dicens
1665 2072 1740 2144 (1,
1774 2070 1831 2145 6)

140 2153 466 2214 „inferretque
506 2153 622 2201 deos
661 2151 852 2200 Latio‘fi
917 2168 1027 2201 ecce
1067 2153 1218 2200 etiam
1257 2153 1339 2201 1110
1374 2154 1542 2216 agitur
1574 2168 1723 2201 causa
1752 2153 1830 2199 fu-

140 2227 315 2309 gitur-i,
362 2242 422 2274 ne
461 2226 618 2274 ullam
657 2243 715 2275 ex
754 2243 811 2274 eo
852 2227 1116 2274 contrahat
1155 2227 1365 2289 culpam
1445 2227 1620 2275 suadet
1658 2227 1832 2309 fugam

70 2322 73 2325 “
138 2301 304 2365 imago
334 2301 431 2349 viri
463 2301 624 2361 fortis,
657 2301 833 2349 suadet
870 2300 982 2362 ipsa
1022 2301 1174 2349 etiam
1210 2302 1392 2363 patria,
1434 2317 1560 2362 quae
1599 2302 1653 2348 in
1691 2302 1831 2348 auxi-

138 2373 260 2422 lium
298 2376 376 2423 sui
413 2375 511 2422 viri
547 2374 692 2423 fortis
736 2376 957 2423 animum
1004 2374 1175 2422 debuit
1219 2377 1459 2435 invitare,
1507 2374 1654 2422 datur
1699 2374 1831 2457 11181-

72 2462 119 2495 ao
138 2449 252 2496 turo
305 2448 510 2496 deorum
563 2449 772 2497 societas
825 2449 1144 2511 omniumque
1191 2464 1457 2497 sacrorum.
1534 2448 1655 2511 quid
1701 2448 1833 2496 enim

258 2622 285 2662 4
316 2619 471 2676 potuit
507 2618 595 2663 LR
634 2621 891 2676 potuissent
936 2618 1054 2672 edF,
1095 2619 1178 2662 sed
1223 2619 1409 2674 defendi
1453 2617 1831 2676 impersonaliter

138 2676 344 2733 positum
373 2678 579 2733 videtur,
618 2681 672 2722 ut
701 2679 871 2735 poetae
902 2677 1044 2721 verba
1074 2678 1326 2722 varientur.
1495 2683 1521 2721 6
1548 2682 1699 2734 posset
1727 2676 1828 2731 LR,

139 2735 222 2779 sed
252 2749 393 2794 supra
418 2743 614 2794 possent.
751 2738 1055 2793 ‘Iplaeitioue
1085 2737 1172 2780 LR
1204 2751 1318 2782 corr.
1343 2737 1380 2781 L
1411 2737 1514 2794 ipse
1536 2751 1561 2780 1·
1586 2736 1829 2804 placidone

139 2793 233 2838 eda
266 2801 310 2848 4
333 2801 389 2840 38
420 2795 542 2840 nihil
572 2795 631 2840 de
662 2796 752 2841 hac
783 2796 1175 2852 interpretatione
1205 2796 1338 2840 verbi
1368 2798 1518 2841 etiam.
1624 2799 1679 2838 10
1710 2796 1828 2839 sine-

139 2858 265 2898 retur
293 2853 380 2898 LR
408 2856 739 2912 relinqueretur
769 2855 840 2899 ed.
952 2859 1004 2898 11
1037 2856 1123 2900 has
1152 2855 1417 2900 LR.14
1448 2856 1597 2912 ipsam
1620 2855 1828 2911 pat-riam

139 2910 227 2956 LR
255 2913 358 2971 ipsa
381 2916 544 2971 patria
575 2914 761 2970 defendi
789 2927 884 2959 ‘nou
907 2915 1056 2970 possit
1086 2914 1157 2959 ed.
1267 2918 1322 2959 15
1355 2915 1595 2971 quibus—
1609 2926 1826 2958 commen-

27 2991 68 3226 ἰ
140 2971 322 3017 dantem
351 2985 439 3017 om.
464 2973 536 3017 ed.
660 2977 716 3018 28
741 2973 905 3030 patria
936 2986 1024 3017 om.
1049 2973 1091 3017 R,
1123 2973 1230 3016 add.
1256 2988 1291 3019 r.
