2014 3226
168 154 272 205 124
630 151 859 196 DONATI
891 152 1170 195 INTERVPR.
1205 151 1383 195 VERG.

163 295 214 339 in
256 292 584 354 descriptione
624 294 789 355 regiae
829 292 1015 340 domus.
1082 308 1199 339 nam
1239 307 1349 339 cum
1388 291 1609 353 hospites
1649 292 1701 338 in
1742 306 1854 339 con-

164 367 354 414 vivium
401 382 654 425 vocamus,
700 381 790 427 pro
831 382 1000 413 eorum
1039 367 1228 413 meritis
1270 367 1592 427 conponimus
1633 365 1856 413 domum:

167 443 208 488 si
253 440 522 487 mediocres
576 455 815 501 personae
870 443 1006 500 sunt,
1068 456 1179 487 cum
1242 439 1493 488 cotidiano
1549 441 1727 486 ornatu
1780 440 1855 486 in·

167 516 372 562 structio
413 514 558 561 solita
597 514 839 575 remanet,
887 515 964 562 sin
1002 530 1119 562 vero
1159 515 1361 562 maioris
1402 512 1589 573 meriti,
1631 513 1856 561 addimus

166 589 324 635 multa
362 586 620 648 repentina
655 586 833 647 solitis,
864 590 921 634 ut
958 588 1241 649 placeamus
1273 588 1334 635 iis
1369 602 1489 648 quos
1523 586 1685 635 officio
1717 587 1857 634 volu·
1903 601 1923 634 5

167 677 274 709 mus
322 662 602 722 promereri.
682 663 733 707 in
781 660 926 710 domo
973 663 1131 725 igitur
1175 661 1386 709 Didonis
1443 661 1563 722 quid
1617 660 1859 724 agebatur

167 738 369 796 propter
399 734 616 795 Aenean,
651 737 750 796 qui,
789 736 907 783 licet
944 735 1122 796 victus,
1157 736 1277 783 licet
1314 735 1602 798 naufragus,
1635 749 1746 782 cum
1783 735 1859 781 in-

169 811 304 871 genti
343 811 509 856 tamen
549 810 686 856 fama
724 809 938 857 nominis
979 811 1056 857 sui
1094 807 1359 857 veniebat?
1437 809 1634 870 domus,
1675 809 1860 870 inquit,

168 882 376 930 Didonis
417 882 653 930 continuo
693 898 788 931 usu
825 885 927 931 iam
971 882 1231 945 splendida
1277 882 1618 932 instruebatur
1662 884 1715 929 in
1761 898 1861 930 me-

168 957 341 1004 liorem
394 958 594 1017 faciem,
650 973 710 1004 ne
764 952 1047 1019 displiceret
1101 957 1313 1005 Aeneae.
1397 957 1582 1005 idcirco
1637 972 1738 1004 non
1792 955 1862 1004 sic
1885 971 1928 1004 ιο

168 1029 593 1092 pronuntiandum
640 1033 735 1091 est,
775 1034 833 1078 ut
872 1032 1021 1079 simul
1060 1033 1294 1080 universa
1331 1032 1626 1094 iungantur,
1666 1030 1751 1078 sed
1790 1045 1863 1078 se—

168 1107 406 1165 parentur
451 1105 543 1153 hoc
590 1105 761 1153 modo:
823 1107 877 1153 at
922 1105 1096 1154 domus
1142 1106 1353 1154 interior
1397 1106 1557 1168 regali
1603 1103 1864 1166 splendida

168 1179 288 1224 luxu
329 1180 379 1225 et
416 1179 679 1226 interiecta
716 1194 858 1227 mora
896 1180 1117 1227 dicamus
1158 1180 1439 1241 instruitur,
1470 1181 1528 1226 ut
1563 1180 1668 1227 iam
1703 1178 1863 1240 splen-

171 1251 287 1299 dida
319 1268 376 1299 ex
407 1252 515 1316 iugi
546 1253 900 1301 consuetudine
933 1254 1109 1301 melius
1135 1257 1396 1302 ornaretur
1418 1255 1622 1316 propter
1645 1251 1863 1300 Aenean.

172 1329 220 1373 et
251 1325 462 1374 Didonis
496 1326 626 1374 enim
663 1326 915 1388 splendori
954 1327 1209 1390 adsignari
1247 1328 1418 1376 debuit
1456 1327 1537 1374 hic
1577 1328 1783 1374 ornatus
1816 1328 1866 1374 et
1889 1342 1932 1376 15

169 1399 367 1447 Aeneae
406 1401 760 1462 contemplatio
801 1401 1116 1463 considerari,
1147 1417 1209 1449 ne
1240 1403 1416 1464 regina
1448 1403 1563 1449 ante
1596 1400 1867 1448 adventum

170 1474 368 1522 Aeneae
407 1475 601 1521 nullum
633 1477 801 1538 regiae
834 1475 1120 1523 ambitionis
1154 1477 1343 1524 cultum
1374 1475 1605 1524 videatur
1635 1474 1866 1522 habuisse

173 1551 259 1595 aut
305 1548 499 1597 Aeneas
554 1549 757 1596 humilis
811 1550 1121 1611 redderetur,
1177 1551 1220 1598 si
1272 1550 1401 1597 nihil
1449 1551 1655 1611 propter
1700 1550 1868 1611 ipsum

170 1623 369 1683 praeter
423 1622 827 1671 consuetudinem
881 1625 1170 1686 iungeretur
1223 1623 1434 1672 ornatui.
1521 1623 1694 1671 domus
1750 1637 1867 1686 ergo

171 1697 380 1743 interior
426 1696 741 1745 excolebatur
787 1698 935 1745 solito
982 1698 1172 1746 melius.
1249 1698 1432 1747 idcirco
1481 1697 1608 1744 dixit
1644 1696 1868 1758 interior,
1891 1713 1935 1747 20

174 1771 292 1831 quia
344 1771 398 1817 in
452 1772 744 1819 exteriorem
797 1774 993 1833 partem
1039 1772 1212 1821 domus
1258 1773 1462 1820 interim
1507 1772 1748 1819 Troianos
1793 1770 1868 1818 in-

174 1844 384 1891 duxerat
448 1846 643 1908 regina,
713 1846 868 1894 donec
929 1846 1206 1895 necessaria
1268 1846 1497 1895 convivio
1558 1846 1868 1907 pararentur.

173 1919 435 1977 mediisque
478 1922 670 1978 parant
723 1922 943 1968 convivia
998 1923 1151 1968 tectis:
1213 1922 1451 1982 quoniam
1501 1919 1727 1966 futurum
1771 1918 1871 1966 fuit

173 1991 506 2053 plurimorum
551 1995 856 2056 convivium,
903 1996 961 2055 ut
998 1994 1107 2042 fieri
1145 1996 1272 2043 solet
1310 1994 1398 2042 ubi
1436 1994 1594 2041 omnis
1635 1994 1870 2041 convivas

174 2081 274 2114 non
319 2067 577 2128 potuerint
620 2068 841 2115 triclinia
887 2083 1084 2132 capere,
1133 2084 1470 2130 quaecumque
1516 2066 1739 2114 membra
1787 2066 1869 2115 vel
1892 2082 1958 2118 25‘

174 2141 419 2187 transitus
450 2139 636 2188 fuerint
668 2143 837 2190 stratis
870 2143 1099 2204 plurimis
1131 2144 1448 2205 occupantur.
1504 2142 1597 2188 hoc
1629 2143 1705 2188 est
1736 2140 1871 2202 quod

177 2213 304 2261 dixit
341 2212 516 2262 mediis
555 2216 700 2264 tectis
739 2218 923 2278 parant
961 2218 1204 2265 convivia.
1283 2217 1540 2264 videamus
1578 2216 1681 2262 iam
1729 2229 1869 2262 accu-

179 2286 394 2335 bitorum
431 2289 657 2350 ipsorum
695 2290 962 2355 rationem,
1003 2293 1052 2338 et
1089 2291 1172 2339 hic
1211 2292 1343 2339 enim
1378 2291 1554 2353 virtus
1571 2289 1871 2337 facultatum

297 2436 324 2474 4
356 2432 547 2475 maioris
575 2432 728 2475 meriti
756 2430 843 2473 LR
874 2431 1144 2488 onaynifileae
1176 2431 1247 2475 ed..
1383 2435 1409 2474 5
1441 2432 1503 2475 iis
1532 2429 1620 2472 LR
1649 2430 1720 2474 his
1751 2428 1824 2473 ed.
1861 2428 1868 2488 Ι

177 2491 370 2536 volimus
392 2490 479 2533 LR
509 2491 717 2534 volumus
747 2505 782 2533 r.
875 2494 901 2534 6
934 2492 986 2534 i‘n
1017 2491 1148 2535 domo
1165 2517 1220 2522 —-
1241 2494 1265 2534 7
1291 2490 1554 2547 ‘naufraqus
1578 2503 1665 2532 om.
1691 2489 1873 2533 Aeneas
1947 2496 1969 2535 J?

179 2549 426 2594 substituit
457 2549 527 2594 ed.
651 2554 676 2592 9
709 2563 822 2593 usus
852 2549 901 2592 L.
1027 2553 1082 2592 10
1113 2551 1180 2594 sic
1211 2563 1300 2594 om.
1331 2549 1402 2593 ed.
1526 2553 1582 2591 14
1613 2562 1669 2592 ex
1699 2549 1801 2604 iuyi
1829 2546 1873 2590 R

178 2610 333 2667 exulyi
370 2609 420 2652 in
458 2621 547 2652 ras.
581 2608 617 2651 L
647 2608 691 2651 Π
721 2621 845 2652 man.
878 2621 972 2651 non
1005 2608 1120 2652 satis
1151 2607 1399 2665 perspicue
1430 2622 1486 2652 ex
1515 2607 1644 2665 vulyi
1672 2605 1764 2649 ΗΟ
1797 2605 1870 2650 ed.

269 2673 323 2712 15
356 2673 397 2713 et
428 2682 516 2712 om.
543 2668 613 2711 ed.
667 2668 673 2725 Ι
730 2667 885 2711 debuit
914 2666 1001 2710 LR
1031 2668 1176 2712 voluit
1205 2669 1274 2712 vel
1305 2669 1348 2712 d.
1383 2667 1453 2711 ed.
1593 2670 1648 2709 16
1679 2670 1871 2710 contem·

170 2728 379 2783 platio‘ne
410 2727 481 2771 ed.
529 2729 536 2784 Ι
584 2741 642 2771 ne
672 2726 759 2769 LR
788 2739 845 2770 ‘ne
876 2731 959 2771 aut
986 2741 1011 2770 1·
1041 2741 1097 2771 ‘ne
1127 2729 1171 2771 si
1201 2727 1272 2771 ed.
1397 2730 1452 2770 18
1485 2730 1570 2770 aut
1598 2724 1686 2768 LR
1714 2729 1768 2768 ut
1797 2723 1869 2767 ed.
1931 2726 1970 2781 ’ῖξ

179 2786 268 2830 del.
303 2786 372 2830 ed.
407 2787 526 2842 post.
692 2789 746 2828 22
778 2787 984 2829 convivio
1016 2785 1103 2828 LR
1131 2787 1277 2831 victui
1307 2785 1378 2828 ed.
1539 2788 1596 2827 25
1621 2782 1874 2840 potuerimt
1939 2803 1965 2852 ᾗ

179 2845 249 2888 ed.
301 2847 308 2901 Ι
357 2846 587 2902 prieiinia
617 2844 704 2887 LR
742 2845 951 2889 triclinia
979 2858 1003 2886 1·
1033 2846 1193 2901 prima
1230 2857 1402 2900 quaere
1433 2843 1483 2887 in
1512 2855 1660 2900 marg.
1693 2841 1750 2887 r‘.
1939 2863 1974 2886 z

178 2908 255 3008 ‹2³5›ss
274 2904 463 3008 feggrant
501 2904 572 2949 ed.
726 2907 781 2946 27
822 2903 1182 2948 accumbentium
1220 2904 1291 2948 ed.
1445 2906 1500 2946 ⁶28
1533 2907 1575 2947 et
1603 2902 1677 2946 hic
1707 2901 1794 2945 LR.
1831 2905 1875 2946 et
