2014 3226
202 152 265 202 18
659 146 888 189 DONATI
919 144 1198 187 INTERPR.
1235 143 1410 187 VERG.

197 306 406 354 poenam
460 289 684 335 Minerva
741 287 983 332 irascente
1047 284 1326 344 conpletam
1390 298 1501 330 cum
1557 283 1883 331 Troianorum

198 364 468 425 suppliciis,
510 377 634 422 quae
680 359 900 407 obtinere
947 373 1045 404 non
1099 359 1391 419 potuerunt,
1447 372 1731 408 enumerare
1785 372 1885 404 non

198 441 375 486 cessat:
418 451 541 496 quae
582 432 747 481 omnia
785 433 980 493 plenius
1012 447 1100 492 per
1130 432 1328 494 singula
1360 431 1667 478 disseremus.
1729 446 1884 491 mene,

197 512 381 572 inquit,
428 511 479 556 in
527 506 900 569 pronominibus
950 507 1024 552 est
1061 520 1297 568 magnum
1337 504 1529 552 dicendi
1568 504 1782 566 pondus»,
1829 507 1886 551 ut

199 585 327 646 quod
382 599 479 630 non
527 582 746 643 apertius
794 579 976 627 dicitur
1020 579 1361 641 intellegatur:
1416 593 1556 626 mene
1605 594 1743 641 ergo,
1792 578 1885 626 hoc
1933 596 1952 628 5

197 661 271 705 est
309 658 532 720 reginam
571 654 773 702 deorum
813 655 862 700 et
901 668 1118 700 sororem
1156 652 1289 700 Iovis
1334 654 1382 699 et
1429 653 1710 715 coniugem,
1757 651 1886 699 sicut

197 732 347 788 infra,
403 745 512 777 cum
566 728 758 775 dolores
815 742 927 774 suos
978 728 1374 788 persequeretur,
1431 727 1627 788 aperuit
1681 725 1885 783 dicendo

198 808 304 864 „ast
350 819 438 867 ego
488 818 614 863 quae
662 801 833 849 divum
878 800 1051 847 incedo
1090 800 1263 864 regina
1301 800 1532 862 Iovisque
1573 802 1622 847 et
1660 815 1798 848 soror
1837 802 1887 847 et

196 876 449 926 coniunx“.
543 877 635 923 hoc
683 877 756 922 est
801 890 942 922 mene
993 874 1125 935 quod
1172 876 1246 922 est
1296 875 1374 922 ast
1428 890 1541 937 ego,
1602 874 1884 925 intellectus

199 954 327 1000 enim
382 951 729 1013 pronominum
782 950 1004 1010 ipsorum
1059 964 1186 996 unus
1234 950 1320 996 est.
1405 947 1601 1009 incepto
1650 947 1884 996 desistere
1913 967 1955 1000 ιο

197 1027 403 1073 victam:
443 1024 639 1085 incepta
679 1024 795 1070 sunt
833 1021 1180 1083 dispositiones
1221 1023 1271 1069 et
1310 1021 1665 1069 destinationes
1700 1022 1885 1069 animo-

195 1116 325 1158 rum,
374 1099 521 1146 sicuti
561 1097 826 1145 Sallustius
875 1095 947 1143 ait
996 1089 1131 1161 (hist.
1172 1095 1197 1142 I
1239 1097 1306 1143 74
1324 1089 1414 1162 M.)
1464 1111 1611 1156 „nam
1647 1095 1774 1143 talia
1810 1097 1885 1142 in-

200 1175 354 1234 cepta,
386 1172 438 1218 ni
469 1172 521 1218 in
554 1171 884 1219 consultorem
915 1171 1193 1230 vertissent,
1224 1169 1526 1231 reipublicae
1565 1172 1754 1231 pestem
1786 1170 1886 1217 fac-

196 1244 353 1295 tura“.
417 1245 552 1292 dolet
591 1260 706 1308 ergo
745 1243 1073 1291 intentionem
1113 1259 1252 1291 suam
1293 1245 1396 1292 sine
1436 1244 1611 1291 effectu
1651 1243 1886 1291 defecisse

195 1334 283 1367 nec
323 1334 575 1380 superesse
614 1320 716 1365 iam
756 1317 964 1366 nocendi
1004 1317 1264 1365 consilium
1305 1318 1386 1364 vel
1415 1320 1624 1379 tempus.
1695 1318 1886 1365 interea
1912 1335 1953 1368 15

195 1394 435 1442 bonorum
484 1395 556 1440 est
602 1392 802 1454 incepta
848 1391 1087 1453 deserere,
1138 1393 1179 1438 si
1225 1393 1394 1439 tamen
1441 1394 1530 1438 aut
1577 1407 1720 1452 prece
1774 1391 1886 1438 flec-

197 1470 369 1515 tantur
423 1470 510 1515 aut
564 1468 738 1527 sponte
790 1467 1067 1528 ignoscant.
1161 1466 1282 1514 haec
1336 1465 1473 1514 dolet
1524 1467 1788 1526 utramque
1835 1480 1885 1512 se

199 1543 504 1589 occasionem
543 1539 813 1602 perdidisse
855 1542 904 1586 et
940 1539 1172 1588 incidisse
1212 1539 1344 1601 quod
1380 1539 1583 1599 doleret,
1616 1555 1728 1587 cum
1758 1538 1883 1590 ludi-

195 1614 302 1662 brio
343 1615 546 1675 scilicet,
585 1616 643 1661 ut
681 1615 915 1675 superata
954 1613 1187 1661 discedat.
1250 1613 1365 1660 inde
1405 1615 1480 1661 est
1519 1613 1653 1675 quod
1691 1613 1764 1663 ait
1800 1628 1886 1660 nec

188 1702 333 1747 posse
362 1689 517 1736 Italia
551 1688 847 1735 Teucrorum
885 1691 1097 1735 avertere
1135 1688 1326 1746 reyem?
1393 1688 1488 1736 hoc
1528 1689 1602 1736 est
1641 1687 1802 1735 dicere
1841 1688 1885 1735 si
1910 1706 1978 1738 zor

196 1761 397 1823 perdere
444 1777 542 1809 non
580 1761 744 1823 potui,
785 1760 932 1809 debui
970 1762 1049 1813 vel
1088 1776 1323 1823 superare
1363 1761 1665 1809 Teucrorum
1703 1776 1884 1825 regem.

198 1835 348 1883 Italia
393 1834 631 1896 producte
676 1835 972 1896 proferenda
1019 1838 1115 1896 est,
1163 1837 1220 1882 ut
1265 1836 1332 1883 sit
1378 1835 1439 1883 ab
1477 1834 1629 1883 Italia
1675 1834 1886 1883 deducta

199 1910 584 1970 praepositione,
622 1910 679 1955 ut
718 1911 793 1956 est
824 1909 923 1957 alio
953 1909 1062 1957 loco
1097 1901 1256 1974 (263)
1297 1908 1512 1970 „bellum
1543 1909 1715 1973 ingens
1747 1910 1886 1972 geret

197 1981 392 2042 Italia“‚
431 1983 524 2030 hoc
564 1983 637 2030 est
675 1983 730 2029 in
769 1982 934 2044 Italia,
973 1984 1046 2030 ita
1084 1982 1166 2030 hic
1204 1982 1592 2047 intellegendum
1624 1982 1686 2030 ab
1717 1983 1883 2030 Italia.

198 2055 484 2119 adgreditur
538 2057 943 2116 conparationem
995 2072 1291 2118 poenarum,
1336 2058 1395 2105 ut
1442 2056 1527 2118 qui
1574 2058 1737 2118 perire
1783 2072 1883 2107 non
1909 2074 1953 2111 εει

197 2129 364 2190 potuit
401 2129 480 2178 vel
520 2131 852 2177 secerneretur
883 2145 913 2178 a
944 2131 1090 2179 terris
1121 2130 1313 2179 Italiae.
1377 2130 1434 2178 fit
1465 2133 1516 2178 et
1546 2131 1741 2178 numeri
1773 2144 1883 2179 con-

316 2301 344 2340 3
374 2299 530 2342 omnia
560 2313 647 2342 om.
682 2299 751 2343 ed.
921 2304 976 2343 13
1007 2301 1061 2343 ni
1091 2302 1150 2344 in>
1173 2302 1472 2346 consultorem
1503 2302 1737 2346 vertissent
1765 2301 1801 2344 L
1832 2302 1885 2344 φη·
1951 2318 1954 2319 ’

199 2357 251 2401 in
288 2358 583 2401 consultorem
622 2359 843 2403 venissent
873 2359 916 2402 R
951 2373 998 2403 n.
1039 2360 1070 2404 i.
1101 2374 1138 2405 e.
1169 2361 1407 2406 vertissent
1433 2374 1457 2403 r
1493 2361 1548 2404 m·
1576 2361 1629 2405 in
1667 2375 1755 2404 om.
1788 2360 1883 2405 ed.:
1943 2368 1959 2411 ,-’,

201 2417 252 2459 at
282 2419 324 2469 4,
350 2419 435 2459 314
465 2417 586 2472 (316)
626 2418 679 2460 m'
709 2418 963 2462 inconsulto
1002 2419 1284 2464 revertissent
1312 2419 1400 2463 LR
1432 2418 1503 2463 ed,
1541 2419 1596 2463 ‘ni
1625 2421 1678 2464 i‘n
1707 2419 1883 2466 comul-
1932 2415 1977 2479 ,g

199 2479 336 2519 torem
367 2475 601 2518 vertissent
630 2490 674 2519 r:
707 2475 824 2519 haec
850 2489 965 2520 cvera
989 2475 1203 2522 Sallustii
1227 2478 1369 2522 verba
1393 2491 1493 2522 esse
1517 2477 1745 2522 Linkerus
1770 2492 1883 2535 quo·

200 2546 291 2588 que
323 2534 370 2576 et
393 2532 661 2577 Dietschius
694 2536 742 2578 et
764 2534 1209 2580 Maurenbrecherus
1241 2537 1478 2591 videnmt3
1511 2550 1631 2594 quae
1665 2537 1722 2580 de
1752 2537 1885 2580 varia.
1933 2578 1942 2586 ,

202 2591 413 2634 codicum
458 2590 659 2636 lectione
705 2592 852 2637 Maur.
901 2594 1038 2638 affert
1083 2594 1184 2639 sola
1230 2595 1546 2640 Hal-lemensis
1601 2596 1884 2641 auctoritate
1938 2592 1970 2639 ἒ»

199 2649 416 2694 nituntur
447 2663 503 2695 ex
533 2650 592 2695 iis
623 2665 744 2707 quae
775 2667 814 2697 v.
834 2653 878 2696 d.
895 2653 1084 2698 Hoeven
1107 2669 1153 2710 p.
1171 2660 1229 2699 46
1261 2655 1449 2712 scripsit
1481 2655 1648 2712 petita.
1676 2657 1683 2712 1
1706 2660 1884 2711 pas-tem
1935 2635 1970 2726 ξ’

199 2707 243 2751 R.
281 2721 394 2753 corr.
425 2724 461 2754 r.
657 2715 711 2754 16
742 2711 922 2768 incepta
952 2713 1148 2757 deserere
1178 2714 1263 2757 LR
1303 2715 1478 2770 incepto
1510 2714 1718 2759 desistere
1749 2714 1820 2758 ed.
1918 2714 1960 2770 ἦ*

204 2770 258 2810 17
289 2767 398 2835 W?
427 2767 515 2812 LR
543 2769 624 2814 hoe
655 2769 725 2813 ed.
862 2774 915 2814 19
947 2771 1150 2817 discedat
1178 2773 1266 2816 LR
1296 2774 1438 2818 -deret
1469 2773 1540 2816 ed.
1593 2776 1603 2831 }
1657 2787 1740 2818 nee
1767 2772 1880 2818 lem-

202 2827 343 2870 matis
374 2826 564 2872 mitium
593 2827 680 2872 LR
710 2828 918 2874 desistere
949 2832 1114 2875 vietam
1143 2845 1239 2876 ‘no‘n
1270 2831 1341 2876 ed.
1487 2836 1542 2875 22
1573 2831 1766 2886 ferenda
1794 2831 1883 2877 11ss
1924 2880 1926 2884 ,

196 2885 474 2940 proferenda
506 2886 578 2930 ed.
606 2887 614 2943 Ι
640 2891 704 2932 est
734 2900 822 2932 om.
856 2887 926 2932 ed.
1035 2893 1092 2933 ’24
1123 2890 1191 2936 ita
1221 2890 1308 2934 LR
1338 2891 1407 2936 ita
1437 2896 1502 2936 est
1531 2891 1602 2935 ed.
1710 2895 1766 2936 25
1797 2891 1881 2936 ad·

200 2941 406 2999 yreditur
435 2942 523 2987 LR
552 2946 818 3003 aqyreditwr
848 2951 890 2990 et
919 2946 991 2992 ed.
1114 2953 1170 2992 26
1201 2954 1243 2994 et
1270 2950 1324 3005 fit
1354 2955 1396 2995 et
1426 2949 1534 2994 edF.
1804 2974 1808 2978 ·
