2014 3226
787 214 1088 258 AENEIDOS
1122 216 1160 257 V
1716 221 1821 269 4233

141 355 468 412 constituero,
517 353 699 399 faciam
748 354 793 399 ei
839 355 1093 415 templum.
1172 358 1411 416 templum
1462 358 1585 404 dixit
1626 364 1678 404 ut
1720 359 1824 418 deo,

141 443 238 474 non
286 427 575 474 memorIam
621 429 678 472 ut
731 426 921 473 homini
976 433 1190 488 mortuo,
1247 434 1293 476 et
1342 446 1479 478 sacra
1532 431 1675 490 dixit,
1729 449 1820 479 non

139 501 357 547 inferias.
432 502 484 556 et
533 500 767 560 quoniam
808 503 1199 562 spectaculorum
1239 506 1451 564 gratiam
1493 505 1636 552 debet
1676 507 1822 551 etiam

141 573 342 621 refectio
398 589 657 634 corporum
720 576 885 634 sequi,
947 577 1193 635 promittit
1255 579 1495 626 universis
1558 594 1823 625 annonam:

94 666 116 695 5
142 649 257 694 bina
304 648 445 694 boum
491 648 624 695 vobis
667 648 815 695 Troia
858 653 1113 707 9⁶·oze1·at11.5·
1151 650 1342 697 Aevstes
1390 652 1473 698 dat
1511 667 1708 698 'numero
1748 668 1822 698 ca-

132 722 243 781 pita
280 722 334 768 in
372 723 528 768 navis.
605 721 835 782 promisit
874 722 932 767 de
973 723 1133 770 alieno
1174 726 1368 770 tantum
1408 740 1721 785 praesumens
1766 725 1824 773 de

140 794 334 842 Acestis
366 794 702 842 benivolentia
734 798 978 856 quantum
1007 796 1214 844 fiduciae
1240 798 1388 845 dabat
1413 800 1678 859 superioris
1704 803 1822 847 tem-

141 870 276 930 poris
316 869 525 932 largitas
565 871 614 916 et
652 870 908 931 praecipui
949 870 1140 917 animus
1181 871 1315 918 civis.
1387 873 1599 920 adhibete
1630 876 1826 932 penatis

142 945 185 991 et
213 945 406 1003 patrios
446 944 600 1002 epulis
641 946 684 990 et
721 957 837 1002 quos
877 944 985 991 colit
1021 945 1188 1003 hospes
1227 944 1441 993 Acestes:
1488 962 1573 993 vos
1614 963 1823 994 memen-

76 1035 117 1067 10
141 1019 268 1077 tote,
307 1019 385 1077 ut,
425 1032 536 1064 cum
574 1017 717 1065 binos
756 1016 906 1065 boves
945 1034 1032 1078 per
1072 1019 1211 1065 navis
1253 1019 1470 1081 singulas
1519 1022 1824 1081 sumpseritis

142 1093 192 1138 et
222 1091 520 1152 paraveritis
553 1092 739 1153 epulas,
764 1090 1040 1139 adhibeatis
1075 1107 1186 1138 cum
1218 1094 1399 1140 nostris
1425 1093 1683 1153 penatibus
1710 1094 1824 1141 deos

142 1180 265 1226 quos
305 1165 483 1226 hospes
522 1166 628 1227 ipse
668 1168 947 1213 veneratur.
1000 1170 1272 1225 praeterea,
1303 1169 1345 1213 si
1384 1181 1513 1214 vona
1545 1169 1666 1214 diem
1701 1182 1824 1214 mor-

141 1239 319 1286 talibus
367 1240 551 1304 almum
597 1254 782 1287 aurora
830 1239 1049 1286 extulerit
1091 1239 1340 1299 radiisque
1381 1243 1597 1288 reteoeere't
1643 1242 1824 1289 orbem:

140 1314 443 1374 praestruxit
475 1315 656 1374 omnia,
689 1312 845 1360 edixit
877 1313 1005 1360 diem
1037 1313 1279 1374 ludorum,
1312 1314 1381 1362 sic
1412 1317 1592 1374 tamen,
1624 1316 1665 1362 si
1696 1316 1823 1362 aeris

75 1406 117 1437 15
143 1387 294 1434 etiam
340 1388 603 1449 temperies
650 1389 957 1448 proveniret,
1009 1389 1057 1434 et
1104 1403 1200 1435 non
1246 1389 1524 1450 proximum
1570 1390 1689 1435 satis
1736 1405 1823 1436 nec

143 1460 262 1508 satis
301 1461 520 1524 longum,
560 1463 618 1508 ut
654 1461 872 1508 medium
914 1463 1109 1522 tempus
1141 1477 1229 1508 nec
1262 1461 1461 1509 haberet
1494 1461 1712 1509 diutinae
1747 1478 1823 1508 ex-

141 1536 439 1596 pectationis
477 1535 699 1582 taedium
739 1538 788 1583 et
826 1537 994 1582 tamen
1025 1536 1263 1583 maiorem
1296 1535 1629 1583 celebritatem
1660 1539 1825 1596 posset

143 1608 416 1670 adquirere.
490 1625 636 1670 nono,
675 1610 856 1671 inquit,
897 1609 975 1657 die
1013 1609 1158 1656 ludos
1198 1609 1400 1670 habebo,
1441 1611 1483 1656 si
1522 1611 1825 1658 consentien-

141 1682 276 1730 tibus
310 1683 565 1732 elementis
599 1683 732 1731 alma
762 1685 870 1732 luce
903 1683 1161 1746 provenire
1193 1683 1423 1744 potuerit.
1481 1684 1663 1730 almum
1697 1683 1824 1730 diem

74 1750 472 1818 eo'tranquillum
505 1757 735 1806 debemus
768 1757 1003 1819 accipere,
1030 1759 1146 1818 quia
1179 1757 1354 1805 navale
1387 1761 1631 1804 certamen
1663 1758 1826 1804 fuerat

140 1830 424 1892 habiturus,
471 1833 551 1880 cui
595 1832 939 1894 tranquillitas
978 1831 1146 1894 pelagi
1184 1831 1350 1878 fuerat
1387 1832 1672 1878 necessaria.
1753 1830 1823 1877 in-

142 1906 312 1954 sinuat
357 1906 532 1954 dehinc
579 1907 748 1954 futura
792 1906 1117 1953 certaminum
1157 1919 1351 1967 genera,
1393 1907 1450 1951 ut
1488 1906 1824 1966 unusquisque

141 1979 326 2034 maiore
381 1979 545 2028 studio
601 1982 716 2028 ante
770 1983 966 2043 tempus
1028 1994 1258 2027 accensus
1320 1980 1510 2026 veniret
1564 1978 1626 2025 ad
1682 1978 1824 2025 diem.

142 2053 386 2116 percurrit
430 2053 551 2101 haec
596 2055 650 2102 in
696 2053 874 2116 quibus
923 2054 1211 2102 enitesceret
1256 2051 1414 2100 virtus
1460 2053 1629 2113 potius
1678 2067 1825 2113 quam

74 2144 118 2177 25
141 2127 372 2175 ludorum
418 2127 640 2190 turpium
690 2129 1003 2190 corruptione
1044 2127 1356 2176 sordesceret.
1433 2142 1531 2174 non
1571 2125 1826 2172 edicuntur

142 2201 303 2262 mimi,
352 2202 438 2263 qui
477 2202 594 2250 solis
633 2202 908 2250 inhonestis
948 2203 998 2249 et
1036 2200 1275 2249 adulteris
1313 2201 1532 2261 placent3
1587 2215 1675 2261 per
1714 2198 1824 2247 illos

143 2276 274 2323 enim
342 2275 550 2324 discitur
616 2275 1031 2339 quemadmodum
1098 2274 1293 2321 inlicita
1362 2273 1485 2321 fiant
1546 2274 1633 2320 aut
1693 2273 1826 2319 facta

83 2353 86 2355 ’
141 2351 422 2398 noscantur.
499 2365 598 2398 non
652 2349 914 2398 edicuntur
966 2349 1255 2397 saltationes
1309 2347 1489 2407 fluxae,
1543 2347 1593 2392 in
1648 2345 1824 2408 quibus

39 2459 53 2500 'r
143 2423 354 2472 saltator
398 2423 484 2471 ille
533 2426 607 2472 est
653 2424 828 2473 melior
875 2423 963 2486 qui
1009 2421 1315 2484 perditorum
1362 2420 1543 2468 iudicio
1586 2419 1823 2467 membro·

40 2514 46 2546 2·
73 2513 120 2547 3ο
142 2513 253 2545 rum
291 2497 515 2546 virilium
552 2497 703 2546 robur
738 2499 792 2545 in
831 2497 1129 2546 solutionem
1167 2497 1433 2543 femineam
1464 2494 1687 2551 verterit3
1727 2508 1824 2540 non

265 2670 287 2710 1
322 2667 365 2711 ei
394 2667 480 2711 LR
510 2669 648 2712 etiam
677 2667 786 2712 edF.
816 2668 823 2726 Ι
858 2667 983 2713 uideo
1013 2666 1101 2710 LR
1131 2670 1182 2710 ut
1213 2666 1294 2710 deo
1323 2679 1348 2709 1·
1378 2664 1450 2709 ed.
1586 2666 1612 2706 8
1643 2662 1825 2705 animus

143 2725 270 2770 uiuis
300 2725 387 2770 LR
417 2741 462 2772 a.
485 2729 598 2772 civis
626 2741 712 2772 nos
745 2726 802 2770 cf.
831 2731 914 2771 757
947 2726 1097 2770 animi
1126 2726 1272 2770 virtus
1303 2724 1374 2768 ed.
1487 2726 1538 2765 11
1573 2720 1825 2765 adhibeatis

145 2796 233 2829 om.
265 2785 476 2831 adhibere
507 2788 618 2830 ante
650 2786 753 2831 deos
783 2783 1000 2844 interpol.
1026 2783 1097 2828 ed.
1236 2787 1291 2828 14
1322 2781 1468 2827 edixit
1495 2779 1581 2824 LR
1610 2784 1650 2824 et
1682 2778 1825 2823 edixit

141 2842 216 2888 ed.
326 2849 380 2888 16
411 2859 494 2890 nee
521 2845 609 2889 LR
638 2858 733 2890 non
765 2845 835 2889 ed.
865 2848 871 2901 Ι
910 2844 1119 2889 diutinae
1147 2841 1236 2886 LR.
1266 2841 1449 2887 divinae
1479 2838 1551 2884 ed.
1660 2842 1712 2881 18
1742 2837 1824 2880 ha-

127 2903 250 2961 ·bebo
274 2902 359 2947 ΕΒ,
381 2905 591 2950 exhibebo
615 2904 687 2949 ed.
780 2909 836 2948 21
867 2905 944 2949 cui
967 2902 1053 2946 LR
1076 2914 1276 2959 pro-quo
1300 2900 1372 2943 ed.
1463 2901 1519 2942 28
1549 2897 1827 2942 saluatione-«t

144 2960 230 3005 ΕΒ.
262 2975 379 3008 corr.
400 2977 424 3006 r
455 2962 526 3007 ed.
619 2966 676 3007 29
708 2963 882 3008 indicio
913 2962 984 3007 ed.
1077 2964 1134 3004 30
1164 2960 1414 3018 solitionem
1445 2955 1530 3000 LR
1559 2954 1827 3001 solutionem

142 3033 260 3065 corr.
283 3020 319 3064 L
342 3021 386 3066 11
408 3035 532 3067 man.
563 3023 851 3068 saltationem
883 3021 954 3066 ed.
983 3023 989 3075 Ι
1021 3019 1263 3075 femineam
1293 3031 1382 3062 om.
1406 3015 1479 3061 ed.

232 3101 329 3138 Don.
352 3105 510 3144 interpr.
526 3104 641 3146 Ἶσις.
676 3104 752 3137 vol.
775 3103 807 3137 1.
1415 3092 1471 3133 28

1857 1252 1914 1289 ⁴35
