2014 3226
194 135 423 178 XXXVIII
862 129 1201 173 PRAEFATIO

191 291 304 322 usus
354 274 564 331 duobus,
612 280 667 318 ut
711 271 780 317 ait
821 271 926 330 ipse
968 269 1029 315 ad
1077 270 1125 328 4,
1160 269 1288 327 385,
1338 283 1394 314 ex
1441 266 1618 328 quibus
1667 267 1885 315 alterum

190 348 478 405 Politianus7
518 350 572 392 ut
612 360 759 405 supra
798 343 1192 402 memoravimus,
1233 340 1608 404 „grandioribus
1647 343 1884 390 notatum

189 421 395 469 vetustis
440 415 834 467 characteribus“
872 415 1039 463 tradit.
1110 416 1232 462 haec
1273 415 1487 475 epitome
1525 415 1576 460 in
1617 418 1877 475 sequentes

189 495 425 542 editiones
467 493 716 555 migravit⁷
755 492 971 552 primum
1010 492 1060 536 in
1101 489 1391 535 Veneticam
1436 488 1599 547 1489,
1648 488 1883 550 deinceps.

188 571 237 614 in
289 569 434 626 alias,
485 582 603 627 quas
653 565 962 611 enumeratas
1000 564 1223 610 invenias
1263 563 1314 608 in
1356 562 1556 610 elencho
1596 560 1885 623 Heyniano,

189 642 247 688 cf.
290 658 331 687 v.
366 642 408 686 d.
443 640 643 687 Hoeven
684 653 728 699 p.
767 640 830 685 21
860 653 966 698 sqq.
1014 663 1072 668 —
1118 635 1258 682 Pleni
1306 635 1493 682 Donati
1541 635 1692 682 editio
1739 636 1873 696 prin-

188 732 298 775 ceps
346 716 584 775 impressa
632 716 704 759 est
743 711 956 772 Neapoli
1002 710 1093 758 hoc
1141 710 1313 757 titulo:
1370 708 1586 771 „Donati
1630 710 1684 755 in
1722 708 1882 758 libros.

188 788 442 835 duodecim
505 785 747 833 Aeneidos
812 801 936 846 quae
1000 787 1146 831 antea
1209 782 1583 831 desiderabatur
1645 782 1876 831 absoluta

186 859 574 922 interpretatio“.
654 862 766 921 post
812 859 990 905 ultima
1037 857 1185 905 verba
1233 859 1313 919 „in
1359 856 1481 904 hac“
1529 856 1753 903 additum
1801 860 1875 904 est

187 934 494 994 „huiusmodi
541 934 652 980 finis
701 935 838 980 extat
875 934 927 978 in
968 932 1250 993 archetypo.
1327 932 1623 992 impressum
1660 930 1880 992 Neapolis

187 1025 275 1070 per
308 1008 540 1055 Ioannem
575 1006 919 1054 Sulzbachium
953 1009 1002 1053 et
1032 1005 1300 1052 Matthiam
1335 1003 1521 1052 Cancer
1553 1006 1731 1065 quarto
1763 1003 1876 1052 idus

187 1082 487 1128 Novembres
543 1097 671 1129 anno
728 1080 914 1127 domini
967 1077 1302 1126 MDXXXV“.
1386 1079 1711 1141 praefationis
1765 1078 1881 1126 loco

189 1155 312 1202 duae
353 1155 591 1216 epistolae
630 1154 929 1216 praemissae
970 1156 1100 1214 sunt,
1134 1153 1282 1200 Pauli
1321 1152 1485 1200 Flavii
1524 1152 1586 1199 ad
1625 1151 1874 1200 Aloisium

188 1229 245 1274 de
287 1228 483 1289 Toledo‚
526 1228 769 1289 Scipionis
811 1227 1016 1288 Capyeii
1055 1227 1117 1274 ad
1160 1219 1564 1292 Garcilassum.¹)
1641 1227 1683 1274 is
1728 1226 1881 1286 enim,

187 1302 404 1350 Aloisius
446 1302 503 1349 de
538 1302 720 1350 Toledo
755 1302 856 1348 sive
892 1300 1212 1361 Garcilassus,
1243 1301 1418 1348 vicarii
1451 1300 1701 1362 quondam
1731 1301 1874 1362 regni

186 1376 505 1437 Neapolitani
545 1376 690 1434 filius,
730 1374 1011 1422 adolescens
1050 1375 1334 1422 litterarum
1375 1374 1640 1434 studiosus,
1678 1375 1736 1420 ut
1774 1373 1873 1422 Do-

188 1450 291 1495 nati
341 1450 679 1496 commentarii
726 1449 985 1496 ederentur
1029 1448 1243 1510 petierat
1289 1465 1318 1496 a
1366 1448 1594 1510 Scipione
1642 1446 1879 1509 Capycio,

189 1525 355 1583 „cuius
394 1524 444 1571 in
483 1540 657 1571 manus
699 1539 755 1568 ex
787 1523 1002 1570 Pontani
1039 1522 1340 1570 bibliotheca
1380 1520 1724 1570 devenerant“.
1787 1521 1873 1569 sed

187 1595 451 1658 Capycius,
498 1613 639 1658 „cum
681 1605 807 1644 esset
845 1597 897 1644 in
935 1597 1041 1644 iure
1081 1596 1216 1645 civili
1255 1596 1630 1659 interpretando
1669 1610 1873 1658 magno-

186 1686 299 1731 pere
354 1673 640 1732 occupatus,
700 1671 826 1718 hanc
879 1671 1188 1732 provinciam
1241 1670 1399 1718 Paulo
1453 1670 1629 1718 Flavio
1691 1668 1874 1716 dedit“.

187 1743 358 1791 Flavio
405 1744 559 1808 igitur
605 1747 807 1792 curante
855 1743 1143 1805 „volumen“
1192 1760 1222 1792 a
1268 1743 1485 1807 Capycio
1533 1744 1579 1792 ei
1631 1742 1872 1791 traditum

185 1819 479 1878 impressum
513 1821 587 1865 est
618 1820 668 1865 et
699 1818 867 1878 „brevi
899 1818 1127 1868 absoluta
1159 1818 1419 1880 impressio
1451 1833 1598 1879 opere
1628 1818 1682 1864 in
1711 1817 1877 1864 multa

186 1890 438 1939 volumina
493 1890 747 1954 escripto“.
835 1893 1183 1954 interpretatio
1238 1891 1427 1940 Donati
1479 1892 1533 1938 in
1589 1891 1679 1939 illo
1732 1890 1871 1938 volu-

187 1965 332 2023 mine,
363 1968 420 2012 ut
458 1966 530 2013 ait
560 1965 777 2025 Flavius,
817 1965 1040 2030 „integra
1080 1965 1283 2014 extabat
1321 1968 1372 2014 et
1411 1963 1684 2014 absoluta“.
1749 1964 1877 2012 haec

188 2053 243 2084 ex
284 2038 504 2099 epistolis
535 2039 908 2087 transcribenda
938 2041 1130 2102 putavi,
1161 2042 1217 2087 ut
1247 2039 1465 2088 codicem
1497 2055 1555 2086 ex
1586 2054 1685 2100 quo
1719 2038 1877 2086 editio

186 2112 412 2173 princeps
461 2113 683 2160 confecta
731 2114 806 2160 est
849 2113 1283 2175 interpretationes
1331 2116 1534 2162 cunctas
1580 2128 1679 2160 uno
1734 2112 1870 2159 volu—

186 2184 316 2231 mine
365 2186 661 2234 continuisse
710 2189 914 2248 pateret.
992 2203 1091 2235 non
1141 2189 1307 2249 potest
1353 2202 1469 2251 ergo
1516 2189 1606 2234 aut
1650 2186 1870 2234 Lauren-

186 2257 352 2305 tianus
384 2262 471 2306 aut
494 2259 769 2307 Vaticanus
806 2260 971 2322 fuisse,
1005 2255 1094 2322 qui
1127 2263 1383 2323 praeterea
1421 2262 1528 2308 tum
1558 2259 1693 2308 haud
1724 2259 1874 2307 dubie

187 2330 399 2392 Neapoli
437 2347 535 2380 non
573 2333 786 2382 fuerunt.
854 2334 1005 2396 idque
1043 2335 1314 2383 innumeris
1355 2334 1584 2383 editionis
1624 2332 1875 2382 erroribus

187 2403 506 2453 confirmatur
551 2422 759 2469 quorum
797 2407 849 2454 in
887 2407 927 2455 L
967 2408 1047 2456 vel
1083 2407 1130 2455 V
1167 2408 1307 2456 nulla
1345 2409 1536 2456 occasio
1577 2410 1672 2470 est,
1717 2407 1871 2468 velut,

188 2492 296 2525 cum
342 2480 387 2538 1,
415 2480 517 2526 135
558 2480 610 2527 in
641 2478 682 2527 L
722 2480 802 2542 „id
841 2479 944 2529 est“
982 2481 1127 2544 plene
1165 2482 1405 2544 scriptum
1444 2482 1525 2543 sit,
1562 2481 1615 2528 in
1653 2480 1869 2529 editione

187 2551 312 2599 falso
352 2551 541 2612 „idem“
581 2555 630 2600 et
675 2569 817 2602 versa
861 2555 967 2603 vice
1012 2557 1065 2602 in
1103 2555 1150 2602 V
1189 2553 1394 2616 „idem“‚
1440 2555 1492 2602 in
1531 2554 1749 2604 editione
1788 2554 1871 2616 „id

188 2623 291 2672 est“
344 2627 388 2687 7,
422 2626 545 2687 691,
591 2631 799 2689 apparet
847 2628 899 2675 in
953 2628 1058 2676 eius
1111 2629 1380 2692 archetypo
1434 2627 1573 2693 „ide‘“
1628 2627 1869 2690 scriptum

307 2750 349 2816 3)
382 2737 507 2818 quod
531 2748 740 2807 Heynius
771 2743 1000 2797 memorat
1031 2753 1303 2810 „utriusque
1333 2754 1651 2810 praefationes
1682 2753 1731 2796 in
1755 2753 1867 2796 Leo-

186 2807 321 2851 nai-<h
354 2807 599 2853 Nicodemi
637 2810 884 2856 addizione
923 2811 1020 2855 alla
1058 2811 1314 2858 biblioteca
1344 2811 1388 2856 N
1390 2812 1642 2870 apoletana
1673 2812 1776 2869 (sic)
1806 2811 1879 2855 da:

188 2864 382 2910 Nicolao
413 2866 593 2925 Toppi“
625 2871 804 2923 extare,
844 2870 893 2913 in
925 2869 1213 2915 bibliotheca
1243 2871 1513 2916 Monacensi
1551 2884 1658 2915 eum
1695 2869 1867 2914 librum

186 2925 392 2981 repperi:
426 2929 534 2970 sunt
563 2925 703 2984 plane
735 2928 927 2973 eaedem
958 2929 1200 2986 epistolae,
1230 2930 1352 2974 nihil
1382 2930 1600 2988 amplius.
