2014 3226
38 1681 44 1686 ’
136 1699 221 1739 ’140
239 1696 344 1744 eius
391 1699 730 1746 transmittere
777 1714 876 1745 non
923 1700 1146 1759 possent,
1200 1697 1421 1759 perfudit
1468 1697 1620 1745 etiam
1667 1712 1731 1744 se.
1799 1700 1916 1758 post
1937 1713 1982 1747 κο

234 158 337 208 142
695 118 926 198 DONATI
958 152 1237 196 INTERPR.
1271 152 1448 196 VERG.

143 302 226 342 735
245 298 373 344 bona
421 312 568 357 quam
615 310 724 341 cum
765 293 910 340 solito
952 293 1064 340 odio
1104 293 1375 341 interesset.
1456 295 1497 340 ct
1535 306 1617 340 vos
1657 306 1682 339 o
1723 296 1917 350 coebum,

233 372 391 430 Tyrii,
439 371 664 416 celebrate
709 368 949 426 faventes:
1012 382 1072 413 ne
1121 369 1248 415 esset
1294 366 1463 428 aliqua
1510 366 1786 414 incolarum
1834 365 1917 414 ad—

229 460 396 491 versus
451 442 735 505 peregrinos
792 441 1083 501 aemulati03
1140 440 1270 502 quod
1324 442 1490 502 ipsum
1544 441 1663 502 quia
1712 444 1920 489 noverat

231 533 374 578 saepe
406 516 526 576 fieri,
557 518 686 563 inter
724 516 859 575 ipsas
893 529 1141 562 sacrorum
1173 514 1439 577 religiones
1471 514 1740 562 interdixit.
1798 515 1920 562 dimit

231 596 270 638 et
312 594 361 638 in
400 604 615 637 mensam
654 590 851 637 laticum
891 589 1062 636 libavit
1097 589 1350 645 honorcm;
1402 589 1455 634 in
1495 588 1737 636 conviviis
1786 589 1919 636 enim
1965 606 1982 638 5

231 681 339 711 cum
394 662 675 711 huiusmodi
729 662 1105 710 honorificentia
1152 661 1439 709 numinibus
1495 661 1774 724 exhibetur,
1826 677 1917 723 pro

230 754 311 784 ara
354 753 524 784 mensa
563 735 794 784 succedit.
862 738 1125 796 primaque
1163 737 1310 784 libato
1350 749 1536 783 summo
1576 739 1716 783 tenus
1762 737 1920 797 attiyit

228 827 329 859 ore:
368 812 530 872 prima
568 812 846 872 propterea,
884 810 964 857 vel
1005 812 1124 871 quia
1162 810 1271 871 ipsa
1310 808 1504 856 libabat
1542 809 1623 857 vel
1658 810 1776 870 quia
1807 809 1918 872 ipsa

227 886 392 947 potior
441 884 666 932 omnibus
705 884 803 931 fuit
842 887 1014 945 utpote
1054 886 1238 947 regina.
1318 899 1508 931 summo
1554 886 1698 931 tenus
1745 883 1919 946 attigit

228 975 332 1006 ore:
370 959 428 1005 ut
456 958 712 1020 religionis
745 958 911 1021 potius
944 973 1098 1019 quam
1126 957 1233 1005 vini
1271 956 1503 1019 cupidam
1542 957 1916 1019 demonstraret,
1942 976 1960 1007 1

228 1033 429 1079 summis
475 1032 629 1079 labris
668 1032 838 1095 tetigit
875 1032 1121 1094 poculum.
1199 1036 1301 1079 tum
1340 1031 1505 1079 Bitiae
1543 1032 1675 1080 dedit
1709 1033 1916 1091 increpi-

226 1110 358 1153 iares:
396 1106 476 1153 hic
517 1106 575 1153 de
615 1105 892 1167 potioribus
932 1105 1045 1166 fuit,
1086 1105 1297 1167 denique
1336 1105 1388 1152 in
1429 1104 1747 1167 sequentibus
1790 1105 1918 1152 dixit

225 1183 338 1241 post
378 1180 466 1226 alii
502 1195 744 1242 proceres,
783 1182 840 1227 ut
880 1179 1159 1228 ostenderet
1199 1180 1350 1227 etiam
1390 1179 1563 1228 Bitian
1610 1179 1670 1227 de
1707 1195 1915 1227 numero

225 1255 375 1301 fuisse
421 1255 681 1301 maiorum.
760 1254 1086 1315 increpitans:
1139 1254 1274 1301 clara
1319 1268 1438 1301 voce
1486 1253 1765 1302 exhortans.
1842 1253 1915 1300 id-

226 1330 353 1375 circo
402 1330 569 1375 autem
623 1327 754 1375 hunc
810 1328 960 1390 elegit
1014 1329 1093 1375 cui
1148 1329 1424 1391 porrigeret
1477 1330 1726 1389 pateram,
1782 1326 1916 1389 quod
1941 1344 1983 1378 15

226 1403 373 1449 sciret
421 1418 529 1448 eum
570 1403 676 1449 vini
717 1417 819 1449 esse
861 1404 1156 1463 amatorem,
1204 1401 1335 1463 quod
1373 1403 1539 1464 ipsum
1577 1401 1819 1463 probatur
1857 1416 1915 1448 ex

225 1491 280 1522 eo
321 1475 453 1536 quod
494 1477 730 1537 sequitur.
812 1475 889 1523 e‘llc
927 1477 1118 1536 inpiyer
1155 1476 1320 1523 hausit
1357 1480 1663 1536 spumantem
1685 1479 1916 1535 pateram

226 1553 266 1596 et
295 1550 443 1609 pleno
482 1564 531 1597 sc
560 1550 751 1610 proluit
789 1564 936 1597 auro:
976 1551 1027 1597 et
1064 1550 1306 1611 pateram,
1337 1548 1516 1611 inquit,
1547 1564 1757 1598 vacuam
1794 1549 1916 1597 fecit

225 1626 287 1684 et,
321 1638 431 1670 cum
464 1622 605 1671 avide
637 1622 830 1671 biberet
862 1626 911 1671 et
940 1626 1138 1671 tantum
1170 1622 1454 1671 infunderet
1479 1625 1723 1685 quantum
1746 1623 1914 1671 fau-ces

226 1771 314 1818 alii
342 1785 592 1830 proceres:
630 1771 942 1834 intellegitur
979 1773 1103 1819 ritui
1144 1771 1364 1819 obsecuti
1403 1773 1532 1819 sunt.
1593 1773 1708 1834 post
1740 1772 1915 1819 exacta

224 1844 464 1905 convivia,
488 1848 602 1907 post
632 1845 842 1894 honores
876 1845 1071 1894 divinos
1096 1846 1332 1908 expletos,
1354 1847 1470 1908 post
1494 1845 1914 1894 consecrationem

223 1918 488 1980 foederum,
526 1920 641 1980 post
672 1935 963 1967 consensum
993 1919 1245 1982 potiorum
1275 1919 1368 1968 hoc
1401 1922 1475 1967 est
1505 1919 1671 1967 Bitiae
1705 1921 1755 1967 et
1785 1921 1912 1968 cete-

223 2008 389 2040 rorum
428 1991 708 2054 principum
746 1994 1001 2041 inducitur
1037 1993 1270 2042 ludorum
1310 1993 1591 2056 descriptio.
1660 1993 1741 2041 hic
1781 1994 1912 2040 enim

222 2065 419 2128 regibus
458 2066 538 2114 vel
576 2069 797 2128 personis
836 2067 1112 2130 potioribus
1151 2082 1257 2116 mos
1299 2069 1393 2128 est,
1439 2069 1499 2115 ut
1535 2068 1751 2129 peractis
1798 2083 1910 2116 con·
1935 2083 1978 2118 25

223 2140 368 2187 viviis
409 2139 731 2188 exhibeantur
770 2142 1054 2203 voluptates
1096 2157 1222 2204 quae
1263 2140 1325 2189 ad
1363 2141 1728 2204 producendam
1767 2144 1910 2203 pota-

222 2214 410 2260 tionem
448 2213 669 2262 homines
709 2217 925 2263 teneant.
985 2215 1070 2264 sed
1103 2216 1266 2278 qualis
1298 2214 1441 2264 ludos
1471 2214 1706 2263 habuerit
1736 2216 1910 2278 regina

221 2285 498 2335 videamus:
559 2288 685 2335 nihil
739 2287 889 2337 fiebat
951 2293 1096 2351 turpe
1158 2305 1247 2337 nec
1309 2288 1568 2337 dicebatur
1628 2287 1910 2351 obscenum,

221 2360 430 2417 cithara,
484 2362 671 2423 inquit,
725 2364 927 2411 crinitus
972 2364 1126 2424 Iopas
1163 2367 1400 2424 personat
1443 2366 1638 2411 aurata.
1716 2361 1910 2412 constat

221 2434 440 2482 citharae
479 2436 638 2482 artem
675 2437 807 2484 inter
843 2436 1077 2485 honestas
1115 2437 1444 2500 professiones
1476 2438 1740 2500 numerari,
1773 2436 1907 2485 deni·
1930 2453 1995 2488 zo·

222 2523 315 2569 que
354 2523 443 2569 per
479 2508 608 2556 hanc
639 2508 862 2571 Orpheus
894 2511 1164 2572 plurimum
1193 2512 1374 2574 potuit,
1404 2512 1533 2559 hanc
1565 2512 1717 2559 etiam
1747 2510 1908 2572 philo-

221 2581 363 2643 sophi
400 2582 575 2643 procul
613 2582 763 2631 dubio
802 2600 977 2647 graves
1017 2587 1066 2632 et
1103 2585 1371 2647 prudentes
1410 2585 1755 2650 amant„hanc
1795 2584 1907 2632 dili·

341 2728 362 2766 1
397 2737 450 2780 q>
477 2724 719 2779 (superscr.
746 2726 794 2780 u)
819 2723 854 2766 L
886 2739 925 2781 q·
951 2724 992 2768 R
1023 2739 1160 2781 quam
1182 2740 1206 2769 r
1238 2739 1322 2769 nos
1346 2739 1435 2769 om.
1455 2725 1526 2770 ed.
1564 2728 1569 2782 1
1603 2725 1749 2770 soluto
1773 2724 1844 2768 ed.

221 2786 247 2825 5
279 2795 433 2827 mensa
463 2781 536 2827 ed.
665 2786 690 2827 9
722 2783 907 2841 reqinae
936 2783 1023 2827 LR
1052 2785 1214 2843 reyina
1243 2783 1279 2827 L
1310 2784 1411 2842 ipse
1441 2799 1475 2828 r.
1607 2789 1662 2828 15
1693 2784 1822 2842 eliqit
1849 2783 1906 2830 R.
1987 2812 1988 2815 =

311 2845 365 2885 17
397 2854 447 2886 eo
477 2842 559 2897 qui
586 2839 675 2885 LR
713 2855 763 2887 co
794 2843 915 2898 quod
943 2842 979 2886 L
1002 2841 1046 2886 H
1066 2857 1190 2888 man.
1221 2858 1257 2888 r.
1411 2847 1479 2888 18⁷
1506 2849 1548 2888 et
1578 2847 1788 2900 pateram
1819 2842 1906 2886 LR
1973 2886 1982 2895 ,

219 2912 320 2944 cum
350 2899 572 2957 interpos.
598 2899 669 2945 ed.
808 2899 864 2945 29
894 2901 1048 2958 inquit
1077 2916 1164 2946 om.
1192 2902 1262 2946 ed.
1401 2905 1458 2947 30
1490 2903 1694 2960 cytherea
1725 2901 1811 2945 LR
1841 2903 1903 2947 ci—

218 2958 377 3004 tharae
406 2973 430 3003 1·
461 2958 532 3004 ed.
657 2963 707 3003 31
744 2960 890 3005 tenuit
918 2958 962 3004 R
985 2962 1140 3018 potuit
1168 2975 1192 3005 r
1215 2983 1270 3000 =
1295 2961 1344 3005 L.
