2014 3226
801 155 1105 199 AENEIDOS
1137 156 1156 198 I
1755 153 1823 209 41

125 300 344 358 primum
382 297 507 344 silici
547 296 807 344 scintillam
849 298 1038 345 excudit
1066 296 1276 345 Achates
1315 299 1613 356 succepitque
1655 299 1809 357 iynem
1833 304 1914 343 175

132 373 263 430 foliis
310 373 451 430 atque
498 366 646 418 arida
699 372 882 419 cIrcum
934 373 1231 418 metrimenta
1288 371 1416 418 dedit
1470 373 1728 431 rapuitque
1773 374 1828 419 in

131 447 294 505 fomite
331 447 597 503 flammam.
676 448 777 491 tum
821 444 1038 492 Cererem
1078 448 1355 504 corruptam
1393 446 1542 493 ‘condis
1585 445 1826 493 Cerealia-

133 533 222 579 que
261 534 404 566 arma
443 520 703 579 empediuwt
739 520 859 577 sessi
898 534 1063 566 ‘rerum
1100 520 1359 579 fruyesque
1398 522 1611 578 receptas
1653 523 1695 567 et
1733 522 1826 567 tor-

89 610 108 642 5
132 607 238 640 rere
280 597 472 652 parant
524 595 737 650 flammis
787 596 829 640 et
873 594 1103 653 franqere
1148 607 1292 640 saxo:
1353 592 1592 654 Achates,
1646 595 1827 654 inquit,

131 666 432 730 procurabat
477 667 668 730 ignem,
714 670 771 713 ut
812 670 1102 728 corruptum
1141 667 1370 715 fluctibus
1411 670 1460 715 et
1499 683 1630 729 aqua
1669 668 1827 715 madi·

132 741 249 788 dum
287 741 595 788 frumentum
635 742 811 788 siccari
850 743 900 788 et
939 742 1106 804 frangi
1140 744 1320 802 posset.
1385 742 1464 788 hic
1498 743 1666 789 errant
1697 742 1827 790 male

130 816 515 876 interpretantes
579 817 630 862 et
690 814 992 876 disputando
1053 816 1265 877 pessime
1328 831 1473 863 suum
1532 815 1828 863 confitentur

131 903 347 937 errorem
386 888 592 936 dicendo
632 891 1006 950 praeposteram
1047 889 1411 937 ordinationem
1449 891 1673 951 posuisse
1706 890 1827 938 Ver-

66 981 107 1013 10
131 963 323 1025 gilium,
363 978 474 1010 cum
513 964 652 1024 prius
685 965 752 1010 sit
782 964 1011 1027 frangere
1044 972 1160 1011 saxo
1193 963 1286 1011 1100
1319 966 1392 1011 est
1423 964 1620 1024 molere,
1652 967 1827 1025 postea

130 1052 246 1085 vero
287 1039 474 1085 torrere
514 1037 727 1084 flammis
770 1039 912 1098 quasi
954 1054 1131 1099 panem
1172 1053 1394 1099 coquere.
1459 1037 1543 1085 sed
1584 1053 1695 1085 cum
1725 1041 1826 1086 tor-

129 1127 235 1159 rere
277 1113 469 1158 constet
507 1110 688 1160 dixisse
730 1111 1023 1174 Vergilium,
1063 1127 1162 1159 non
1202 1127 1425 1173 coquere,
1466 1113 1636 1173 procul
1676 1112 1825 1160 dubio

37 1208 43 1214 ·
129 1188 261 1233 recte
301 1187 470 1248 posuit
507 1188 695 1234 torrere
727 1187 866 1248 prius
899 1188 949 1232 et
981 1187 1050 1234 sic
1082 1187 1331 1249 frangere3
1371 1186 1665 1234 meminerat
1696 1188 1827 1234 enim

130 1274 180 1307 se
221 1259 280 1307 de
320 1260 576 1323 naufragis
616 1259 758 1322 loqui
790 1263 838 1307 et
870 1259 1051 1308 dixisse
1084 1262 1309 1322 superius
1346 1276 1543 1321 „omnes
1576 1261 1828 1322 accipiunt

61 1350 105 1383 15
128 1334 387 1381 inimicum
418 1334 627 1381 imbrem
657 1331 895 1396 rimisque
927 1332 1213 1394 fatiscunt“,
1237 1335 1539 1396 perindeque
1571 1335 1828 1382 madidum

129 1407 358 1456 habuisse
404 1409 731 1469 frumentum,
787 1408 918 1470 quod
969 1408 1067 1456 nisi
1113 1410 1221 1472 igni
1266 1411 1460 1457 mature
1507 1408 1683 1456 siccari
1726 1424 1827 1456 non

129 1484 298 1543 posset
336 1498 426 1530 nec
462 1484 632 1544 posset
669 1482 923 1530 madidum
963 1483 1097 1530 moli.
1160 1485 1292 1531 recte
1333 1499 1448 1546 ergo
1490 1483 1615 1530 dixit
1645 1485 1827 1545 parant

129 1558 266 1618 prius
313 1558 523 1618 torrere,
570 1558 630 1604 ut
675 1559 844 1619 posse-t
890 1572 1007 1604 saxo
1048 1557 1306 1620 confringi.
1385 1557 1648 1618 descripsit
1688 1560 1826 1605 actus

132 1631 364 1678 aliorum:
419 1630 675 1678 videamus
724 1646 846 1692 quos
884 1630 1078 1679 Aeneas
1122 1631 1356 1679 habuerit
1395 1634 1444 1678 et
1485 1647 1596 1679 cum
1637 1635 1827 1693 quanta

64 1720 107 1753 20
130 1705 235 1752 eius
282 1704 428 1752 laude
477 1704 832 1752 describantur.
910 1706 1004 1753 iste
1052 1706 1182 1753 enim
1231 1707 1320 1752 aut
1359 1706 1492 1752 solus
1531 1722 1631 1754 non
1671 1705 1826 1753 sensit

129 1779 230 1827 vim
277 1779 445 1842 pelagi
493 1781 581 1826 aut
627 1780 760 1827 solus
807 1779 867 1826 de
914 1779 1180 1827 refectione
1228 1781 1423 1828 animae
1472 1783 1560 1827 aut
1606 1781 1826 1842 corporis

129 1869 228 1900 non
261 1853 518 1915 cogitavit,
550 1853 672 1914 quin
703 1854 871 1915 potius
904 1854 1060 1901 alium
1101 1869 1298 1915 quoque
1338 1853 1557 1901 laborem
1600 1854 1825 1916 arripuit.

128 1926 519 1990 intellegendum
573 1927 666 1976 11οο
718 1928 827 1975 1000
884 1927 1204 1976 altitudinem
1266 1929 1581 1990 scopulorum
1641 1927 1826 1976 idcirco

123 2016 234 2048 -esse
273 2003 327 2048 in
366 2001 463 2049 loci
502 2001 834 2064 descriptione
873 2004 1196 2065 propositam,
1228 2004 1285 2049 ut
1322 2018 1422 2050 non
1460 2004 1660 2049 tantum
1699 2005 1828 2051 esset

59 2089 107 2122 25
129 2076 290 2122 maior
327 2077 617 2138 prospectus
659 2092 716 2124 ex
756 2091 950 2124 summo
989 2092 1162 2125 verum
1202 2078 1354 2124 etiam
1393 2078 1450 2124 ut
1480 2075 1678 2124 Aeneae
1717 2077 1826 2124 lau-

131 2148 322 2196 dationi
371 2149 583 2198 altitudo
607 2143 609 2145 *
629 2151 741 2212 ipsa
786 2150 1068 2212 proficeret,
1115 2152 1255 2198 cuius
1292 2151 1453 2199 virtus
1493 2152 1543 2198 et
1582 2151 1738 2198 animi
1777 2152 1827 2197 et

39 2229 44 2238 '
76 2217 78 2219 ’
132 2225 351 2285 corporis
398 2226 544 2271 tanta
591 2223 779 2284 extitit,
833 2226 892 2272 ut
937 2224 1081 2274 lassis
1128 2225 1355 2272 omnibus
1403 2227 1454 2272 et
1499 2224 1559 2272 de
1607 2224 1717 2272 cibo
1769 2239 1826 2272 ac

42 2295 46 2313 ⁵
130 2298 300 2359 requie
341 2297 676 2362 cogitantibus
716 2299 850 2347 solus
889 2314 989 2346 non
1028 2299 1215 2362 fugerit
1252 2298 1475 2346 laborem
1514 2300 1564 2346 et
1607 2298 1825 2347 difficilis

132 2385 361 2419 ascensus
407 2374 458 2419 et
503 2371 724 2434 prolixos
772 2372 1033 2436 adgressus
1080 2374 1158 2421 sit.
1239 2372 1452 2435 arripuit
1497 2388 1613 2436 ergo
1655 2373 1826 2420 altitu-

33 2440 108 2494 '1⁸0
131 2444 296 2493 dinem
343 2445 532 2508 scopuli
579 2462 739 2508 neque
786 2447 849 2494 ab
897 2446 1191 2495 ascendendi
1229 2447 1398 2496 labore
1436 2449 1697 2494 revocatus
1738 2449 1826 2507 est,

128 2517 395 2572 ,dummodo
434 2520 571 2568 locus
610 2521 698 2568 ille
737 2536 794 2568 ex
835 2536 1025 2568 summo
1065 2522 1223 2569 socios
1262 2521 1474 2569 forsitan
1512 2522 1565 2568 in
1605 2520 1826 2569 subiecta

130 2591 395 2640 latitudine
433 2594 602 2657 pelagi
640 2594 1002 2643 demonstraret
1040 2596 1265 2644 errantis.
1529 2607 1531 2610 ⁴

29 2601 58 2873 sairam-uxta*
32 2551 50 2578 ι
34 2526 37 2530 ·

129 2757 133 2762 ·
156 2764 160 2765 ⁷
253 2737 276 2775 1
301 2735 446 2778 silicis
468 2733 541 2779 ed.
571 2736 578 2791 Ι
601 2729 775 2780 excutit
790 2735 888 2778 LR.
955 2740 1008 2779 13
1033 2737 1100 2780 sic
1116 2735 1202 2779 LR
1218 2735 1412 2792 posted.
1479 2740 1534 2779 14
1558 2734 1826 2792 naufrayiis

128 2790 230 2833 -eds
302 2796 356 2836 16
389 2794 492 2850 iyne
523 2793 596 2838 ed.
697 2797 754 2838 20
785 2796 909 2839 solus
940 2800 1022 2839 aut
1053 2795 1124 2839 ed.
1227 2800 1283 2840 25
1308 2799 1574 2852 prospectus
1603 2793 1691 2837 LR
1715 2806 1823 2850 pro—

131 2850 275 2902 fectus
304 2851 377 2895 ed.
500 2857 555 2896 27
589 2867 644 2897 ac
673 2852 761 2896 LR
791 2859 833 2898 et
864 2853 934 2897 ed.
1055 2857 1112 2898 28
1142 2855 1314 2913 fuyiret
1343 2853 1430 2897 LR
1460 2855 1652 2910 (fugeret
1681 2865 1825 2896 manu

134 2909 339 2954 secunda
375 2909 426 2954 in
456 2910 510 2969 L)
539 2913 717 2971 fugeret
746 2912 818 2956 ed,
852 2914 1024 2970 fuyen’t
1050 2926 1152 2958 nos,
1258 2917 1314 2957 29
1339 2914 1554 2969 proliaeor
1582 2911 1619 2955 L
1652 2913 1694 2968 (r
1725 2914 1773 2956 et
1801 2926 1825 2956 s

56 2983 58 2985 >
134 2980 274 3024 saepe
305 2969 558 3028 confusae).
1609 2991 1613 2995 ·
1693 2991 1723 3011 .;
