2014 3226
26 679 81 718 80

17 1932 71 1971 85

117 163 223 214 366
583 160 813 204 DONATI
843 160 1122 203 INTERPR.
1156 160 1335 205 VERG.

115 302 349 363 proficere
396 303 641 362 potuisset
689 300 916 361 quodque
964 301 1074 360 ipsa
1120 300 1328 347 ulterius
1376 304 1675 348 monstraret
1717 305 1807 350 aut

115 376 313 438 diceret,
353 377 517 436 ipsum
557 374 758 421 volebat
796 376 978 421 iterum
1017 389 1219 421 narrare
1266 374 1457 422 labores
1499 378 1646 435 atque
1685 375 1801 422 ulti—

114 466 219 498 mos
276 451 433 497 exitus
485 449 675 495 Troiae.
762 448 983 508 demens,
1037 447 1223 509 inquit,
1278 450 1452 508 utpote
1509 463 1634 509 quae
1690 452 1802 496 ante

114 524 371 585 paululum
425 524 630 569 narrata
684 523 865 568 iterum
920 521 1221 569 desideraret
1279 521 1464 569 audire.
1535 523 1803 582 pendetque

114 600 287 645 iterum
318 598 573 643 narrantis
605 596 664 642 ab
698 609 803 642 ore:
835 594 1044 657 optabat
1076 597 1207 641 enim
1235 595 1398 656 ipsum
1422 597 1603 642 iterum
1628 595 1804 644 audirev
1845 613 1865 646 5
1935 587 1943 636 ἶ

113 672 411 732 loquentem.
480 673 596 728 post
638 670 722 716 ubi
769 670 974 728 diyressi
1026 669 1279 728 lumenque
1333 669 1536 717 obscura
1588 671 1801 718 vicissim

114 747 233 791 'lema
262 746 446 804 premit
482 743 779 802 suadentque
818 744 1041 791 cadentia
1078 744 1243 790 sidera
1281 757 1487 799 somuOS,
1522 744 1627 790 sola
1662 744 1801 790 domo

111 822 291 866 maeret
322 832 481 865 vacua
511 818 770 875 stratisque
799 817 979 865 relictis
1009 818 1230 864 incubat:
1269 818 1534 864 transactis
1575 817 1800 864 omnibus

112 908 237 953 quae
280 891 468 938 ardoris
509 893 586 938 sui
626 906 776 938 causa
816 892 1030 938 amantis
1070 892 1237 952 potuit
1275 891 1523 938 industria
1568 892 1799 952 reperire,

111 969 337 1012 manente
377 968 545 1012 tamen
585 965 745 1012 adhuc
784 964 1069 1012 inveniendi
1109 965 1382 1026 cupiditate
1423 965 1690 1012 discessum
1726 967 1801 1013 est
1825 982 1868 1014 ιο

112 1040 173 1086 ad
207 1041 436 1100 quietem.
489 1042 807 1100 consumptus
841 1040 972 1085 enim
1004 1038 1168 1086 fuerat
1199 1038 1302 1086 dies
1335 1042 1383 1086 et
1414 1041 1573 1086 noctis
1603 1042 1798 1100 tempus

110 1113 375 1161 adveniens
424 1116 562 1160 actus
609 1112 819 1160 Didonis
868 1113 1135 1173 abruperat
1181 1128 1238 1160 ac
1285 1129 1382 1160 non
1430 1114 1662 1161 inmerito
1713 1113 1798 1160 ho-

108 1189 263 1236 mines
310 1187 521 1250 urgebat
566 1188 619 1233 in
667 1203 877 1235 somnos.
956 1187 1042 1234 sed
1079 1186 1422 1234 recedentibus
1464 1188 1653 1234 cunctis
1693 1187 1799 1234 sola

107 1261 237 1309 Dido
291 1261 546 1308 maerebat
592 1260 644 1307 in
691 1260 858 1321 domo,
914 1260 1046 1321 quod
1092 1261 1290 1308 demens
1337 1261 1485 1308 sciret
1532 1260 1798 1321 absentem,

106 1337 216 1396 ipsa
265 1351 459 1397 quoque
499 1338 658 1382 strata
698 1334 994 1396 despiciens⁷
1036 1334 1167 1396 quod
1206 1336 1369 1382 virum
1407 1351 1504 1382 non
1545 1334 1864 1384 haberent.15

110 1411 244 1457 illum
278 1410 451 1457 absens
483 1409 724 1456 abseutem
763 1409 993 1467 auditque
1030 1410 1271 1467 videtque:
1311 1424 1421 1456 cum
1459 1411 1569 1456 toro
1608 1409 1795 1456 incum-

106 1483 243 1531 beret
281 1499 370 1530 nec
407 1485 569 1530 totum
610 1498 785 1544 corpus
825 1498 967 1531 suum
1005 1482 1224 1530 traderet
1262 1482 1407 1543 lecto,
1442 1497 1542 1529 non
1579 1484 1684 1530 tam
1722 1499 1795 1530 re-

107 1559 371 1605 fectionem
412 1558 653 1604 fessorum
699 1556 1053 1618 membrorum,
1110 1556 1195 1604 sed
1241 1556 1573 1604 desideratum
1621 1557 1795 1604 cubilis

108 1633 184 1678 sui
223 1631 406 1679 socium
448 1646 682 1692 quaerere
722 1630 996 1679 videbatur.
1075 1632 1253 1678 merito
1293 1630 1486 1678 addidit
1524 1631 1670 1678 illum
1712 1631 1794 1678 ab·

107 1721 215 1753 sens
255 1705 508 1753 absentem
549 1705 786 1766 auditque
825 1704 1081 1766 videtque,
1128 1706 1246 1766 quia
1291 1707 1488 1752 tantum
1526 1704 1796 1752 fallebatur
1818 1721 1862 1753 20

107 1781 299 1827 animus
340 1781 577 1839 amantis,
623 1782 680 1826 ut
717 1779 847 1826 hunc
887 1779 1056 1826 audire
1097 1781 1146 1826 et
1186 1794 1380 1826 cernere
1419 1778 1672 1827 videretur
1710 1778 1792 1825 ab·

106 1856 306 1901 sentem.
385 1857 472 1901 aut
527 1855 710 1913 yremio
763 1851 1037 1901 Ascanium
1093 1854 1326 1912 yenitoris
1384 1854 1598 1912 imayiue
1651 1856 1795 1912 capta

105 1927 291 1983 detinet,
331 1923 624 1988 [infandum
660 1929 705 1974 st
742 1927 914 1987 fallere
943 1928 1102 1986 possit
1139 1925 1380 1988 amorem]
1387 1943 1403 1973 .·
1441 1926 1691 1974 interdum
1730 1926 1794 1974 ad

104 2003 262 2048 vicem
300 2001 457 2062 patris
498 2001 890 2062 amplectebatur
919 2000 1189 2048 Ascanium
1222 2002 1310 2048 aut
1339 2000 1573 2062 portabat
1604 2001 1791 2064 gremio

105 2090 214 2135 suo,
276 2077 333 2122 ut
387 2075 712 2122 similitudine
766 2076 963 2136 paterni
1023 2075 1194 2124 vultus
1257 2076 1437 2122 amoris
1499 2075 1790 2122 violentiam
1814 2090 1856 2123 2⁵
1944 2095 1948 2099 ’
2010 2091 2014 2110 ⁴

104 2148 312 2196 falleret.
374 2163 474 2196 uon
512 2153 701 2209 coeptae
740 2150 1015 2210 adsurquut
1051 2153 1224 2204 turrea
1255 2162 1356 2196 nou
1394 2163 1536 2197 arma
1566 2150 1791 2197 iuventus

104 2226 283 2270 exercet
317 2225 550 2282 portusve
595 2227 683 2270 aut
718 2223 1098 2284 propuynacula
1143 2223 1262 2270 bello
1301 2226 1405 2270 tuta
1434 2226 1637 2282 parant,
1668 2237 1790 2283 pen·

103 2297 215 2344 dent
251 2310 398 2356 opera
427 2298 701 2356 interrupta
731 2299 983 2357 minaeque
1019 2311 1273 2344 murorum
1310 2299 1523 2357 iwqeutes
1561 2299 1790 2356 aequata-

103 2385 192 2429 que
244 2371 470 2418 ‘machina
524 2372 678 2418 caelo:
737 2370 863 2419 miro
915 2371 1061 2419 modo
1115 2370 1372 2418 moralitas
1419 2385 1648 2432 expressa
1694 2371 1788 2431 est3

102 2459 219 2491 nam
259 2459 370 2491 cum
406 2443 460 2491 in
499 2459 664 2492 amore
703 2445 862 2492 multa
901 2447 1002 2494 sint
1039 2445 1179 2506 vitia,
1210 2447 1319 2492 tum
1349 2444 1510 2507 magis
1542 2443 1674 2506 quod
1704 2443 1787 2492 ob·
1811 2460 1855 2492 so
1935 2446 1966 2502 ᾖ

101 2517 337 2565 livionem
376 2518 689 2580 negotiorum
729 2519 948 2566 omnium
986 2520 1122 2581 parit
1160 2520 1210 2566 et
1247 2518 1455 2565 nimiam
1492 2519 1546 2564 in
1585 2517 1787 2581 agendis

102 2593 389 2639 necessariis
414 2592 790 2655 neglegentiam.
838 2593 929 2658 hoc
955 2593 1018 2640 ad
1040 2606 1305 2655 personam
1327 2591 1536 2639 Didonis
1559 2591 1787 2653 refertur,

223 2737 247 2775 6
280 2732 506 2790 diqressus
537 2731 607 2775 ed.
741 2737 764 2774 7
796 2746 992 2778 sommus
1020 2733 1062 2776 R
1091 2747 1293 2778 summus
1323 2733 1358 2775 L
1391 2746 1474 2790 pro
1505 2745 1694 2776 somnos.

105 2794 158 2833 14
197 2791 318 2847 quod
348 2792 526 2836 demens
555 2790 642 2834 LR
674 2791 744 2835 ed.
786 2792 828 2835 d.
862 2798 932 2848 q.?
1094 2797 1146 2836 16
1179 2793 1381 2848 viditque
1419 2793 1484 2848 (et
1514 2791 1653 2848 infra)
1684 2791 1783 2834 LR.

193 2853 246 2893 17
271 2850 448 2894 tradere
471 2849 507 2893 L
532 2863 646 2893 corr.
663 2863 784 2894 man.
803 2850 846 2893 Π
869 2851 1189 2910 traderessssto
1214 2851 1256 2894 R
1278 2850 1482 2908 explevit
1505 2865 1540 2894 r.
1633 2854 1689 2893 23
1713 2851 1783 2894 in-

99 2909 369 2962 t'artdum—
387 2922 582 2954 amorem
614 2909 746 2952 deest
776 2909 826 2952 in
857 2909 956 2965 LR,
989 2910 1071 2954 scd
1103 2909 1375 2967 explicatur.
1514 2913 1570 2953 26
1603 2909 1784 2966 aprima

102 2967 186 3010 LR
218 2969 265 3024 (a
295 2967 518 3011 semirasa
549 2968 600 3024 L)
633 2982 717 3024 pro
751 2983 892 3013 arma.

2007 921 2014 973 1

2009 1003 2014 1026 Ι
