2014 3226
127 155 234 207 616
594 153 827 198 DONATI
857 154 1136 199 INTERPR.
1173 154 1348 200 VERG.

126 299 267 342 tuum
314 296 536 342 animum
582 295 831 358 frangant.
909 295 1102 342 Aeneas
1151 295 1210 343 de
1257 311 1354 344 uno
1396 296 1630 358 quaesiit,
1676 300 1818 357 pater

127 371 171 416 ei
211 368 270 415 de
308 369 537 430 plurimis
570 368 845 429 respondit3
886 368 1072 417 sciebat
1104 371 1236 416 enim
1268 371 1418 417 latius
1451 384 1593 431 posse
1625 372 1818 433 porrigi

126 444 581 505 interrogationem,
622 445 925 505 quapropter
963 444 1193 506 occurrit,
1232 460 1292 490 ne
1324 443 1517 492 Aeneas
1556 443 1688 491 ultra
1728 444 1817 491 ali-

127 517 247 578 quid
294 519 563 578 quaereret.
641 517 887 564 ostendent
931 519 1073 564 terris
1118 518 1246 564 hunc
1292 521 1479 565 tanta-m
1520 518 1629 577 fata
1666 532 1816 577 neque

37 597 122 636 870
142 593 271 638 ultra
315 606 413 638 esse
451 591 632 637 sinent:
686 607 783 639 non
825 591 910 637 diu
950 592 1044 638 erit
1083 591 1176 638 iste
1215 593 1269 638 in
1307 592 1436 652 luce,
1486 591 1570 639 sed
1608 607 1722 640 mox
1760 594 1817 639 ut
1863 607 1882 639 5

125 667 425 712 monstratus
466 665 620 711 fuerit
658 666 848 726 superis
887 666 1123 726 rapietur.
1186 667 1394 712 nimiam
1425 666 1557 713 vobis
1588 666 1817 714 Romana

115 753 337 798 propayo
375 740 484 786 visa
514 742 700 797 potens,
733 741 914 798 superi,
936 740 1147 798 propria
1185 740 1300 787 haec
1336 741 1382 786 st
1420 740 1550 787 dona
1586 741 1818 800 fuissent:

125 812 369 860 convertit
409 827 683 860 sermonem
723 829 865 861 suum
907 812 969 861 ad
1001 812 1132 874 deos,
1165 813 1324 873 credo,
1355 814 1538 874 inquit,
1570 814 1816 873 noluistis,

125 888 305 948 superi,
343 887 676 947 potentiorem
714 886 822 934 fieri
857 887 1133 935 Romanam
1171 886 1541 948 rempublicam.
1605 887 1646 934 si
1686 888 1818 934 enim

123 962 325 1021 propria
371 961 492 1008 haec
540 962 749 1009 fuissent
799 960 950 1021 dona,
1000 961 1094 1009 hoc
1141 963 1215 1010 est
1262 963 1304 1010 si
1350 962 1481 1008 hunc
1527 961 1818 1008 diuturnum
1841 978 1884 1010 10

125 1034 471 1095 concederetis,
511 1039 715 1094 quantos
753 1035 833 1082 ille
870 1037 1034 1083 viram
1072 1050 1303 1096 maynam
1341 1036 1588 1083 Mavortis
1630 1036 1695 1082 ad
1733 1051 1811 1082 ar-

125 1110 227 1156 bem
265 1123 466 1168 campas
506 1113 613 1168 ayet
649 1110 879 1169 monitus!
925 1111 999 1156 vel
1042 1124 1186 1169 quae,
1231 1110 1477 1165 Tiberine,
1517 1109 1699 1158 videbis
1737 1110 1817 1168 fa-

122 1198 257 1238 ncra‚
299 1197 408 1231 cam
447 1184 687 1230 tumulum
717 1185 1078 1243 praeterlabere
1115 1185 1374 1232 recentem!
1431 1184 1472 1231 si
1503 1183 1604 1243 ille,
1635 1184 1815 1245 inquit,

125 1257 209 1303 diu
242 1259 369 1305 esset
400 1257 501 1314 luci
532 1272 802 1318 concessus,
829 1259 1028 1319 quantis
1060 1258 1328 1320 triumphis
1362 1259 1561 1306 ornaret
1584 1257 1814 1305 Romam!

124 1331 202 1378 vel
243 1346 365 1392 quas
406 1334 596 1394 strages
637 1331 695 1380 de
734 1332 959 1380 hostibus
999 1332 1160 1380 daret!
1211 1334 1422 1394 quantos
1463 1346 1668 1395 aggeres
1712 1346 1816 1379 cor·
1841 1347 1882 1380 15

36 1410 120 1450 875
138 1421 331 1466 porum,
372 1405 623 1467 Tiberine,
663 1406 993 1467 pertraheres!
1070 1421 1157 1454 nec
1186 1421 1317 1466 puer
1355 1406 1522 1453 Iliaca
1560 1406 1815 1466 qaisquam

123 1481 180 1527 de
222 1483 359 1540 yeme
404 1480 612 1528 Latinos
657 1482 711 1528 ire
758 1483 948 1528 tantam
993 1494 1077 1540 spe
1123 1481 1251 1528 tollet
1295 1494 1434 1534 avos,
1481 1494 1567 1527 nec
1604 1480 1818 1527 Romula

123 1554 368 1612 quondam
406 1555 504 1601 allo
543 1568 593 1601 se
639 1557 827 1601 tantam
873 1554 1013 1602 tellas
1058 1555 1257 1602 iactabit
1302 1555 1526 1603 alumno.-
1585 1569 1676 1602 nec
1723 1555 1817 1601 erit

125 1629 386 1689 quisquam
434 1644 491 1676 ex
536 1628 707 1690 aliqua
747 1630 880 1676 terra
920 1630 1008 1690 qui
1046 1628 1252 1677 Latinos
1293 1644 1378 1690 spe
1417 1629 1619 1676 meliore
1658 1629 1817 1690 possit

124 1701 383 1749 sublevare
430 1718 519 1750 nec
565 1704 700 1750 terra
746 1701 927 1751 Italiae
973 1703 1127 1751 talem
1174 1719 1411 1764 umquam
1450 1703 1635 1764 poterit
1673 1702 1815 1749 ferre.
1842 1719 1884 1751 20

122 1777 214 1823 heu
242 1778 419 1836 pietas‘,
458 1777 551 1824 heu
580 1778 754 1836 prisca
790 1778 913 1836 fides
951 1778 1223 1836 invictaque
1262 1777 1380 1825 bello
1412 1777 1636 1825 deoetera!
1698 1775 1817 1838 quid

122 1849 346 1911 proderit
399 1851 518 1912 quia
570 1853 802 1899 nascetur
854 1852 967 1912 pius
1015 1854 1064 1899 et
1111 1867 1260 1913 supra
1308 1866 1388 1900 eos
1435 1865 1557 1912 quos
1610 1852 1817 1911 antiqua

122 1924 346 1986 loquitur
383 1923 539 1973 fides?
578 1924 698 1986 quid
736 1925 959 1986 proderit
997 1925 1131 1987 quod
1170 1924 1314 1974 fortis
1351 1923 1480 1973 erit?
1519 1926 1681 1972 totum
1712 1939 1815 1971 ma·

123 2001 232 2046 ture
287 1999 394 2046 fata
447 2013 678 2060 pressura
731 2001 863 2047 sunt.
939 2014 1039 2047 now
1092 2001 1167 2048 illa·
1219 2014 1270 2048 36
1323 2001 1581 2059 qaisquam
1633 1999 1817 2058 impmze

35 2077 121 2118 880
139 2073 325 2120 tulisset
361 2073 530 2121 obvius
568 2077 780 2130 armate,
817 2087 903 2121 sea
941 2087 1050 2121 cum
1078 2075 1231 2133 pedes
1268 2076 1360 2121 iret
1394 2074 1448 2120 in
1485 2073 1684 2127 hostem,
1730 2086 1817 2120 seu
1841 2089 1883 2121 25

122 2148 395 2206 spumantis
435 2149 542 2206 equi
572 2148 756 2208 foderet
786 2148 1060 2196 calcaribus
1091 2163 1279 2196 armos:
1319 2148 1363 2195 si
1394 2146 1482 2194 diu
1511 2147 1606 2194 iste
1639 2145 1816 2194 durare

122 2223 290 2282 posset
335 2220 388 2267 in
434 2221 566 2282 luce,
614 2223 724 2283 quis
771 2221 918 2269 illum
963 2222 1116 2270 ferret
1160 2221 1401 2284 peditem,
1450 2220 1559 2282 quis
1599 2221 1815 2282 equitem

122 2293 392 2343 toleraret?
468 2295 560 2343 heu
597 2297 871 2344 miserande
899 2311 1044 2356 puer,
1089 2298 1134 2345 si
1172 2311 1270 2356 qua
1308 2297 1417 2356 fata
1462 2309 1640 2354 aspera
1684 2309 1817 2341 rum-

114 2383 228 2428 Ραε,
268 2371 320 2416 ta
357 2370 631 2417 Marcellus
669 2371 788 2418 eris:
826 2371 884 2432 si,
915 2371 1097 2432 inquit,
1126 2371 1286 2432 possis
1318 2384 1545 2431 rumpere
1576 2369 1681 2416 fata
1713 2371 1815 2427 tua,

244 2559 267 2597 1
295 2556 475 2611 pariter
504 2554 546 2598 V
572 2560 707 2611 pater
735 2569 819 2598 nos
851 2561 894 2599 et
923 2555 964 2599 is
988 2556 1168 2611 pariter
1199 2555 1270 2598 ed.
1402 2559 1427 2598 2
1455 2549 1640 2611 parre-qi
1669 2553 1723 2598 V.

99 2624 102 2629 ·
125 2619 150 2658 5
182 2627 288 2658 mox
310 2615 431 2670 quod
454 2613 496 2658 V
526 2627 632 2659 mox
654 2619 718 2667 ut,
745 2613 1112 2671 quodfrequens
1137 2616 1208 2658 est
1232 2614 1359 2671 apud
1382 2613 1633 2667 Donatum,
1651 2611 1814 2668 scripsi

124 2687 227 2717 cum
260 2673 331 2718 ed.
457 2677 511 2717 10
541 2674 663 2718 hwnc
692 2672 735 2717 V
765 2674 847 2717 hoc
879 2673 950 2717 ed.
1083 2678 1134 2717 11
1169 2674 1464 2718 concederetis
1494 2672 1537 2715 V
1567 2672 1815 2716 conderetis

123 2733 362 2788 imperium
401 2732 474 2776 ed.
627 2735 682 2776 19
713 2746 770 2776 ex
800 2733 961 2788 aliqua
991 2738 1114 2777 terra
1146 2732 1189 2776 V
1219 2733 1290 2776 ed.
1322 2745 1416 2776 non
1456 2730 1670 2788 congruit
1709 2744 1814 2774 cum

122 2792 276 2836 Iliaca
305 2791 360 2836 de
395 2796 545 2850 yeme,
583 2790 783 2836 fortasse
821 2805 877 2835 ex
908 2792 1103 2848 antiqua
1138 2792 1308 2837 Troia?
1365 2794 1372 2848 Ι
1423 2795 1575 2848 posset
1603 2789 1645 2832 V
1673 2791 1816 2846 possit

124 2851 194 2894 ed.
314 2854 370 2895 22
401 2851 610 2896 ‘nascitur
639 2849 683 2894 V
714 2850 786 2894 ed.
818 2850 996 2894 correxi
1027 2850 1084 2894 cf.
1113 2855 1212 2895 764.
1336 2855 1392 2894 23
1425 2855 1467 2894 et
1494 2854 1637 2894 totum
1667 2848 1710 2892 V
1741 2847 1812 2892 ed.

122 2910 208 2954 erit
238 2914 268 2953 t.
289 2923 398 3011 ίἰιοει.
507 2914 564 2954 24
594 2923 640 2954 36
670 2910 1032 2967 quisquampwne
1062 2909 1117 2954 V.
1227 2914 1282 2953 25
1314 2910 1380 2955 ire
1411 2908 1466 2954 V.
1581 2913 1636 2951 29
1669 2922 1814 2952 erum-

115 2982 224 3026 pere
258 2980 284 3013 e
322 3003 330 3011 .
