<?xml version="1.0" encoding="UTF-8"?>
<!DOCTYPE html PUBLIC "-//W3C//DTD XHTML 1.0 Transitional//EN"
    "http://www.w3.org/TR/xhtml1/DTD/xhtml1-transitional.dtd">
<html xmlns="http://www.w3.org/1999/xhtml" xml:lang="en" lang="en">
 <head>
  <title>
</title>
<meta http-equiv="Content-Type" content="text/html;charset=utf-8" />
  <meta name='ocr-system' content='tesseract 3.04.00' />
  <meta name='ocr-capabilities' content='ocr_page ocr_carea ocr_par ocr_line ocrx_word'/>
</head>
<body>
  <div class='ocr_page' id='page_1' title='image "./interpretationes01donauoft_0490.png"; bbox 0 0 2014 3226; ppageno 0'>
   <div class='ocr_carea' id='block_1_1' title="bbox 150 146 1372 199">
    <p class='ocr_par' dir='ltr' id='par_1_1' title="bbox 150 146 1372 199">
     <span class='ocr_line' id='line_1_1' title="bbox 150 146 1372 199; baseline -0.008 0"><span class='ocrx_word' id='word_1_1' title='bbox 150 147 260 199; x_wconf 83' lang='lat'>440</span> <span class='ocrx_word' id='word_1_2' title='bbox 618 147 849 190; x_wconf 79' lang='lat' dir='ltr'><strong>DONATI</strong></span> <span class='ocrx_word' id='word_1_3' title='bbox 880 146 1161 190; x_wconf 80' lang='lat' dir='ltr'>INTERPR.</span> <span class='ocrx_word' id='word_1_4' title='bbox 1195 147 1372 190; x_wconf 81' lang='lat' dir='ltr'><strong>VERG.</strong></span> 
     </span>
    </p>
   </div>
   <div class='ocr_carea' id='block_1_2' title="bbox 66 287 1998 2714">
    <p class='ocr_par' dir='ltr' id='par_1_2' title="bbox 153 287 1842 423">
     <span class='ocr_line' id='line_1_2' title="bbox 154 287 1842 350; baseline -0.001 -15"><span class='ocrx_word' id='word_1_5' title='bbox 154 292 195 335; x_wconf 77' lang='lat' dir='ltr'>et</span> <span class='ocrx_word' id='word_1_6' title='bbox 234 289 348 335; x_wconf 76' lang='lat' dir='ltr'>tuba</span> <span class='ocrx_word' id='word_1_7' title='bbox 389 288 660 333; x_wconf 63' lang='lat' dir='ltr'>commissos</span> <span class='ocrx_word' id='word_1_8' title='bbox 700 287 854 333; x_wconf 82' lang='lat' dir='ltr'>medio</span> <span class='ocrx_word' id='word_1_9' title='bbox 895 288 1025 333; x_wconf 75' lang='lat' dir='ltr'>canit</span> <span class='ocrx_word' id='word_1_10' title='bbox 1063 301 1232 346; x_wconf 68' lang='lat' dir='ltr'>ayqere</span> <span class='ocrx_word' id='word_1_11' title='bbox 1268 287 1431 334; x_wconf 85' lang='lat' dir='ltr'>ludos:</span> <span class='ocrx_word' id='word_1_12' title='bbox 1471 302 1578 334; x_wconf 87' lang='lat' dir='ltr'>ecce</span> <span class='ocrx_word' id='word_1_13' title='bbox 1613 303 1842 350; x_wconf 80' lang='lat' dir='ltr'>aggerem</span> 
     </span>
     <span class='ocr_line' id='line_1_3' title="bbox 153 360 1842 423; baseline -0.001 -15"><span class='ocrx_word' id='word_1_14' title='bbox 153 363 319 423; x_wconf 89' lang='lat' dir='ltr'>posuit</span> <span class='ocrx_word' id='word_1_15' title='bbox 368 362 452 421; x_wconf 90' lang='lat' dir='ltr'>qui</span> <span class='ocrx_word' id='word_1_16' title='bbox 500 360 691 407; x_wconf 77' lang='lat' dir='ltr'>dixerat</span> <span class='ocrx_word' id='word_1_17' title='bbox 739 360 945 419; x_wconf 86' lang='lat' dir='ltr'>circum,</span> <span class='ocrx_word' id='word_1_18' title='bbox 993 363 1048 406; x_wconf 89' lang='lat' dir='ltr'>ut</span> <span class='ocrx_word' id='word_1_19' title='bbox 1095 361 1375 408; x_wconf 71' lang='lat' dir='ltr'>ostenderet</span> <span class='ocrx_word' id='word_1_20' title='bbox 1419 377 1517 408; x_wconf 91' lang='lat' dir='ltr'>non</span> <span class='ocrx_word' id='word_1_21' title='bbox 1566 360 1842 408; x_wconf 74' lang='lat' dir='ltr'>structilem</span> 
     </span>
    </p>

    <p class='ocr_par' dir='ltr' id='par_1_3' title="bbox 66 435 1994 1086">
     <span class='ocr_line' id='line_1_4' title="bbox 66 435 1843 494; baseline 0.001 -15"><span class='ocrx_word' id='word_1_22' title='bbox 66 441 150 479; x_wconf 76' lang='lat'>115</span> <span class='ocrx_word' id='word_1_23' title='bbox 171 436 333 483; x_wconf 85' lang='lat' dir='ltr'>fuisse.</span> <span class='ocrx_word' id='word_1_24' title='bbox 388 436 559 494; x_wconf 61' lang='lat' dir='ltr'>prima</span> <span class='ocrx_word' id='word_1_25' title='bbox 588 448 740 492; x_wconf 73' lang='lat' dir='ltr'>pares</span> <span class='ocrx_word' id='word_1_26' title='bbox 774 436 940 480; x_wconf 72' lang='lat' dir='ltr'>ineunt</span> <span class='ocrx_word' id='word_1_27' title='bbox 965 435 1199 493; x_wconf 57' lang='lat' dir='ltr'>gravibus</span> <span class='ocrx_word' id='word_1_28' title='bbox 1235 437 1501 483; x_wconf 74' lang='lat' dir='ltr'>certamina</span> <span class='ocrx_word' id='word_1_29' title='bbox 1531 437 1676 482; x_wconf 81' lang='lat' dir='ltr'>remis</span> <span class='ocrx_word' id='word_1_30' title='bbox 1708 437 1843 493; x_wconf 68' lang='lat' dir='ltr'>quat-</span> 
     </span>
     <span class='ocr_line' id='line_1_5' title="bbox 154 507 1985 569; baseline -0.001 -14"><span class='ocrx_word' id='word_1_31' title='bbox 154 513 263 555; x_wconf 71' lang='lat' dir='ltr'>tuor</span> <span class='ocrx_word' id='word_1_32' title='bbox 319 524 372 555; x_wconf 62' lang='lat' dir='ltr'>ese</span> <span class='ocrx_word' id='word_1_33' title='bbox 426 510 556 554; x_wconf 75' lang='lat' dir='ltr'>omni</span> <span class='ocrx_word' id='word_1_34' title='bbox 610 507 814 555; x_wconf 75' lang='lat' dir='ltr'>delectae</span> <span class='ocrx_word' id='word_1_35' title='bbox 865 509 1014 555; x_wconf 72' lang='lat' dir='ltr'>classe</span> <span class='ocrx_word' id='word_1_36' title='bbox 1060 510 1281 556; x_wconf 73' lang='lat' dir='ltr'>carinae:</span> <span class='ocrx_word' id='word_1_37' title='bbox 1344 525 1401 556; x_wconf 87' lang='lat' dir='ltr'>ex</span> <span class='ocrx_word' id='word_1_38' title='bbox 1455 509 1610 567; x_wconf 89' lang='lat' dir='ltr'>omni,</span> <span class='ocrx_word' id='word_1_39' title='bbox 1663 507 1843 569; x_wconf 82' lang='lat' dir='ltr'>inquit,</span> <span class='ocrx_word' id='word_1_40' title='bbox 1983 558 1985 563; x_wconf 18' lang='lat'><strong>¹</strong></span> 
     </span>
     <span class='ocr_line' id='line_1_6' title="bbox 155 579 1985 643; baseline 0.001 -13"><span class='ocrx_word' id='word_1_41' title='bbox 155 583 308 630; x_wconf 86' lang='lat' dir='ltr'>classe</span> <span class='ocrx_word' id='word_1_42' title='bbox 350 583 564 629; x_wconf 80' lang='lat' dir='ltr'>delectae</span> <span class='ocrx_word' id='word_1_43' title='bbox 599 584 713 628; x_wconf 85' lang='lat' dir='ltr'>sunt</span> <span class='ocrx_word' id='word_1_44' title='bbox 744 597 894 629; x_wconf 82' lang='lat' dir='ltr'>naves</span> <span class='ocrx_word' id='word_1_45' title='bbox 930 583 1165 642; x_wconf 88' lang='lat' dir='ltr'>quattuor</span> <span class='ocrx_word' id='word_1_46' title='bbox 1194 598 1337 643; x_wconf 89' lang='lat' dir='ltr'>pares</span> <span class='ocrx_word' id='word_1_47' title='bbox 1370 582 1598 630; x_wconf 88' lang='lat' dir='ltr'>ludorum</span> <span class='ocrx_word' id='word_1_48' title='bbox 1628 583 1843 642; x_wconf 89' lang='lat' dir='ltr'>primum</span> <span class='ocrx_word' id='word_1_49' title='bbox 1889 597 1911 631; x_wconf 78' lang='lat'><strong>5</strong></span> <span class='ocrx_word' id='word_1_50' title='bbox 1942 603 1945 605; x_wconf 54' lang='grc'>“</span> <span class='ocrx_word' id='word_1_51' title='bbox 1983 579 1985 584; x_wconf 70' lang='grc'><strong>’</strong></span> 
     </span>
     <span class='ocr_line' id='line_1_7' title="bbox 154 655 1843 717; baseline -0.001 -14"><span class='ocrx_word' id='word_1_52' title='bbox 154 658 365 703; x_wconf 83' lang='lat' dir='ltr'>initurae</span> <span class='ocrx_word' id='word_1_53' title='bbox 415 660 684 715; x_wconf 83' lang='lat' dir='ltr'>certamen,</span> <span class='ocrx_word' id='word_1_54' title='bbox 740 671 883 716; x_wconf 81' lang='lat' dir='ltr'>pares</span> <span class='ocrx_word' id='word_1_55' title='bbox 931 655 1064 716; x_wconf 90' lang='lat' dir='ltr'>ideo,</span> <span class='ocrx_word' id='word_1_56' title='bbox 1121 657 1261 716; x_wconf 88' lang='lat' dir='ltr'>quia,</span> <span class='ocrx_word' id='word_1_57' title='bbox 1314 657 1355 703; x_wconf 89' lang='lat' dir='ltr'>si</span> <span class='ocrx_word' id='word_1_58' title='bbox 1402 656 1598 717; x_wconf 82' lang='lat' dir='ltr'>inpares</span> <span class='ocrx_word' id='word_1_59' title='bbox 1647 655 1843 703; x_wconf 89' lang='lat' dir='ltr'>ordina-</span> 
     </span>
     <span class='ocr_line' id='line_1_8' title="bbox 153 729 1843 793; baseline 0 -17"><span class='ocrx_word' id='word_1_60' title='bbox 153 736 337 788; x_wconf 76' lang='lat' dir='ltr'>rentur,</span> <span class='ocrx_word' id='word_1_61' title='bbox 378 730 518 776; x_wconf 86' lang='lat' dir='ltr'>nulla</span> <span class='ocrx_word' id='word_1_62' title='bbox 558 732 686 776; x_wconf 90' lang='lat' dir='ltr'>esset</span> <span class='ocrx_word' id='word_1_63' title='bbox 725 731 951 790; x_wconf 87' lang='lat' dir='ltr'>aequitas</span> <span class='ocrx_word' id='word_1_64' title='bbox 993 731 1042 776; x_wconf 91' lang='lat' dir='ltr'>et</span> <span class='ocrx_word' id='word_1_65' title='bbox 1081 730 1474 791; x_wconf 72' lang='lat' dir='ltr'>spectaculorum</span> <span class='ocrx_word' id='word_1_66' title='bbox 1515 729 1680 793; x_wconf 87' lang='lat' dir='ltr'>gratia</span> <span class='ocrx_word' id='word_1_67' title='bbox 1712 729 1843 776; x_wconf 88' lang='lat' dir='ltr'>clau-</span> 
     </span>
     <span class='ocr_line' id='line_1_9' title="bbox 155 803 1844 864; baseline -0.001 -14"><span class='ocrx_word' id='word_1_68' title='bbox 155 804 353 850; x_wconf 85' lang='lat' dir='ltr'>dicaret.</span> <span class='ocrx_word' id='word_1_69' title='bbox 434 803 664 850; x_wconf 90' lang='lat' dir='ltr'>dicuntur</span> <span class='ocrx_word' id='word_1_70' title='bbox 702 805 949 851; x_wconf 89' lang='lat' dir='ltr'>rectorum</span> <span class='ocrx_word' id='word_1_71' title='bbox 990 805 1213 864; x_wconf 91' lang='lat' dir='ltr'>nomina,</span> <span class='ocrx_word' id='word_1_72' title='bbox 1262 803 1493 851; x_wconf 89' lang='lat' dir='ltr'>dicuntur</span> <span class='ocrx_word' id='word_1_73' title='bbox 1532 805 1581 850; x_wconf 92' lang='lat' dir='ltr'>et</span> <span class='ocrx_word' id='word_1_74' title='bbox 1619 804 1844 850; x_wconf 83' lang='lat' dir='ltr'>navium:</span> 
     </span>
     <span class='ocr_line' id='line_1_10' title="bbox 157 876 1846 938; baseline 0 -14"><span class='ocrx_word' id='word_1_75' title='bbox 157 880 352 925; x_wconf 62' lang='lat' dir='ltr'>velocem</span> <span class='ocrx_word' id='word_1_76' title='bbox 401 878 683 924; x_wconf 70' lang='lat' dir='ltr'>Illnesiheus</span> <span class='ocrx_word' id='word_1_77' title='bbox 731 878 831 936; x_wconf 71' lang='lat' dir='ltr'>ayit</span> <span class='ocrx_word' id='word_1_78' title='bbox 877 879 980 924; x_wconf 80' lang='lat' dir='ltr'>acri</span> <span class='ocrx_word' id='word_1_79' title='bbox 1026 879 1202 938; x_wconf 67' lang='lat' dir='ltr'>reiniye</span> <span class='ocrx_word' id='word_1_80' title='bbox 1249 878 1450 925; x_wconf 72' lang='lat' dir='ltr'>Pristi-m</span> <span class='ocrx_word' id='word_1_81' title='bbox 1505 876 1638 936; x_wconf 73' lang='lat' dir='ltr'>(mox</span> <span class='ocrx_word' id='word_1_82' title='bbox 1683 877 1846 924; x_wconf 69' lang='lat' dir='ltr'>Italus</span> 
     </span>
     <span class='ocr_line' id='line_1_11' title="bbox 155 950 1994 1015; baseline -0.001 -17"><span class='ocrx_word' id='word_1_83' title='bbox 155 953 449 1006; x_wconf 72' lang='lat' dir='ltr'>Mnestheus,</span> <span class='ocrx_word' id='word_1_84' title='bbox 477 966 630 1011; x_wconf 61' lang='lat' dir='ltr'>oenus</span> <span class='ocrx_word' id='word_1_85' title='bbox 670 966 702 998; x_wconf 92' lang='lat' dir='ltr'>a</span> <span class='ocrx_word' id='word_1_86' title='bbox 741 965 832 1010; x_wconf 78' lang='lat' dir='ltr'>quo</span> <span class='ocrx_word' id='word_1_87' title='bbox 862 953 1056 999; x_wconf 86' lang='lat' dir='ltr'>nomine</span> <span class='ocrx_word' id='word_1_88' title='bbox 1088 951 1315 1012; x_wconf 80' lang='lat' dir='ltr'>Memmi)</span> <span class='ocrx_word' id='word_1_89' title='bbox 1346 953 1675 1011; x_wconf 70' lang='lat' dir='ltr'>incentemquc</span> <span class='ocrx_word' id='word_1_90' title='bbox 1709 950 1844 1012; x_wconf 72' lang='lat' dir='ltr'>Gyas</span> <span class='ocrx_word' id='word_1_91' title='bbox 1869 966 1913 998; x_wconf 78' lang='grc' dir='ltr'>ιο</span> <span class='ocrx_word' id='word_1_92' title='bbox 1938 991 1941 994; x_wconf 75' lang='grc'><strong><em>,</em></strong></span> <span class='ocrx_word' id='word_1_93' title='bbox 1992 970 1994 1015; x_wconf 80' lang='grc'>;</span> 
     </span>
     <span class='ocr_line' id='line_1_12' title="bbox 154 1024 1844 1086; baseline 0 -15"><span class='ocrx_word' id='word_1_94' title='bbox 154 1027 334 1086; x_wconf 69' lang='lat' dir='ltr'>inqenti</span> <span class='ocrx_word' id='word_1_95' title='bbox 380 1026 499 1072; x_wconf 82' lang='lat' dir='ltr'>mole</span> <span class='ocrx_word' id='word_1_96' title='bbox 543 1024 872 1080; x_wconf 77' lang='lat' dir='ltr'>Chimaeram,</span> <span class='ocrx_word' id='word_1_97' title='bbox 919 1026 1056 1072; x_wconf 82' lang='lat' dir='ltr'>urbis</span> <span class='ocrx_word' id='word_1_98' title='bbox 1104 1039 1245 1084; x_wconf 74' lang='lat' dir='ltr'>opus,</span> <span class='ocrx_word' id='word_1_99' title='bbox 1293 1026 1474 1085; x_wconf 77' lang='lat' dir='ltr'>triplici</span> <span class='ocrx_word' id='word_1_100' title='bbox 1502 1026 1659 1084; x_wconf 71' lang='lat' dir='ltr'>pubes</span> <span class='ocrx_word' id='word_1_101' title='bbox 1698 1039 1844 1084; x_wconf 77' lang='lat' dir='ltr'>quam</span> 
     </span>
    </p>

    <p class='ocr_par' dir='ltr' id='par_1_4' title="bbox 67 1099 1912 1530">
     <span class='ocr_line' id='line_1_13' title="bbox 67 1099 1844 1160; baseline 0.001 -17"><span class='ocrx_word' id='word_1_102' title='bbox 67 1105 150 1144; x_wconf 81' lang='grc'>120</span> <span class='ocrx_word' id='word_1_103' title='bbox 168 1101 417 1147; x_wconf 76' lang='lat' dir='ltr'>Dardana</span> <span class='ocrx_word' id='word_1_104' title='bbox 463 1114 606 1146; x_wconf 82' lang='lat' dir='ltr'>versu</span> <span class='ocrx_word' id='word_1_105' title='bbox 660 1099 916 1158; x_wconf 69' lang='lat' dir='ltr'>inpellunt,</span> <span class='ocrx_word' id='word_1_106' title='bbox 972 1103 1103 1147; x_wconf 75' lang='lat' dir='ltr'>terno</span> <span class='ocrx_word' id='word_1_107' title='bbox 1155 1103 1451 1160; x_wconf 44' lang='lat' dir='ltr'>consur-aunt</span> <span class='ocrx_word' id='word_1_108' title='bbox 1495 1099 1663 1146; x_wconf 80' lang='lat' dir='ltr'>ordine</span> <span class='ocrx_word' id='word_1_109' title='bbox 1709 1100 1844 1153; x_wconf 77' lang='lat' dir='ltr'>remi,</span> 
     </span>
     <span class='ocr_line' id='line_1_14' title="bbox 152 1171 1845 1233; baseline -0.001 -13"><span class='ocrx_word' id='word_1_110' title='bbox 152 1173 512 1233; x_wconf 68' lang='lat' dir='ltr'>Seryesiusque,</span> <span class='ocrx_word' id='word_1_111' title='bbox 561 1174 730 1220; x_wconf 74' lang='lat' dir='ltr'>(lomus</span> <span class='ocrx_word' id='word_1_112' title='bbox 777 1175 899 1220; x_wconf 71' lang='lat' dir='ltr'>tenet</span> <span class='ocrx_word' id='word_1_113' title='bbox 945 1188 976 1220; x_wconf 88' lang='lat' dir='ltr'>a</span> <span class='ocrx_word' id='word_1_114' title='bbox 1015 1187 1107 1232; x_wconf 78' lang='lat' dir='ltr'>quo</span> <span class='ocrx_word' id='word_1_115' title='bbox 1145 1172 1316 1233; x_wconf 74' lang='lat' dir='ltr'>Seryia</span> <span class='ocrx_word' id='word_1_116' title='bbox 1362 1187 1557 1228; x_wconf 89' lang='lat' dir='ltr'>nomen,</span> <span class='ocrx_word' id='word_1_117' title='bbox 1603 1171 1845 1221; x_wconf 74' lang='lat' dir='ltr'>Centauro</span> 
     </span>
     <span class='ocr_line' id='line_1_15' title="bbox 152 1246 1846 1308; baseline 0 -14"><span class='ocrx_word' id='word_1_118' title='bbox 152 1248 392 1294; x_wconf 75' lang='lat' dir='ltr'>invehitur</span> <span class='ocrx_word' id='word_1_119' title='bbox 429 1262 611 1307; x_wconf 69' lang='lat' dir='ltr'>mayna</span> <span class='ocrx_word' id='word_1_120' title='bbox 648 1246 901 1308; x_wconf 74' lang='lat' dir='ltr'>Scyllaque</span> <span class='ocrx_word' id='word_1_121' title='bbox 945 1247 1206 1295; x_wconf 75' lang='lat' dir='ltr'>Cloanthus</span> <span class='ocrx_word' id='word_1_122' title='bbox 1246 1249 1490 1302; x_wconf 79' lang='lat' dir='ltr'>caerulea,</span> <span class='ocrx_word' id='word_1_123' title='bbox 1526 1262 1679 1307; x_wconf 71' lang='lat' dir='ltr'>yenus</span> <span class='ocrx_word' id='word_1_124' title='bbox 1717 1246 1846 1294; x_wconf 81' lang='lat' dir='ltr'>wnde</span> 
     </span>
     <span class='ocr_line' id='line_1_16' title="bbox 154 1320 1912 1375; baseline 0.001 -7"><span class='ocrx_word' id='word_1_125' title='bbox 154 1322 261 1375; x_wconf 76' lang='lat' dir='ltr'>tibi,</span> <span class='ocrx_word' id='word_1_126' title='bbox 313 1321 534 1369; x_wconf 85' lang='lat' dir='ltr'>Romane</span> <span class='ocrx_word' id='word_1_127' title='bbox 591 1320 794 1369; x_wconf 66' lang='lat' dir='ltr'>Cluenti.</span> <span class='ocrx_word' id='word_1_128' title='bbox 880 1321 1005 1368; x_wconf 84' lang='lat' dir='ltr'>dixit</span> <span class='ocrx_word' id='word_1_129' title='bbox 1058 1323 1262 1368; x_wconf 87' lang='lat' dir='ltr'>navium</span> <span class='ocrx_word' id='word_1_130' title='bbox 1317 1323 1518 1368; x_wconf 90' lang='lat' dir='ltr'>nomina</span> <span class='ocrx_word' id='word_1_131' title='bbox 1573 1324 1622 1368; x_wconf 89' lang='lat' dir='ltr'>et</span> <span class='ocrx_word' id='word_1_132' title='bbox 1676 1335 1845 1368; x_wconf 92' lang='lat' dir='ltr'>earum</span> <span class='ocrx_word' id='word_1_133' title='bbox 1870 1335 1912 1370; x_wconf 72' lang='lat'>15</span> 
     </span>
     <span class='ocr_line' id='line_1_17' title="bbox 154 1395 1845 1458; baseline -0.001 -16"><span class='ocrx_word' id='word_1_134' title='bbox 154 1395 522 1458; x_wconf 71' lang='lat' dir='ltr'>magnitudines</span> <span class='ocrx_word' id='word_1_135' title='bbox 564 1397 824 1456; x_wconf 75' lang='lat' dir='ltr'>expressit,</span> <span class='ocrx_word' id='word_1_136' title='bbox 865 1395 1143 1443; x_wconf 85' lang='lat' dir='ltr'>nominavit</span> <span class='ocrx_word' id='word_1_137' title='bbox 1182 1395 1328 1443; x_wconf 89' lang='lat' dir='ltr'>duces</span> <span class='ocrx_word' id='word_1_138' title='bbox 1370 1398 1419 1442; x_wconf 89' lang='lat' dir='ltr'>et</span> <span class='ocrx_word' id='word_1_139' title='bbox 1459 1411 1629 1442; x_wconf 86' lang='lat' dir='ltr'>eorum</span> <span class='ocrx_word' id='word_1_140' title='bbox 1667 1395 1845 1442; x_wconf 90' lang='lat' dir='ltr'>nobili-</span> 
     </span>
     <span class='ocr_line' id='line_1_18' title="bbox 153 1469 742 1530; baseline 0 -14"><span class='ocrx_word' id='word_1_141' title='bbox 153 1472 310 1516; x_wconf 86' lang='lat' dir='ltr'>tatem</span> <span class='ocrx_word' id='word_1_142' title='bbox 350 1469 615 1530; x_wconf 80' lang='lat' dir='ltr'>conplexus</span> <span class='ocrx_word' id='word_1_143' title='bbox 656 1471 742 1517; x_wconf 89' lang='lat' dir='ltr'>est.</span> 
     </span>
    </p>

    <p class='ocr_par' dir='ltr' id='par_1_5' title="bbox 68 1543 1998 2493">
     <span class='ocr_line' id='line_1_19' title="bbox 68 1543 1844 1603; baseline 0.002 -17"><span class='ocrx_word' id='word_1_144' title='bbox 68 1548 150 1587; x_wconf 79' lang='lat'>125</span> <span class='ocrx_word' id='word_1_145' title='bbox 266 1543 360 1590; x_wconf 74' lang='lat' dir='ltr'>Est</span> <span class='ocrx_word' id='word_1_146' title='bbox 394 1544 572 1603; x_wconf 74' lang='lat' dir='ltr'>procul</span> <span class='ocrx_word' id='word_1_147' title='bbox 616 1545 670 1590; x_wconf 91' lang='lat' dir='ltr'>in</span> <span class='ocrx_word' id='word_1_148' title='bbox 709 1543 884 1603; x_wconf 71' lang='lat' dir='ltr'>pelayo</span> <span class='ocrx_word' id='word_1_149' title='bbox 931 1557 1107 1590; x_wconf 76' lang='lat' dir='ltr'>saxum</span> <span class='ocrx_word' id='word_1_150' title='bbox 1153 1545 1435 1603; x_wconf 76' lang='lat' dir='ltr'>spumantia</span> <span class='ocrx_word' id='word_1_151' title='bbox 1480 1546 1647 1591; x_wconf 78' lang='lat' dir='ltr'>contra</span> <span class='ocrx_word' id='word_1_152' title='bbox 1687 1543 1844 1598; x_wconf 74' lang='lat' dir='ltr'>litora,</span> 
     </span>
     <span class='ocr_line' id='line_1_20' title="bbox 154 1617 1995 1684; baseline 0 -20"><span class='ocrx_word' id='word_1_153' title='bbox 154 1618 279 1677; x_wconf 77' lang='lat' dir='ltr'>quod</span> <span class='ocrx_word' id='word_1_154' title='bbox 324 1618 523 1665; x_wconf 73' lang='lat' dir='ltr'>tumidis</span> <span class='ocrx_word' id='word_1_155' title='bbox 569 1632 891 1665; x_wconf 78' lang='lat' dir='ltr'>summersam</span> <span class='ocrx_word' id='word_1_156' title='bbox 937 1618 1159 1664; x_wconf 71' lang='lat' dir='ltr'>tunditur</span> <span class='ocrx_word' id='word_1_157' title='bbox 1205 1618 1319 1664; x_wconf 80' lang='lat' dir='ltr'>olim</span> <span class='ocrx_word' id='word_1_158' title='bbox 1365 1617 1611 1675; x_wconf 75' lang='lat' dir='ltr'>fluctibus,</span> <span class='ocrx_word' id='word_1_159' title='bbox 1658 1617 1846 1664; x_wconf 76' lang='lat' dir='ltr'>hiberni</span> <span class='ocrx_word' id='word_1_160' title='bbox 1992 1677 1995 1684; x_wconf 31' lang='grc' dir='ltr'>Ι</span> 
     </span>
     <span class='ocr_line' id='line_1_21' title="bbox 153 1691 1998 1750; baseline -0.001 -11"><span class='ocrx_word' id='word_1_161' title='bbox 153 1692 366 1739; x_wconf 74' lang='lat' dir='ltr'>condunt</span> <span class='ocrx_word' id='word_1_162' title='bbox 402 1692 486 1738; x_wconf 85' lang='lat' dir='ltr'>ubi</span> <span class='ocrx_word' id='word_1_163' title='bbox 515 1692 679 1739; x_wconf 82' lang='lat' dir='ltr'>sidera</span> <span class='ocrx_word' id='word_1_164' title='bbox 711 1693 810 1738; x_wconf 77' lang='lat' dir='ltr'>cori</span> <span class='ocrx_word' id='word_1_165' title='bbox 820 1704 837 1749; x_wconf 88' lang='lat'>,·</span> <span class='ocrx_word' id='word_1_166' title='bbox 877 1691 1139 1750; x_wconf 76' lang='lat' dir='ltr'>tranquillo</span> <span class='ocrx_word' id='word_1_167' title='bbox 1169 1692 1277 1738; x_wconf 77' lang='lat' dir='ltr'>silet</span> <span class='ocrx_word' id='word_1_168' title='bbox 1306 1693 1580 1750; x_wconf 78' lang='lat' dir='ltr'>inmotaque</span> <span class='ocrx_word' id='word_1_169' title='bbox 1611 1691 1846 1739; x_wconf 65' lang='lat' dir='ltr'>ati‘ollitur</span> <span class='ocrx_word' id='word_1_170' title='bbox 1869 1691 1938 1740; x_wconf 79' lang='lat'>20&#39;</span> <span class='ocrx_word' id='word_1_171' title='bbox 1992 1704 1998 1737; x_wconf 61' lang='grc' dir='ltr'><em>π</em></span> 
     </span>
     <span class='ocr_line' id='line_1_22' title="bbox 153 1764 1845 1826; baseline -0.001 -14"><span class='ocrx_word' id='word_1_172' title='bbox 153 1766 289 1812; x_wconf 79' lang='lat' dir='ltr'>wncla</span> <span class='ocrx_word' id='word_1_173' title='bbox 329 1780 529 1826; x_wconf 74' lang='lat' dir='ltr'>campus</span> <span class='ocrx_word' id='word_1_174' title='bbox 568 1767 611 1813; x_wconf 77' lang='lat' dir='ltr'>et</span> <span class='ocrx_word' id='word_1_175' title='bbox 648 1766 829 1825; x_wconf 63' lang='lat' dir='ltr'>apricis</span> <span class='ocrx_word' id='word_1_176' title='bbox 867 1766 1008 1813; x_wconf 71' lang='lat' dir='ltr'>statio</span> <span class='ocrx_word' id='word_1_177' title='bbox 1045 1766 1332 1825; x_wconf 45' lang='lat' dir='ltr'>„cratissima</span> <span class='ocrx_word' id='word_1_178' title='bbox 1369 1767 1570 1825; x_wconf 59' lang='lat' dir='ltr'>mergis:</span> <span class='ocrx_word' id='word_1_179' title='bbox 1620 1764 1683 1812; x_wconf 87' lang='lat' dir='ltr'>ad</span> <span class='ocrx_word' id='word_1_180' title='bbox 1721 1765 1845 1812; x_wconf 86' lang='lat' dir='ltr'>ima-</span> 
     </span>
     <span class='ocr_line' id='line_1_23' title="bbox 155 1838 1847 1902; baseline 0 -16"><span class='ocrx_word' id='word_1_181' title='bbox 155 1841 319 1902; x_wconf 87' lang='lat' dir='ltr'>ginem</span> <span class='ocrx_word' id='word_1_182' title='bbox 353 1839 643 1887; x_wconf 88' lang='lat' dir='ltr'>circensium</span> <span class='ocrx_word' id='word_1_183' title='bbox 675 1840 938 1902; x_wconf 80' lang='lat' dir='ltr'>conposuit</span> <span class='ocrx_word' id='word_1_184' title='bbox 969 1839 1145 1886; x_wconf 85' lang='lat' dir='ltr'>navale</span> <span class='ocrx_word' id='word_1_185' title='bbox 1177 1842 1441 1887; x_wconf 86' lang='lat' dir='ltr'>certamen.</span> <span class='ocrx_word' id='word_1_186' title='bbox 1496 1839 1638 1886; x_wconf 84' lang='lat' dir='ltr'>navis</span> <span class='ocrx_word' id='word_1_187' title='bbox 1670 1838 1847 1886; x_wconf 86' lang='lat' dir='ltr'>habuit</span> 
     </span>
     <span class='ocr_line' id='line_1_24' title="bbox 154 1913 1846 1976; baseline -0.001 -16"><span class='ocrx_word' id='word_1_188' title='bbox 154 1929 244 1975; x_wconf 89' lang='lat' dir='ltr'>pro</span> <span class='ocrx_word' id='word_1_189' title='bbox 285 1913 556 1976; x_wconf 83' lang='lat' dir='ltr'>quadrigis,</span> <span class='ocrx_word' id='word_1_190' title='bbox 596 1929 685 1974; x_wconf 89' lang='lat' dir='ltr'>pro</span> <span class='ocrx_word' id='word_1_191' title='bbox 726 1914 915 1976; x_wconf 86' lang='lat' dir='ltr'>aurigis</span> <span class='ocrx_word' id='word_1_192' title='bbox 954 1929 1070 1961; x_wconf 87' lang='lat' dir='ltr'>vero</span> <span class='ocrx_word' id='word_1_193' title='bbox 1111 1928 1193 1961; x_wconf 86' lang='lat' dir='ltr'>eos</span> <span class='ocrx_word' id='word_1_194' title='bbox 1228 1929 1437 1974; x_wconf 91' lang='lat' dir='ltr'>quorum</span> <span class='ocrx_word' id='word_1_195' title='bbox 1469 1914 1672 1960; x_wconf 84' lang='lat' dir='ltr'>nomina</span> <span class='ocrx_word' id='word_1_196' title='bbox 1705 1928 1846 1974; x_wconf 89' lang='lat' dir='ltr'>supe-</span> 
     </span>
     <span class='ocr_line' id='line_1_25' title="bbox 154 1987 1845 2050; baseline 0 -16"><span class='ocrx_word' id='word_1_197' title='bbox 154 1987 256 2035; x_wconf 88' lang='lat' dir='ltr'>rius</span> <span class='ocrx_word' id='word_1_198' title='bbox 297 1987 665 2048; x_wconf 87' lang='lat' dir='ltr'>conprehendit,</span> <span class='ocrx_word' id='word_1_199' title='bbox 698 1989 919 2049; x_wconf 84' lang='lat' dir='ltr'>spat-ium</span> <span class='ocrx_word' id='word_1_200' title='bbox 953 1987 1123 2050; x_wconf 84' lang='lat' dir='ltr'>pelagi</span> <span class='ocrx_word' id='word_1_201' title='bbox 1161 2002 1251 2049; x_wconf 89' lang='lat' dir='ltr'>pro</span> <span class='ocrx_word' id='word_1_202' title='bbox 1292 1988 1411 2034; x_wconf 87' lang='lat' dir='ltr'>circi</span> <span class='ocrx_word' id='word_1_203' title='bbox 1446 1988 1624 2048; x_wconf 86' lang='lat' dir='ltr'>spatio,</span> <span class='ocrx_word' id='word_1_204' title='bbox 1656 2002 1845 2047; x_wconf 83' lang='lat' dir='ltr'>saxum,</span> 
     </span>
     <span class='ocr_line' id='line_1_26' title="bbox 156 2060 1887 2123; baseline 0 -15"><span class='ocrx_word' id='word_1_205' title='bbox 156 2061 290 2123; x_wconf 86' lang='lat' dir='ltr'>quod</span> <span class='ocrx_word' id='word_1_206' title='bbox 336 2061 604 2108; x_wconf 89' lang='lat' dir='ltr'>secundum</span> <span class='ocrx_word' id='word_1_207' title='bbox 650 2063 882 2108; x_wconf 86' lang='lat' dir='ltr'>naturam</span> <span class='ocrx_word' id='word_1_208' title='bbox 928 2077 1068 2108; x_wconf 90' lang='lat' dir='ltr'>suam</span> <span class='ocrx_word' id='word_1_209' title='bbox 1115 2061 1416 2122; x_wconf 88' lang='lat' dir='ltr'>descriptum</span> <span class='ocrx_word' id='word_1_210' title='bbox 1457 2063 1545 2120; x_wconf 87' lang='lat' dir='ltr'>est,</span> <span class='ocrx_word' id='word_1_211' title='bbox 1585 2060 1648 2108; x_wconf 88' lang='lat' dir='ltr'>ad</span> <span class='ocrx_word' id='word_1_212' title='bbox 1687 2060 1846 2108; x_wconf 84' lang='lat' dir='ltr'>vicem</span> <span class='ocrx_word' id='word_1_213' title='bbox 1870 2096 1887 2108; x_wconf 90' lang='lat'><em>.</em></span> 
     </span>
     <span class='ocr_line' id='line_1_27' title="bbox 154 2134 1846 2198; baseline 0.001 -17"><span class='ocrx_word' id='word_1_214' title='bbox 154 2137 330 2183; x_wconf 83' lang='lat' dir='ltr'>metae.</span> <span class='ocrx_word' id='word_1_215' title='bbox 406 2134 533 2182; x_wconf 89' lang='lat' dir='ltr'>illud</span> <span class='ocrx_word' id='word_1_216' title='bbox 570 2136 730 2198; x_wconf 88' lang='lat' dir='ltr'>igitur</span> <span class='ocrx_word' id='word_1_217' title='bbox 768 2150 940 2182; x_wconf 84' lang='lat' dir='ltr'>saxum</span> <span class='ocrx_word' id='word_1_218' title='bbox 980 2136 1184 2196; x_wconf 87' lang='lat' dir='ltr'>eminet,</span> <span class='ocrx_word' id='word_1_219' title='bbox 1224 2135 1413 2197; x_wconf 89' lang='lat' dir='ltr'>inquit,</span> <span class='ocrx_word' id='word_1_220' title='bbox 1453 2149 1564 2182; x_wconf 91' lang='lat' dir='ltr'>cum</span> <span class='ocrx_word' id='word_1_221' title='bbox 1601 2135 1846 2196; x_wconf 85' lang='lat' dir='ltr'>tranquil-</span> 
     </span>
     <span class='ocr_line' id='line_1_28' title="bbox 154 2208 1846 2270; baseline 0 -15"><span class='ocrx_word' id='word_1_222' title='bbox 154 2208 258 2255; x_wconf 92' lang='lat' dir='ltr'>lum</span> <span class='ocrx_word' id='word_1_223' title='bbox 299 2211 374 2256; x_wconf 88' lang='lat' dir='ltr'>est</span> <span class='ocrx_word' id='word_1_224' title='bbox 411 2225 567 2270; x_wconf 87' lang='lat' dir='ltr'>mare,</span> <span class='ocrx_word' id='word_1_225' title='bbox 616 2211 665 2256; x_wconf 89' lang='lat' dir='ltr'>et</span> <span class='ocrx_word' id='word_1_226' title='bbox 703 2210 909 2257; x_wconf 88' lang='lat' dir='ltr'>marinis</span> <span class='ocrx_word' id='word_1_227' title='bbox 951 2209 1123 2257; x_wconf 84' lang='lat' dir='ltr'>avibus</span> <span class='ocrx_word' id='word_1_228' title='bbox 1164 2209 1430 2257; x_wconf 79' lang='lat' dir='ltr'>stationem</span> <span class='ocrx_word' id='word_1_229' title='bbox 1468 2208 1695 2270; x_wconf 88' lang='lat' dir='ltr'>praebet,</span> <span class='ocrx_word' id='word_1_230' title='bbox 1735 2224 1846 2256; x_wconf 90' lang='lat' dir='ltr'>cum</span> 
     </span>
     <span class='ocr_line' id='line_1_29' title="bbox 157 2282 1899 2343; baseline 0 -13"><span class='ocrx_word' id='word_1_231' title='bbox 157 2285 324 2330; x_wconf 83' lang='lat' dir='ltr'>autem</span> <span class='ocrx_word' id='word_1_232' title='bbox 364 2284 736 2331; x_wconf 85' lang='lat' dir='ltr'>commoventur</span> <span class='ocrx_word' id='word_1_233' title='bbox 764 2284 818 2330; x_wconf 90' lang='lat' dir='ltr'>in</span> <span class='ocrx_word' id='word_1_234' title='bbox 848 2285 1094 2330; x_wconf 87' lang='lat' dir='ltr'>tumorem</span> <span class='ocrx_word' id='word_1_235' title='bbox 1132 2282 1325 2343; x_wconf 88' lang='lat' dir='ltr'>fluctus,</span> <span class='ocrx_word' id='word_1_236' title='bbox 1355 2282 1589 2329; x_wconf 88' lang='lat' dir='ltr'>tunditur</span> <span class='ocrx_word' id='word_1_237' title='bbox 1620 2285 1670 2330; x_wconf 91' lang='lat' dir='ltr'>et</span> <span class='ocrx_word' id='word_1_238' title='bbox 1699 2282 1846 2330; x_wconf 85' lang='lat' dir='ltr'>undis</span> <span class='ocrx_word' id='word_1_239' title='bbox 1896 2336 1899 2337; x_wconf 12' lang='lat'><em>⁷</em></span> 
     </span>
     <span class='ocr_line' id='line_1_30' title="bbox 157 2355 1845 2419; baseline -0.001 -15"><span class='ocrx_word' id='word_1_240' title='bbox 157 2357 502 2418; x_wconf 87' lang='lat' dir='ltr'>spumantibus</span> <span class='ocrx_word' id='word_1_241' title='bbox 534 2358 769 2417; x_wconf 86' lang='lat' dir='ltr'>operitur.</span> <span class='ocrx_word' id='word_1_242' title='bbox 817 2359 924 2405; x_wconf 89' lang='lat' dir='ltr'>erat</span> <span class='ocrx_word' id='word_1_243' title='bbox 956 2358 1123 2404; x_wconf 87' lang='lat' dir='ltr'>autem</span> <span class='ocrx_word' id='word_1_244' title='bbox 1153 2357 1373 2419; x_wconf 88' lang='lat' dir='ltr'>positum</span> <span class='ocrx_word' id='word_1_245' title='bbox 1402 2372 1502 2404; x_wconf 91' lang='lat' dir='ltr'>non</span> <span class='ocrx_word' id='word_1_246' title='bbox 1523 2355 1671 2418; x_wconf 89' lang='lat' dir='ltr'>longe</span> <span class='ocrx_word' id='word_1_247' title='bbox 1695 2357 1845 2418; x_wconf 80' lang='lat' dir='ltr'>atque</span> 
     </span>
     <span class='ocr_line' id='line_1_31' title="bbox 155 2427 1922 2493; baseline -0.001 -16"><span class='ocrx_word' id='word_1_248' title='bbox 155 2430 244 2491; x_wconf 89' lang='lat' dir='ltr'>ita,</span> <span class='ocrx_word' id='word_1_249' title='bbox 283 2432 340 2477; x_wconf 86' lang='lat' dir='ltr'>ut</span> <span class='ocrx_word' id='word_1_250' title='bbox 371 2429 430 2476; x_wconf 87' lang='lat' dir='ltr'>de</span> <span class='ocrx_word' id='word_1_251' title='bbox 461 2429 608 2478; x_wconf 88' lang='lat' dir='ltr'>litore</span> <span class='ocrx_word' id='word_1_252' title='bbox 638 2430 798 2478; x_wconf 87' lang='lat' dir='ltr'>videri</span> <span class='ocrx_word' id='word_1_253' title='bbox 828 2431 1084 2493; x_wconf 86' lang='lat' dir='ltr'>potuisset.</span> <span class='ocrx_word' id='word_1_254' title='bbox 1146 2431 1222 2478; x_wconf 80' lang='lat' dir='ltr'>hic</span> <span class='ocrx_word' id='word_1_255' title='bbox 1251 2430 1455 2478; x_wconf 80' lang='lat' dir='ltr'>viridem</span> <span class='ocrx_word' id='word_1_256' title='bbox 1486 2427 1680 2477; x_wconf 84' lang='lat' dir='ltr'>Aeneas</span> <span class='ocrx_word' id='word_1_257' title='bbox 1708 2431 1844 2489; x_wconf 80' lang='lat' dir='ltr'>fron·</span> <span class='ocrx_word' id='word_1_258' title='bbox 1920 2450 1922 2455; x_wconf 96' lang='lat'>·</span> 
     </span>
    </p>

    <p class='ocr_par' dir='ltr' id='par_1_6' title="bbox 71 2503 1846 2714">
     <span class='ocr_line' id='line_1_32' title="bbox 71 2503 1844 2566; baseline 0.001 -18"><span class='ocrx_word' id='word_1_259' title='bbox 71 2509 155 2548; x_wconf 84' lang='lat'>130</span> <span class='ocrx_word' id='word_1_260' title='bbox 172 2504 302 2552; x_wconf 74' lang='lat' dir='ltr'>denti</span> <span class='ocrx_word' id='word_1_261' title='bbox 350 2518 405 2552; x_wconf 77' lang='lat' dir='ltr'>ex</span> <span class='ocrx_word' id='word_1_262' title='bbox 450 2504 556 2552; x_wconf 77' lang='lat' dir='ltr'>ilice</span> <span class='ocrx_word' id='word_1_263' title='bbox 601 2507 771 2552; x_wconf 81' lang='lat' dir='ltr'>metam</span> <span class='ocrx_word' id='word_1_264' title='bbox 818 2507 1061 2554; x_wconf 75' lang='lat' dir='ltr'>constituit</span> <span class='ocrx_word' id='word_1_265' title='bbox 1103 2506 1299 2566; x_wconf 61' lang='lat' dir='ltr'>signum</span> <span class='ocrx_word' id='word_1_266' title='bbox 1334 2505 1502 2552; x_wconf 83' lang='lat' dir='ltr'>nautis</span> <span class='ocrx_word' id='word_1_267' title='bbox 1529 2507 1700 2563; x_wconf 74' lang='lat' dir='ltr'>pater:</span> <span class='ocrx_word' id='word_1_268' title='bbox 1750 2503 1844 2564; x_wconf 88' lang='lat' dir='ltr'>hic,</span> 
     </span>
     <span class='ocr_line' id='line_1_33' title="bbox 155 2577 1845 2640; baseline -0.001 -15"><span class='ocrx_word' id='word_1_269' title='bbox 155 2578 251 2626; x_wconf 89' lang='lat' dir='ltr'>hoc</span> <span class='ocrx_word' id='word_1_270' title='bbox 296 2580 372 2626; x_wconf 91' lang='lat' dir='ltr'>est</span> <span class='ocrx_word' id='word_1_271' title='bbox 415 2577 470 2625; x_wconf 88' lang='lat' dir='ltr'>in</span> <span class='ocrx_word' id='word_1_272' title='bbox 514 2577 607 2626; x_wconf 82' lang='lat' dir='ltr'>hoc</span> <span class='ocrx_word' id='word_1_273' title='bbox 653 2593 794 2638; x_wconf 86' lang='lat' dir='ltr'>saxo,</span> <span class='ocrx_word' id='word_1_274' title='bbox 849 2579 1085 2640; x_wconf 85' lang='lat' dir='ltr'>quoniam</span> <span class='ocrx_word' id='word_1_275' title='bbox 1137 2577 1477 2640; x_wconf 87' lang='lat' dir='ltr'>tranquillitas</span> <span class='ocrx_word' id='word_1_276' title='bbox 1532 2577 1630 2624; x_wconf 84' lang='lat' dir='ltr'>fuit</span> <span class='ocrx_word' id='word_1_277' title='bbox 1683 2579 1733 2624; x_wconf 90' lang='lat' dir='ltr'>et</span> <span class='ocrx_word' id='word_1_278' title='bbox 1786 2593 1845 2625; x_wconf 84' lang='lat' dir='ltr'>ex</span> 
     </span>
     <span class='ocr_line' id='line_1_34' title="bbox 157 2651 1846 2714; baseline 0 -16"><span class='ocrx_word' id='word_1_279' title='bbox 157 2651 302 2700; x_wconf 85' lang='lat' dir='ltr'>undis</span> <span class='ocrx_word' id='word_1_280' title='bbox 350 2651 646 2714; x_wconf 83' lang='lat' dir='ltr'>apparebat,</span> <span class='ocrx_word' id='word_1_281' title='bbox 690 2653 836 2714; x_wconf 85' lang='lat' dir='ltr'>pater</span> <span class='ocrx_word' id='word_1_282' title='bbox 874 2651 1068 2700; x_wconf 85' lang='lat' dir='ltr'>Aeneas</span> <span class='ocrx_word' id='word_1_283' title='bbox 1114 2653 1300 2710; x_wconf 82' lang='lat' dir='ltr'>metam</span> <span class='ocrx_word' id='word_1_284' title='bbox 1346 2667 1404 2699; x_wconf 89' lang='lat' dir='ltr'>ex</span> <span class='ocrx_word' id='word_1_285' title='bbox 1441 2652 1555 2699; x_wconf 89' lang='lat' dir='ltr'>ilice</span> <span class='ocrx_word' id='word_1_286' title='bbox 1594 2651 1846 2698; x_wconf 88' lang='lat' dir='ltr'>frondenti</span> 
     </span>
    </p>
   </div>
   <div class='ocr_carea' id='block_1_3' title="bbox 1854 0 2014 3226">
    <p class='ocr_par' dir='ltr' id='par_1_7' title="bbox 1854 0 2014 3226">
     <span class='ocr_line' id='line_1_35' title="bbox 1924 0 2014 1043; baseline 0 -491"><span class='ocrx_word' id='word_1_287' title='bbox 1924 0 2014 1043; x_wconf 95' lang='lat' dir='ltr'>    </span> 
     </span>
     <span class='ocr_line' id='line_1_36' title="bbox 1854 1043 2014 3226; baseline 0 0"><span class='ocrx_word' id='word_1_288' title='bbox 1854 1043 2014 3226; x_wconf 95' lang='lat' dir='ltr'>     </span> 
     </span>
    </p>
   </div>
   <div class='ocr_carea' id='block_1_4' title="bbox 156 2775 1999 3012">
    <p class='ocr_par' dir='ltr' id='par_1_8' title="bbox 156 2775 1999 3012">
     <span class='ocr_line' id='line_1_37' title="bbox 277 2775 1843 2832; baseline -0.001 -11"><span class='ocrx_word' id='word_1_289' title='bbox 277 2782 304 2821; x_wconf 82' lang='lat'><strong>4</strong></span> <span class='ocrx_word' id='word_1_290' title='bbox 336 2777 538 2832; x_wconf 80' lang='lat' dir='ltr'>dilectae,</span> <span class='ocrx_word' id='word_1_291' title='bbox 571 2777 654 2821; x_wconf 82' lang='lat' dir='ltr'>sed.</span> <span class='ocrx_word' id='word_1_292' title='bbox 684 2777 808 2821; x_wconf 70' lang='lat' dir='ltr'>insta</span> <span class='ocrx_word' id='word_1_293' title='bbox 838 2778 1030 2822; x_wconf 73' lang='lat' dir='ltr'>delectae</span> <span class='ocrx_word' id='word_1_294' title='bbox 1059 2777 1110 2821; x_wconf 91' lang='lat' dir='ltr'>L.</span> <span class='ocrx_word' id='word_1_295' title='bbox 1219 2781 1244 2820; x_wconf 88' lang='grc'>6</span> <span class='ocrx_word' id='word_1_296' title='bbox 1275 2777 1520 2822; x_wconf 79' lang='lat' dir='ltr'>initeturae</span> <span class='ocrx_word' id='word_1_297' title='bbox 1550 2775 1637 2819; x_wconf 88' lang='lat' dir='ltr'>LR</span> <span class='ocrx_word' id='word_1_298' title='bbox 1669 2789 1782 2820; x_wconf 83' lang='lat' dir='ltr'>corr.</span> <span class='ocrx_word' id='word_1_299' title='bbox 1806 2790 1843 2820; x_wconf 81' lang='lat' dir='ltr'>r.</span> 
     </span>
     <span class='ocr_line' id='line_1_38' title="bbox 276 2834 1999 2890; baseline 0 -10"><span class='ocrx_word' id='word_1_300' title='bbox 276 2838 305 2880; x_wconf 89' lang='lat'>8</span> <span class='ocrx_word' id='word_1_301' title='bbox 333 2837 517 2882; x_wconf 78' lang='lat' dir='ltr'>nomine</span> <span class='ocrx_word' id='word_1_302' title='bbox 546 2835 600 2879; x_wconf 87' lang='lat' dir='ltr'>R.</span> <span class='ocrx_word' id='word_1_303' title='bbox 724 2839 780 2879; x_wconf 92' lang='lat'>10</span> <span class='ocrx_word' id='word_1_304' title='bbox 813 2837 998 2880; x_wconf 85' lang='lat' dir='ltr'>memini</span> <span class='ocrx_word' id='word_1_305' title='bbox 1027 2836 1081 2880; x_wconf 79' lang='lat' dir='ltr'>R.</span> <span class='ocrx_word' id='word_1_306' title='bbox 1206 2839 1260 2880; x_wconf 84' lang='lat'>13</span> <span class='ocrx_word' id='word_1_307' title='bbox 1291 2837 1432 2880; x_wconf 81' lang='lat' dir='ltr'>sertia</span> <span class='ocrx_word' id='word_1_308' title='bbox 1461 2834 1549 2878; x_wconf 87' lang='lat' dir='ltr'>LR</span> <span class='ocrx_word' id='word_1_309' title='bbox 1588 2849 1700 2880; x_wconf 86' lang='lat' dir='ltr'>corr.</span> <span class='ocrx_word' id='word_1_310' title='bbox 1733 2849 1768 2880; x_wconf 87' lang='lat' dir='ltr'>r.</span> <span class='ocrx_word' id='word_1_311' title='bbox 1931 2885 1933 2890; x_wconf 55' lang='grc'>,</span> <span class='ocrx_word' id='word_1_312' title='bbox 1998 2883 1999 2886; x_wconf 56' lang='grc'>,</span> 
     </span>
     <span class='ocr_line' id='line_1_39' title="bbox 160 2892 1999 2941; baseline 0 -2"><span class='ocrx_word' id='word_1_313' title='bbox 160 2898 213 2939; x_wconf 84' lang='grc'>19</span> <span class='ocrx_word' id='word_1_314' title='bbox 245 2897 524 2941; x_wconf 77' lang='lat' dir='ltr'>submersum</span> <span class='ocrx_word' id='word_1_315' title='bbox 556 2895 627 2940; x_wconf 82' lang='lat' dir='ltr'>ed.</span> <span class='ocrx_word' id='word_1_316' title='bbox 750 2898 807 2939; x_wconf 78' lang='lat'>20</span> <span class='ocrx_word' id='word_1_317' title='bbox 836 2896 962 2940; x_wconf 78' lang='lat' dir='ltr'>chori</span> <span class='ocrx_word' id='word_1_318' title='bbox 990 2892 1089 2938; x_wconf 78' lang='lat' dir='ltr'>LR.</span> <span class='ocrx_word' id='word_1_319' title='bbox 1211 2899 1268 2938; x_wconf 78' lang='lat'>22</span> <span class='ocrx_word' id='word_1_320' title='bbox 1300 2895 1566 2940; x_wconf 77' lang='lat' dir='ltr'>circensium</span> <span class='ocrx_word' id='word_1_321' title='bbox 1597 2894 1684 2938; x_wconf 87' lang='lat' dir='ltr'>LR</span> <span class='ocrx_word' id='word_1_322' title='bbox 1715 2894 1845 2939; x_wconf 83' lang='lat' dir='ltr'>ludo·</span> <span class='ocrx_word' id='word_1_323' title='bbox 1997 2918 1999 2923; x_wconf 44' lang='lat' dir='ltr'>v</span> 
     </span>
     <span class='ocr_line' id='line_1_40' title="bbox 156 2953 1391 3012; baseline -0.002 -14"><span class='ocrx_word' id='word_1_324' title='bbox 156 2968 261 2999; x_wconf 76' lang='lat' dir='ltr'>mm</span> <span class='ocrx_word' id='word_1_325' title='bbox 290 2969 327 3000; x_wconf 85' lang='lat' dir='ltr'>e.</span> <span class='ocrx_word' id='word_1_326' title='bbox 359 2954 430 2998; x_wconf 86' lang='lat' dir='ltr'>ed.</span> <span class='ocrx_word' id='word_1_327' title='bbox 554 2958 610 2998; x_wconf 80' lang='lat'>28</span> <span class='ocrx_word' id='word_1_328' title='bbox 643 2958 940 3000; x_wconf 78' lang='lat' dir='ltr'>commovetwr</span> <span class='ocrx_word' id='word_1_329' title='bbox 969 2954 1078 2999; x_wconf 81' lang='lat' dir='ltr'>edF.</span> <span class='ocrx_word' id='word_1_330' title='bbox 1107 2955 1114 3012; x_wconf 85' lang='grc' dir='ltr'>Ι</span> <span class='ocrx_word' id='word_1_331' title='bbox 1146 2954 1290 3010; x_wconf 70' lang='lat' dir='ltr'>fluctu</span> <span class='ocrx_word' id='word_1_332' title='bbox 1320 2953 1391 2997; x_wconf 84' lang='lat' dir='ltr'>ed.</span> 
     </span>
    </p>
   </div>
  </div>
 </body>
</html>
