<?xml version="1.0" encoding="UTF-8"?>
<!DOCTYPE html PUBLIC "-//W3C//DTD XHTML 1.0 Transitional//EN"
    "http://www.w3.org/TR/xhtml1/DTD/xhtml1-transitional.dtd">
<html xmlns="http://www.w3.org/1999/xhtml" xml:lang="en" lang="en">
 <head>
  <title>
</title>
<meta http-equiv="Content-Type" content="text/html;charset=utf-8" />
  <meta name='ocr-system' content='tesseract 3.04.00' />
  <meta name='ocr-capabilities' content='ocr_page ocr_carea ocr_par ocr_line ocrx_word'/>
</head>
<body>
  <div class='ocr_page' id='page_1' title='image "./interpretationes01donauoft_0507.png"; bbox 0 0 2014 3226; ppageno 0'>
   <div class='ocr_carea' id='block_1_1' title="bbox 810 183 1847 245">
    <p class='ocr_par' dir='ltr' id='par_1_1' title="bbox 810 183 1847 245">
     <span class='ocr_line' id='line_1_1' title="bbox 810 183 1847 245; baseline 0.002 -19"><span class='ocrx_word' id='word_1_1' title='bbox 810 183 1112 230; x_wconf 86' lang='lat' dir='ltr'>AENEIDOS</span> <span class='ocrx_word' id='word_1_2' title='bbox 1146 186 1187 229; x_wconf 91' lang='lat' dir='ltr'><strong>V</strong></span> <span class='ocrx_word' id='word_1_3' title='bbox 1742 195 1847 245; x_wconf 67' lang='lat'>457</span> 
     </span>
    </p>
   </div>
   <div class='ocr_carea' id='block_1_2' title="bbox 101 320 1943 2087">
    <p class='ocr_par' dir='ltr' id='par_1_2' title="bbox 101 320 1943 2087">
     <span class='ocr_line' id='line_1_2' title="bbox 164 320 1849 389; baseline 0.006 -21"><span class='ocrx_word' id='word_1_4' title='bbox 164 323 316 369; x_wconf 87' lang='lat' dir='ltr'>litora</span> <span class='ocrx_word' id='word_1_5' title='bbox 355 320 530 369; x_wconf 84' lang='lat' dir='ltr'>coetu“</span> <span class='ocrx_word' id='word_1_6' title='bbox 569 321 811 370; x_wconf 85' lang='lat' dir='ltr'>inmemor</span> <span class='ocrx_word' id='word_1_7' title='bbox 842 326 920 370; x_wconf 91' lang='lat' dir='ltr'>sui</span> <span class='ocrx_word' id='word_1_8' title='bbox 951 325 1111 372; x_wconf 86' lang='lat' dir='ltr'>factus</span> <span class='ocrx_word' id='word_1_9' title='bbox 1145 326 1403 389; x_wconf 78' lang='lat' dir='ltr'>derogaret</span> <span class='ocrx_word' id='word_1_10' title='bbox 1443 330 1591 376; x_wconf 87' lang='lat' dir='ltr'>etiam</span> <span class='ocrx_word' id='word_1_11' title='bbox 1626 331 1849 378; x_wconf 84' lang='lat' dir='ltr'>ludorum</span> 
     </span>
     <span class='ocr_line' id='line_1_3' title="bbox 166 395 1848 456; baseline 0.005 -13"><span class='ocrx_word' id='word_1_12' title='bbox 166 395 459 456; x_wconf 74' lang='lat' dir='ltr'>celebritati,</span> <span class='ocrx_word' id='word_1_13' title='bbox 500 398 543 443; x_wconf 88' lang='lat' dir='ltr'>si</span> <span class='ocrx_word' id='word_1_14' title='bbox 580 397 713 443; x_wconf 88' lang='lat' dir='ltr'>tanti</span> <span class='ocrx_word' id='word_1_15' title='bbox 742 396 1026 445; x_wconf 86' lang='lat' dir='ltr'>viderentur</span> <span class='ocrx_word' id='word_1_16' title='bbox 1058 399 1121 445; x_wconf 88' lang='lat' dir='ltr'>ad</span> <span class='ocrx_word' id='word_1_17' title='bbox 1154 400 1407 448; x_wconf 82' lang='lat' dir='ltr'>subeunda</span> <span class='ocrx_word' id='word_1_18' title='bbox 1441 406 1707 451; x_wconf 81' lang='lat' dir='ltr'>certamina</span> <span class='ocrx_word' id='word_1_19' title='bbox 1741 422 1848 452; x_wconf 80' lang='lat' dir='ltr'>con-</span> 
     </span>
     <span class='ocr_line' id='line_1_4' title="bbox 165 471 1850 538; baseline 0.005 -21"><span class='ocrx_word' id='word_1_20' title='bbox 165 471 379 530; x_wconf 87' lang='lat' dir='ltr'>venisse,</span> <span class='ocrx_word' id='word_1_21' title='bbox 436 471 523 531; x_wconf 90' lang='lat' dir='ltr'>qui</span> <span class='ocrx_word' id='word_1_22' title='bbox 584 485 694 517; x_wconf 91' lang='lat' dir='ltr'>cum</span> <span class='ocrx_word' id='word_1_23' title='bbox 753 472 1033 519; x_wconf 86' lang='lat' dir='ltr'>nominibus</span> <span class='ocrx_word' id='word_1_24' title='bbox 1082 476 1181 520; x_wconf 90' lang='lat' dir='ltr'>suis</span> <span class='ocrx_word' id='word_1_25' title='bbox 1233 478 1507 523; x_wconf 86' lang='lat' dir='ltr'>enumerari</span> <span class='ocrx_word' id='word_1_26' title='bbox 1562 480 1850 538; x_wconf 86' lang='lat' dir='ltr'>potuissent.</span> 
     </span>
     <span class='ocr_line' id='line_1_5' title="bbox 167 543 1851 603; baseline 0.007 -14"><span class='ocrx_word' id='word_1_27' title='bbox 167 543 360 590; x_wconf 81' lang='lat' dir='ltr'>Aeneas</span> <span class='ocrx_word' id='word_1_28' title='bbox 392 544 566 603; x_wconf 75' lang='lat' dir='ltr'>quibus</span> <span class='ocrx_word' id='word_1_29' title='bbox 605 546 657 590; x_wconf 70' lang='lat' dir='ltr'>rin</span> <span class='ocrx_word' id='word_1_30' title='bbox 696 544 868 592; x_wconf 75' lang='lat' dir='ltr'>mediis</span> <span class='ocrx_word' id='word_1_31' title='bbox 906 548 975 591; x_wconf 76' lang='lat' dir='ltr'>sie</span> <span class='ocrx_word' id='word_1_32' title='bbox 1013 547 1183 594; x_wconf 75' lang='lat' dir='ltr'>deinde</span> <span class='ocrx_word' id='word_1_33' title='bbox 1223 549 1429 596; x_wconf 77' lang='lat' dir='ltr'>Iocutus:</span> <span class='ocrx_word' id='word_1_34' title='bbox 1468 551 1628 598; x_wconf 77' lang='lat' dir='ltr'>voluit</span> <span class='ocrx_word' id='word_1_35' title='bbox 1660 551 1851 600; x_wconf 81' lang='lat' dir='ltr'>Aeneas</span> 
     </span>
     <span class='ocr_line' id='line_1_6' title="bbox 122 617 1854 685; baseline 0.005 -20"><span class='ocrx_word' id='word_1_36' title='bbox 122 635 142 666; x_wconf 83' lang='lat'><strong>5</strong></span> <span class='ocrx_word' id='word_1_37' title='bbox 169 617 256 664; x_wconf 92' lang='lat' dir='ltr'>hos</span> <span class='ocrx_word' id='word_1_38' title='bbox 298 617 520 679; x_wconf 84' lang='lat' dir='ltr'>adloqui,</span> <span class='ocrx_word' id='word_1_39' title='bbox 569 619 627 665; x_wconf 92' lang='lat' dir='ltr'>ut</span> <span class='ocrx_word' id='word_1_40' title='bbox 673 617 875 665; x_wconf 88' lang='lat' dir='ltr'>hortatu</span> <span class='ocrx_word' id='word_1_41' title='bbox 923 635 1011 666; x_wconf 91' lang='lat' dir='ltr'>suo</span> <span class='ocrx_word' id='word_1_42' title='bbox 1061 623 1210 668; x_wconf 85' lang='lat' dir='ltr'>etiam</span> <span class='ocrx_word' id='word_1_43' title='bbox 1252 623 1461 671; x_wconf 86' lang='lat' dir='ltr'>volentis</span> <span class='ocrx_word' id='word_1_44' title='bbox 1508 625 1766 685; x_wconf 88' lang='lat' dir='ltr'>inpelleret</span> <span class='ocrx_word' id='word_1_45' title='bbox 1805 630 1854 673; x_wconf 92' lang='lat' dir='ltr'>et</span> 
     </span>
     <span class='ocr_line' id='line_1_7' title="bbox 166 691 1852 760; baseline 0.005 -22"><span class='ocrx_word' id='word_1_46' title='bbox 166 691 349 739; x_wconf 89' lang='lat' dir='ltr'>scirent</span> <span class='ocrx_word' id='word_1_47' title='bbox 387 691 547 738; x_wconf 88' lang='lat' dir='ltr'>labori</span> <span class='ocrx_word' id='word_1_48' title='bbox 587 707 675 739; x_wconf 92' lang='lat' dir='ltr'>suo</span> <span class='ocrx_word' id='word_1_49' title='bbox 715 692 1105 740; x_wconf 85' lang='lat' dir='ltr'>vicissitudinem</span> <span class='ocrx_word' id='word_1_50' title='bbox 1146 712 1403 743; x_wconf 87' lang='lat' dir='ltr'>munerum</span> <span class='ocrx_word' id='word_1_51' title='bbox 1449 713 1550 745; x_wconf 88' lang='lat' dir='ltr'>esse</span> <span class='ocrx_word' id='word_1_52' title='bbox 1591 715 1852 760; x_wconf 85' lang='lat' dir='ltr'>praepara·</span> 
     </span>
     <span class='ocr_line' id='line_1_8' title="bbox 165 766 1853 835; baseline 0.005 -23"><span class='ocrx_word' id='word_1_53' title='bbox 165 768 283 813; x_wconf 89' lang='lat' dir='ltr'>tam.</span> <span class='ocrx_word' id='word_1_54' title='bbox 348 767 547 825; x_wconf 74' lang='lat' dir='ltr'>accipite</span> <span class='ocrx_word' id='word_1_55' title='bbox 569 766 685 812; x_wconf 80' lang='lat' dir='ltr'>haec</span> <span class='ocrx_word' id='word_1_56' title='bbox 709 767 889 813; x_wconf 78' lang='lat' dir='ltr'>animis</span> <span class='ocrx_word' id='word_1_57' title='bbox 921 768 1163 827; x_wconf 58' lang='lat' dir='ltr'>latiasque</span> <span class='ocrx_word' id='word_1_58' title='bbox 1188 771 1417 818; x_wconf 59' lang='lat' dir='ltr'>advertite</span> <span class='ocrx_word' id='word_1_59' title='bbox 1441 775 1642 819; x_wconf 62' lang='lat' dir='ltr'>mentes.-</span> <span class='ocrx_word' id='word_1_60' title='bbox 1672 788 1853 835; x_wconf 82' lang='lat' dir='ltr'>magna</span> 
     </span>
     <span class='ocr_line' id='line_1_9' title="bbox 166 839 1853 906; baseline 0.004 -20"><span class='ocrx_word' id='word_1_61' title='bbox 166 839 428 900; x_wconf 86' lang='lat' dir='ltr'>principia,</span> <span class='ocrx_word' id='word_1_62' title='bbox 468 854 594 901; x_wconf 87' lang='lat' dir='ltr'>quae</span> <span class='ocrx_word' id='word_1_63' title='bbox 632 843 869 900; x_wconf 87' lang='lat' dir='ltr'>pararent</span> <span class='ocrx_word' id='word_1_64' title='bbox 907 844 1179 902; x_wconf 88' lang='lat' dir='ltr'>praesentis</span> <span class='ocrx_word' id='word_1_65' title='bbox 1220 843 1282 889; x_wconf 84' lang='lat' dir='ltr'>ad</span> <span class='ocrx_word' id='word_1_66' title='bbox 1315 844 1631 893; x_wconf 90' lang='lat' dir='ltr'>audiendum:</span> <span class='ocrx_word' id='word_1_67' title='bbox 1672 846 1853 906; x_wconf 86' lang='lat' dir='ltr'>audite,</span> 
     </span>
     <span class='ocr_line' id='line_1_10' title="bbox 167 913 1852 975; baseline 0.005 -16"><span class='ocrx_word' id='word_1_68' title='bbox 167 913 345 974; x_wconf 87' lang='lat' dir='ltr'>inquit,</span> <span class='ocrx_word' id='word_1_69' title='bbox 384 913 546 974; x_wconf 91' lang='lat' dir='ltr'>plenis</span> <span class='ocrx_word' id='word_1_70' title='bbox 580 914 774 973; x_wconf 88' lang='lat' dir='ltr'>animis,</span> <span class='ocrx_word' id='word_1_71' title='bbox 807 915 925 975; x_wconf 88' lang='lat' dir='ltr'>quia</span> <span class='ocrx_word' id='word_1_72' title='bbox 958 915 1089 962; x_wconf 86' lang='lat' dir='ltr'>laeta</span> <span class='ocrx_word' id='word_1_73' title='bbox 1123 919 1239 964; x_wconf 89' lang='lat' dir='ltr'>estis</span> <span class='ocrx_word' id='word_1_74' title='bbox 1273 918 1447 965; x_wconf 87' lang='lat' dir='ltr'>vestris</span> <span class='ocrx_word' id='word_1_75' title='bbox 1481 919 1703 967; x_wconf 86' lang='lat' dir='ltr'>sensibus</span> <span class='ocrx_word' id='word_1_76' title='bbox 1731 922 1852 968; x_wconf 86' lang='lat' dir='ltr'>meis</span> 
     </span>
     <span class='ocr_line' id='line_1_11' title="bbox 101 979 1943 1040; baseline 0.001 -4"><span class='ocrx_word' id='word_1_77' title='bbox 101 1005 144 1036; x_wconf 79' lang='grc' dir='ltr'>ιο</span> <span class='ocrx_word' id='word_1_78' title='bbox 168 987 587 1035; x_wconf 79' lang='lat' dir='ltr'>insinuationibus</span> <span class='ocrx_word' id='word_1_79' title='bbox 629 979 891 1035; x_wconf 85' lang='lat' dir='ltr'>condituri.</span> <span class='ocrx_word' id='word_1_80' title='bbox 962 1004 1098 1037; x_wconf 86' lang='lat' dir='ltr'>nemo</span> <span class='ocrx_word' id='word_1_81' title='bbox 1139 1006 1194 1038; x_wconf 72' lang='lat' dir='ltr'>ea·</span> <span class='ocrx_word' id='word_1_82' title='bbox 1231 993 1316 1038; x_wconf 77' lang='lat' dir='ltr'>hoe</span> <span class='ocrx_word' id='word_1_83' title='bbox 1354 1006 1549 1039; x_wconf 81' lang='lat' dir='ltr'>numero</span> <span class='ocrx_word' id='word_1_84' title='bbox 1588 994 1705 1040; x_wconf 67' lang='lat' dir='ltr'>mihi</span> <span class='ocrx_word' id='word_1_85' title='bbox 1743 1009 1838 1040; x_wconf 79' lang='lat' dir='ltr'>non</span> <span class='ocrx_word' id='word_1_86' title='bbox 1856 997 1943 1037; x_wconf 80' lang='lat'>305</span> 
     </span>
     <span class='ocr_line' id='line_1_12' title="bbox 169 1061 1852 1125; baseline 0.004 -17"><span class='ocrx_word' id='word_1_87' title='bbox 169 1062 379 1109; x_wconf 68' lang='lat' dir='ltr'>donatus</span> <span class='ocrx_word' id='word_1_88' title='bbox 425 1061 597 1109; x_wconf 71' lang='lat' dir='ltr'>abibit:</span> <span class='ocrx_word' id='word_1_89' title='bbox 652 1077 806 1123; x_wconf 88' lang='lat' dir='ltr'>quam</span> <span class='ocrx_word' id='word_1_90' title='bbox 860 1062 958 1109; x_wconf 91' lang='lat' dir='ltr'>cito</span> <span class='ocrx_word' id='word_1_91' title='bbox 1014 1066 1062 1110; x_wconf 92' lang='lat' dir='ltr'>et</span> <span class='ocrx_word' id='word_1_92' title='bbox 1118 1068 1307 1125; x_wconf 88' lang='lat' dir='ltr'>quanta</span> <span class='ocrx_word' id='word_1_93' title='bbox 1351 1064 1592 1113; x_wconf 89' lang='lat' dir='ltr'>brevitate</span> <span class='ocrx_word' id='word_1_94' title='bbox 1640 1070 1852 1114; x_wconf 79' lang='lat' dir='ltr'>mentem</span> 
     </span>
     <span class='ocr_line' id='line_1_13' title="bbox 166 1135 1854 1198; baseline 0.003 -16"><span class='ocrx_word' id='word_1_95' title='bbox 166 1135 398 1198; x_wconf 89' lang='lat' dir='ltr'>propriae</span> <span class='ocrx_word' id='word_1_96' title='bbox 430 1135 750 1183; x_wconf 84' lang='lat' dir='ltr'>liberalitatis</span> <span class='ocrx_word' id='word_1_97' title='bbox 784 1137 1043 1197; x_wconf 84' lang='lat' dir='ltr'>expressit!</span> <span class='ocrx_word' id='word_1_98' title='bbox 1084 1139 1134 1185; x_wconf 92' lang='lat' dir='ltr'>et</span> <span class='ocrx_word' id='word_1_99' title='bbox 1173 1139 1383 1186; x_wconf 89' lang='lat' dir='ltr'>volentis</span> <span class='ocrx_word' id='word_1_100' title='bbox 1416 1155 1608 1186; x_wconf 91' lang='lat' dir='ltr'>securos</span> <span class='ocrx_word' id='word_1_101' title='bbox 1640 1140 1854 1187; x_wconf 85' lang='lat' dir='ltr'>reddidit</span> 
     </span>
     <span class='ocr_line' id='line_1_14' title="bbox 169 1209 1853 1276; baseline 0.002 -19"><span class='ocrx_word' id='word_1_102' title='bbox 169 1212 218 1257; x_wconf 89' lang='lat' dir='ltr'>et</span> <span class='ocrx_word' id='word_1_103' title='bbox 257 1211 344 1270; x_wconf 90' lang='lat' dir='ltr'>qui</span> <span class='ocrx_word' id='word_1_104' title='bbox 383 1210 594 1258; x_wconf 88' lang='lat' dir='ltr'>forsitan</span> <span class='ocrx_word' id='word_1_105' title='bbox 634 1209 775 1256; x_wconf 91' lang='lat' dir='ltr'>dubii</span> <span class='ocrx_word' id='word_1_106' title='bbox 814 1213 1052 1258; x_wconf 85' lang='lat' dir='ltr'>venerant</span> <span class='ocrx_word' id='word_1_107' title='bbox 1091 1215 1139 1259; x_wconf 92' lang='lat' dir='ltr'>et</span> <span class='ocrx_word' id='word_1_108' title='bbox 1178 1213 1354 1259; x_wconf 80' lang='lat' dir='ltr'>incerti</span> <span class='ocrx_word' id='word_1_109' title='bbox 1400 1213 1704 1276; x_wconf 80' lang='lat' dir='ltr'>benignitate</span> <span class='ocrx_word' id='word_1_110' title='bbox 1743 1215 1853 1275; x_wconf 80' lang='lat' dir='ltr'>ipsa</span> 
     </span>
     <span class='ocr_line' id='line_1_15' title="bbox 167 1283 1851 1347; baseline 0.003 -17"><span class='ocrx_word' id='word_1_111' title='bbox 167 1283 486 1331; x_wconf 85' lang='lat' dir='ltr'>liberalitatis</span> <span class='ocrx_word' id='word_1_112' title='bbox 526 1298 643 1331; x_wconf 85' lang='lat' dir='ltr'>suae</span> <span class='ocrx_word' id='word_1_113' title='bbox 684 1300 867 1347; x_wconf 86' lang='lat' dir='ltr'>magna</span> <span class='ocrx_word' id='word_1_114' title='bbox 905 1285 1182 1345; x_wconf 86' lang='lat' dir='ltr'>pollicendo</span> <span class='ocrx_word' id='word_1_115' title='bbox 1221 1286 1438 1333; x_wconf 85' lang='lat' dir='ltr'>firmavit</span> <span class='ocrx_word' id='word_1_116' title='bbox 1485 1287 1708 1335; x_wconf 91' lang='lat' dir='ltr'>omnibus</span> <span class='ocrx_word' id='word_1_117' title='bbox 1747 1304 1851 1334; x_wconf 82' lang='lat' dir='ltr'>mu-</span> 
     </span>
     <span class='ocr_line' id='line_1_16' title="bbox 101 1357 1854 1423; baseline 0.001 -17"><span class='ocrx_word' id='word_1_118' title='bbox 101 1375 142 1406; x_wconf 80' lang='lat'>15</span> <span class='ocrx_word' id='word_1_119' title='bbox 168 1373 288 1405; x_wconf 89' lang='lat' dir='ltr'>nera</span> <span class='ocrx_word' id='word_1_120' title='bbox 327 1357 573 1419; x_wconf 88' lang='lat' dir='ltr'>spondens</span> <span class='ocrx_word' id='word_1_121' title='bbox 612 1373 702 1406; x_wconf 88' lang='lat' dir='ltr'>nec</span> <span class='ocrx_word' id='word_1_122' title='bbox 743 1374 1041 1419; x_wconf 88' lang='lat' dir='ltr'>quemquam</span> <span class='ocrx_word' id='word_1_123' title='bbox 1081 1359 1308 1407; x_wconf 89' lang='lat' dir='ltr'>adserens</span> <span class='ocrx_word' id='word_1_124' title='bbox 1347 1375 1377 1407; x_wconf 83' lang='lat' dir='ltr'>a</span> <span class='ocrx_word' id='word_1_125' title='bbox 1416 1362 1515 1408; x_wconf 92' lang='lat' dir='ltr'>suis</span> <span class='ocrx_word' id='word_1_126' title='bbox 1567 1362 1665 1408; x_wconf 86' lang='lat' dir='ltr'>fore</span> <span class='ocrx_word' id='word_1_127' title='bbox 1704 1361 1854 1423; x_wconf 85' lang='lat' dir='ltr'>largi-</span> 
     </span>
     <span class='ocr_line' id='line_1_17' title="bbox 167 1431 1854 1496; baseline 0.002 -17"><span class='ocrx_word' id='word_1_128' title='bbox 167 1431 388 1480; x_wconf 83' lang='lat' dir='ltr'>tionibus</span> <span class='ocrx_word' id='word_1_129' title='bbox 436 1432 676 1493; x_wconf 82' lang='lat' dir='ltr'>alienum3</span> <span class='ocrx_word' id='word_1_130' title='bbox 731 1447 843 1479; x_wconf 93' lang='lat' dir='ltr'>cum</span> <span class='ocrx_word' id='word_1_131' title='bbox 894 1434 1024 1480; x_wconf 90' lang='lat' dir='ltr'>enim</span> <span class='ocrx_word' id='word_1_132' title='bbox 1072 1433 1177 1480; x_wconf 89' lang='lat' dir='ltr'>fieri</span> <span class='ocrx_word' id='word_1_133' title='bbox 1224 1449 1321 1481; x_wconf 92' lang='lat' dir='ltr'>non</span> <span class='ocrx_word' id='word_1_134' title='bbox 1367 1438 1531 1496; x_wconf 89' lang='lat' dir='ltr'>posset</span> <span class='ocrx_word' id='word_1_135' title='bbox 1586 1437 1642 1482; x_wconf 94' lang='lat' dir='ltr'>ut</span> <span class='ocrx_word' id='word_1_136' title='bbox 1687 1449 1854 1482; x_wconf 87' lang='lat' dir='ltr'>omnes</span> 
     </span>
     <span class='ocr_line' id='line_1_18' title="bbox 167 1506 1854 1569; baseline 0.001 -15"><span class='ocrx_word' id='word_1_137' title='bbox 167 1506 380 1554; x_wconf 83' lang='lat' dir='ltr'>victores</span> <span class='ocrx_word' id='word_1_138' title='bbox 412 1507 693 1567; x_wconf 84' lang='lat' dir='ltr'>existerent,</span> <span class='ocrx_word' id='word_1_139' title='bbox 733 1506 959 1554; x_wconf 90' lang='lat' dir='ltr'>omnibus</span> <span class='ocrx_word' id='word_1_140' title='bbox 991 1509 1159 1555; x_wconf 89' lang='lat' dir='ltr'>tamen</span> <span class='ocrx_word' id='word_1_141' title='bbox 1190 1507 1489 1555; x_wconf 88' lang='lat' dir='ltr'>donaturum</span> <span class='ocrx_word' id='word_1_142' title='bbox 1522 1523 1571 1555; x_wconf 91' lang='lat' dir='ltr'>se</span> <span class='ocrx_word' id='word_1_143' title='bbox 1609 1523 1712 1556; x_wconf 88' lang='lat' dir='ltr'>esse</span> <span class='ocrx_word' id='word_1_144' title='bbox 1742 1523 1854 1569; x_wconf 91' lang='lat' dir='ltr'>pro-</span> 
     </span>
     <span class='ocr_line' id='line_1_19' title="bbox 168 1580 1855 1642; baseline 0.001 -15"><span class='ocrx_word' id='word_1_145' title='bbox 168 1580 321 1640; x_wconf 86' lang='lat' dir='ltr'>misit,</span> <span class='ocrx_word' id='word_1_146' title='bbox 360 1582 416 1627; x_wconf 91' lang='lat' dir='ltr'>ut</span> <span class='ocrx_word' id='word_1_147' title='bbox 449 1582 499 1628; x_wconf 92' lang='lat' dir='ltr'>et</span> <span class='ocrx_word' id='word_1_148' title='bbox 522 1581 736 1628; x_wconf 81' lang='lat' dir='ltr'>victores</span> <span class='ocrx_word' id='word_1_149' title='bbox 770 1583 1026 1642; x_wconf 87' lang='lat' dir='ltr'>sperarent</span> <span class='ocrx_word' id='word_1_150' title='bbox 1048 1582 1287 1629; x_wconf 82' lang='lat' dir='ltr'>victoriae</span> <span class='ocrx_word' id='word_1_151' title='bbox 1322 1581 1630 1629; x_wconf 90' lang='lat' dir='ltr'>commodum</span> <span class='ocrx_word' id='word_1_152' title='bbox 1663 1584 1713 1629; x_wconf 91' lang='lat' dir='ltr'>et</span> <span class='ocrx_word' id='word_1_153' title='bbox 1735 1582 1855 1629; x_wconf 83' lang='lat' dir='ltr'>victi</span> 
     </span>
     <span class='ocr_line' id='line_1_20' title="bbox 169 1654 1856 1716; baseline 0 -14"><span class='ocrx_word' id='word_1_154' title='bbox 169 1655 352 1702; x_wconf 87' lang='lat' dir='ltr'>scirent</span> <span class='ocrx_word' id='word_1_155' title='bbox 390 1669 493 1702; x_wconf 89' lang='lat' dir='ltr'>sese</span> <span class='ocrx_word' id='word_1_156' title='bbox 534 1670 646 1702; x_wconf 90' lang='lat' dir='ltr'>cum</span> <span class='ocrx_word' id='word_1_157' title='bbox 685 1654 956 1716; x_wconf 84' lang='lat' dir='ltr'>aliquantis</span> <span class='ocrx_word' id='word_1_158' title='bbox 994 1655 1281 1703; x_wconf 88' lang='lat' dir='ltr'>muneribus</span> <span class='ocrx_word' id='word_1_159' title='bbox 1319 1670 1605 1703; x_wconf 85' lang='lat' dir='ltr'>recessuros.</span> <span class='ocrx_word' id='word_1_160' title='bbox 1671 1655 1856 1703; x_wconf 82' lang='lat' dir='ltr'>Gnosia</span> 
     </span>
     <span class='ocr_line' id='line_1_21' title="bbox 102 1729 1855 1789; baseline -0.002 -11"><span class='ocrx_word' id='word_1_161' title='bbox 102 1745 146 1778; x_wconf 69' lang='lat' dir='ltr'>so</span> <span class='ocrx_word' id='word_1_162' title='bbox 171 1729 289 1776; x_wconf 80' lang='lat' dir='ltr'>bina</span> <span class='ocrx_word' id='word_1_163' title='bbox 327 1729 450 1776; x_wconf 82' lang='lat' dir='ltr'>dabo</span> <span class='ocrx_word' id='word_1_164' title='bbox 491 1730 645 1777; x_wconf 82' lang='lat' dir='ltr'>levato</span> <span class='ocrx_word' id='word_1_165' title='bbox 684 1729 850 1776; x_wconf 78' lang='lat' dir='ltr'>lueida</span> <span class='ocrx_word' id='word_1_166' title='bbox 894 1731 1024 1789; x_wconf 73' lang='lat' dir='ltr'>ferro</span> <span class='ocrx_word' id='word_1_167' title='bbox 1062 1730 1252 1789; x_wconf 71' lang='lat' dir='ltr'>spicula</span> <span class='ocrx_word' id='word_1_168' title='bbox 1298 1729 1623 1789; x_wconf 76' lang='lat' dir='ltr'>caelatamque</span> <span class='ocrx_word' id='word_1_169' title='bbox 1661 1732 1855 1788; x_wconf 70' lang='lat' dir='ltr'>arqento</span> 
     </span>
     <span class='ocr_line' id='line_1_22' title="bbox 167 1802 1857 1862; baseline -0.001 -12"><span class='ocrx_word' id='word_1_170' title='bbox 167 1803 299 1862; x_wconf 83' lang='lat' dir='ltr'>ferre</span> <span class='ocrx_word' id='word_1_171' title='bbox 345 1803 611 1862; x_wconf 75' lang='lat' dir='ltr'>bipennem.</span> <span class='ocrx_word' id='word_1_172' title='bbox 646 1859 648 1861; x_wconf 25' lang='grc'><strong>,</strong></span> <span class='ocrx_word' id='word_1_173' title='bbox 696 1803 918 1850; x_wconf 76' lang='lat' dir='ltr'>omnibus</span> <span class='ocrx_word' id='word_1_174' title='bbox 961 1804 1038 1851; x_wconf 78' lang='lat' dir='ltr'>hie</span> <span class='ocrx_word' id='word_1_175' title='bbox 1083 1805 1173 1851; x_wconf 81' lang='lat' dir='ltr'>erit</span> <span class='ocrx_word' id='word_1_176' title='bbox 1220 1817 1349 1850; x_wconf 83' lang='lat' dir='ltr'>unus</span> <span class='ocrx_word' id='word_1_177' title='bbox 1394 1804 1564 1851; x_wconf 81' lang='lat' dir='ltr'>honos:</span> <span class='ocrx_word' id='word_1_178' title='bbox 1616 1802 1857 1862; x_wconf 79' lang='lat' dir='ltr'>omnibuS,</span> 
     </span>
     <span class='ocr_line' id='line_1_23' title="bbox 171 1876 1855 1938; baseline -0.001 -14"><span class='ocrx_word' id='word_1_179' title='bbox 171 1878 257 1937; x_wconf 85' lang='lat' dir='ltr'>ait,</span> <span class='ocrx_word' id='word_1_180' title='bbox 297 1877 458 1924; x_wconf 88' lang='lat' dir='ltr'>simile</span> <span class='ocrx_word' id='word_1_181' title='bbox 498 1878 595 1924; x_wconf 88' lang='lat' dir='ltr'>erit</span> <span class='ocrx_word' id='word_1_182' title='bbox 634 1876 833 1937; x_wconf 89' lang='lat' dir='ltr'>donum,</span> <span class='ocrx_word' id='word_1_183' title='bbox 870 1877 1144 1925; x_wconf 83' lang='lat' dir='ltr'>victoribus</span> <span class='ocrx_word' id='word_1_184' title='bbox 1183 1877 1393 1936; x_wconf 88' lang='lat' dir='ltr'>scilicet,</span> <span class='ocrx_word' id='word_1_185' title='bbox 1439 1878 1489 1924; x_wconf 89' lang='lat' dir='ltr'>et</span> <span class='ocrx_word' id='word_1_186' title='bbox 1533 1892 1625 1938; x_wconf 84' lang='lat' dir='ltr'>par</span> <span class='ocrx_word' id='word_1_187' title='bbox 1669 1877 1722 1923; x_wconf 86' lang='lat' dir='ltr'>in</span> <span class='ocrx_word' id='word_1_188' title='bbox 1760 1876 1855 1932; x_wconf 75' lang='lat' dir='ltr'>lar·</span> 
     </span>
     <span class='ocr_line' id='line_1_24' title="bbox 170 1949 1856 2014; baseline -0.002 -16"><span class='ocrx_word' id='word_1_189' title='bbox 170 1952 359 2014; x_wconf 87' lang='lat' dir='ltr'>gitione</span> <span class='ocrx_word' id='word_1_190' title='bbox 382 1952 634 1999; x_wconf 89' lang='lat' dir='ltr'>meritum.</span> <span class='ocrx_word' id='word_1_191' title='bbox 698 1954 794 1999; x_wconf 82' lang='lat' dir='ltr'>tres</span> <span class='ocrx_word' id='word_1_192' title='bbox 814 1953 1044 2011; x_wconf 78' lang='lat' dir='ltr'>praemia</span> <span class='ocrx_word' id='word_1_193' title='bbox 1065 1953 1222 2011; x_wconf 76' lang='lat' dir='ltr'>primi</span> <span class='ocrx_word' id='word_1_194' title='bbox 1245 1952 1500 2010; x_wconf 71' lang='lat' dir='ltr'>accipient:</span> <span class='ocrx_word' id='word_1_195' title='bbox 1530 1953 1646 2010; x_wconf 88' lang='lat' dir='ltr'>tres,</span> <span class='ocrx_word' id='word_1_196' title='bbox 1677 1949 1856 2011; x_wconf 88' lang='lat' dir='ltr'>inquit,</span> 
     </span>
     <span class='ocr_line' id='line_1_25' title="bbox 170 2024 1857 2087; baseline -0.002 -15"><span class='ocrx_word' id='word_1_197' title='bbox 170 2024 417 2087; x_wconf 82' lang='lat' dir='ltr'>accipient</span> <span class='ocrx_word' id='word_1_198' title='bbox 453 2027 678 2087; x_wconf 86' lang='lat' dir='ltr'>praemia</span> <span class='ocrx_word' id='word_1_199' title='bbox 718 2026 809 2087; x_wconf 85' lang='lat' dir='ltr'>qui</span> <span class='ocrx_word' id='word_1_200' title='bbox 845 2025 1030 2073; x_wconf 87' lang='lat' dir='ltr'>fuerint</span> <span class='ocrx_word' id='word_1_201' title='bbox 1068 2026 1230 2086; x_wconf 85' lang='lat' dir='ltr'>primi.</span> <span class='ocrx_word' id='word_1_202' title='bbox 1307 2026 1532 2084; x_wconf 75' lang='lat' dir='ltr'>flavaque</span> <span class='ocrx_word' id='word_1_203' title='bbox 1569 2027 1716 2083; x_wconf 77' lang='lat' dir='ltr'>caput</span> <span class='ocrx_word' id='word_1_204' title='bbox 1751 2037 1857 2070; x_wconf 85' lang='lat' dir='ltr'>nec-</span> 
     </span>
    </p>
   </div>
   <div class='ocr_carea' id='block_1_3' title="bbox 27 2096 1859 2160">
    <p class='ocr_par' dir='ltr' id='par_1_3' title="bbox 27 2096 1859 2160">
     <span class='ocr_line' id='line_1_26' title="bbox 27 2096 1859 2160; baseline -0.004 -11"><span class='ocrx_word' id='word_1_205' title='bbox 27 2110 34 2116; x_wconf 87' lang='grc'><em>’</em></span> <span class='ocrx_word' id='word_1_206' title='bbox 102 2115 145 2149; x_wconf 78' lang='lat'>25</span> <span class='ocrx_word' id='word_1_207' title='bbox 170 2102 330 2148; x_wconf 75' lang='lat' dir='ltr'>tentur</span> <span class='ocrx_word' id='word_1_208' title='bbox 367 2100 525 2147; x_wconf 82' lang='lat' dir='ltr'>oliva:</span> <span class='ocrx_word' id='word_1_209' title='bbox 568 2099 675 2148; x_wconf 89' lang='lat' dir='ltr'>illic</span> <span class='ocrx_word' id='word_1_210' title='bbox 713 2099 799 2146; x_wconf 91' lang='lat' dir='ltr'>ubi</span> <span class='ocrx_word' id='word_1_211' title='bbox 838 2099 997 2147; x_wconf 89' lang='lat' dir='ltr'>omnis</span> <span class='ocrx_word' id='word_1_212' title='bbox 1026 2100 1194 2160; x_wconf 88' lang='lat' dir='ltr'>posuit</span> <span class='ocrx_word' id='word_1_213' title='bbox 1224 2098 1314 2146; x_wconf 89' lang='lat' dir='ltr'>hos</span> <span class='ocrx_word' id='word_1_214' title='bbox 1344 2096 1622 2159; x_wconf 89' lang='lat' dir='ltr'>aequaliter</span> <span class='ocrx_word' id='word_1_215' title='bbox 1652 2112 1702 2145; x_wconf 91' lang='lat' dir='ltr'>se</span> <span class='ocrx_word' id='word_1_216' title='bbox 1733 2096 1859 2143; x_wconf 85' lang='lat' dir='ltr'>dixit</span> 
     </span>
    </p>
   </div>
   <div class='ocr_carea' id='block_1_4' title="bbox 168 2170 1858 2456">
    <p class='ocr_par' dir='ltr' id='par_1_4' title="bbox 168 2170 1858 2456">
     <span class='ocr_line' id='line_1_27' title="bbox 169 2170 1855 2235; baseline -0.003 -14"><span class='ocrx_word' id='word_1_217' title='bbox 169 2176 570 2233; x_wconf 69' lang='lat' dir='ltr'>munerat-urum,</span> <span class='ocrx_word' id='word_1_218' title='bbox 612 2174 695 2221; x_wconf 91' lang='lat' dir='ltr'>hic</span> <span class='ocrx_word' id='word_1_219' title='bbox 734 2174 926 2235; x_wconf 85' lang='lat' dir='ltr'>excepit</span> <span class='ocrx_word' id='word_1_220' title='bbox 962 2174 1054 2220; x_wconf 87' lang='lat' dir='ltr'>tris</span> <span class='ocrx_word' id='word_1_221' title='bbox 1087 2174 1237 2234; x_wconf 87' lang='lat' dir='ltr'>atque</span> <span class='ocrx_word' id='word_1_222' title='bbox 1276 2172 1376 2220; x_wconf 83' lang='lat' dir='ltr'>illis</span> <span class='ocrx_word' id='word_1_223' title='bbox 1414 2186 1620 2219; x_wconf 82' lang='lat' dir='ltr'>munera</span> <span class='ocrx_word' id='word_1_224' title='bbox 1656 2170 1855 2232; x_wconf 87' lang='lat' dir='ltr'>pollice·</span> 
     </span>
     <span class='ocr_line' id='line_1_28' title="bbox 168 2243 1858 2310; baseline -0.002 -16"><span class='ocrx_word' id='word_1_225' title='bbox 168 2249 254 2295; x_wconf 92' lang='lat' dir='ltr'>tur</span> <span class='ocrx_word' id='word_1_226' title='bbox 304 2249 390 2309; x_wconf 83' lang='lat' dir='ltr'>qui</span> <span class='ocrx_word' id='word_1_227' title='bbox 435 2247 585 2310; x_wconf 90' lang='lat' dir='ltr'>primi</span> <span class='ocrx_word' id='word_1_228' title='bbox 631 2247 838 2296; x_wconf 88' lang='lat' dir='ltr'>existere</span> <span class='ocrx_word' id='word_1_229' title='bbox 883 2248 1182 2309; x_wconf 87' lang='lat' dir='ltr'>potuissent,</span> <span class='ocrx_word' id='word_1_230' title='bbox 1232 2246 1325 2294; x_wconf 90' lang='lat' dir='ltr'>hoc</span> <span class='ocrx_word' id='word_1_231' title='bbox 1379 2247 1454 2294; x_wconf 88' lang='lat' dir='ltr'>est</span> <span class='ocrx_word' id='word_1_232' title='bbox 1505 2244 1681 2306; x_wconf 84' lang='lat' dir='ltr'>quibus</span> <span class='ocrx_word' id='word_1_233' title='bbox 1732 2243 1858 2292; x_wconf 84' lang='lat' dir='ltr'>alios</span> 
     </span>
     <span class='ocr_line' id='line_1_29' title="bbox 169 2319 1858 2384; baseline -0.002 -16"><span class='ocrx_word' id='word_1_234' title='bbox 169 2322 458 2383; x_wconf 86' lang='lat' dir='ltr'>praevenire</span> <span class='ocrx_word' id='word_1_235' title='bbox 505 2322 837 2384; x_wconf 87' lang='lat' dir='ltr'>contingeret,</span> <span class='ocrx_word' id='word_1_236' title='bbox 890 2322 948 2368; x_wconf 94' lang='lat' dir='ltr'>ut</span> <span class='ocrx_word' id='word_1_237' title='bbox 1000 2322 1222 2382; x_wconf 80' lang='lat' dir='ltr'>praemia</span> <span class='ocrx_word' id='word_1_238' title='bbox 1271 2319 1582 2381; x_wconf 85' lang='lat' dir='ltr'>perciperent</span> <span class='ocrx_word' id='word_1_239' title='bbox 1627 2320 1678 2366; x_wconf 92' lang='lat' dir='ltr'>et</span> <span class='ocrx_word' id='word_1_240' title='bbox 1723 2332 1858 2365; x_wconf 86' lang='lat' dir='ltr'>coro·</span> 
     </span>
     <span class='ocr_line' id='line_1_30' title="bbox 171 2390 1856 2456; baseline -0.004 -12"><span class='ocrx_word' id='word_1_241' title='bbox 171 2411 303 2456; x_wconf 77' lang='lat' dir='ltr'>nam,</span> <span class='ocrx_word' id='word_1_242' title='bbox 343 2396 534 2444; x_wconf 88' lang='lat' dir='ltr'>scilicet</span> <span class='ocrx_word' id='word_1_243' title='bbox 569 2398 628 2444; x_wconf 90' lang='lat' dir='ltr'>ut</span> <span class='ocrx_word' id='word_1_244' title='bbox 666 2395 880 2443; x_wconf 85' lang='lat' dir='ltr'>alterum</span> <span class='ocrx_word' id='word_1_245' title='bbox 919 2395 1114 2442; x_wconf 87' lang='lat' dir='ltr'>cederet</span> <span class='ocrx_word' id='word_1_246' title='bbox 1143 2393 1415 2454; x_wconf 86' lang='lat' dir='ltr'>commodo,</span> <span class='ocrx_word' id='word_1_247' title='bbox 1454 2393 1664 2441; x_wconf 76' lang='lat' dir='ltr'>alterum</span> <span class='ocrx_word' id='word_1_248' title='bbox 1696 2390 1856 2455; x_wconf 81' lang='lat' dir='ltr'>digni-</span> 
     </span>
    </p>
   </div>
   <div class='ocr_carea' id='block_1_5' title="bbox 171 2482 466 2486">
    <p class='ocr_par' dir='ltr' id='par_1_5' title="bbox 171 2482 466 2486">
     <span class='ocr_line' id='line_1_31' title="bbox 171 2482 466 2486; baseline 0 0"><span class='ocrx_word' id='word_1_249' title='bbox 171 2482 466 2486; x_wconf 95' lang='lat' dir='ltr'> </span> 
     </span>
    </p>
   </div>
   <div class='ocr_carea' id='block_1_6' title="bbox 128 2515 1861 3040">
    <p class='ocr_par' dir='ltr' id='par_1_6' title="bbox 128 2515 1861 3040">
     <span class='ocr_line' id='line_1_32' title="bbox 292 2515 1767 2575; baseline -0.003 -11"><span class='ocrx_word' id='word_1_250' title='bbox 292 2525 318 2564; x_wconf 80' lang='lat'>2</span> <span class='ocrx_word' id='word_1_251' title='bbox 351 2522 474 2566; x_wconf 81' lang='lat' dir='ltr'>tanti</span> <span class='ocrx_word' id='word_1_252' title='bbox 502 2521 590 2564; x_wconf 86' lang='lat' dir='ltr'>LR</span> <span class='ocrx_word' id='word_1_253' title='bbox 628 2525 695 2565; x_wconf 85' lang='lat' dir='ltr'>tot</span> <span class='ocrx_word' id='word_1_254' title='bbox 724 2521 796 2565; x_wconf 89' lang='lat' dir='ltr'>ed.</span> <span class='ocrx_word' id='word_1_255' title='bbox 942 2525 967 2563; x_wconf 88' lang='grc'><strong>3</strong></span> <span class='ocrx_word' id='word_1_256' title='bbox 1003 2533 1106 2564; x_wconf 83' lang='lat' dir='ltr'>cum</span> <span class='ocrx_word' id='word_1_257' title='bbox 1136 2532 1225 2563; x_wconf 89' lang='lat' dir='ltr'>om.</span> <span class='ocrx_word' id='word_1_258' title='bbox 1252 2518 1323 2563; x_wconf 88' lang='lat' dir='ltr'>ed.</span> <span class='ocrx_word' id='word_1_259' title='bbox 1367 2520 1374 2575; x_wconf 89' lang='grc' dir='ltr'>Ι</span> <span class='ocrx_word' id='word_1_260' title='bbox 1422 2517 1689 2563; x_wconf 71' lang='lat' dir='ltr'>numinibus</span> <span class='ocrx_word' id='word_1_261' title='bbox 1718 2515 1767 2559; x_wconf 92' lang='lat' dir='ltr'>L.</span> 
     </span>
     <span class='ocr_line' id='line_1_33' title="bbox 173 2576 1859 2636; baseline -0.004 -13"><span class='ocrx_word' id='word_1_262' title='bbox 173 2583 200 2623; x_wconf 82' lang='lat'><em>9</em></span> <span class='ocrx_word' id='word_1_263' title='bbox 232 2581 343 2636; x_wconf 77' lang='lat' dir='ltr'>quia</span> <span class='ocrx_word' id='word_1_264' title='bbox 376 2581 496 2625; x_wconf 84' lang='lat' dir='ltr'>laeta</span> <span class='ocrx_word' id='word_1_265' title='bbox 527 2582 634 2625; x_wconf 78' lang='lat' dir='ltr'>estis</span> <span class='ocrx_word' id='word_1_266' title='bbox 663 2580 751 2623; x_wconf 81' lang='lat' dir='ltr'>LR</span> <span class='ocrx_word' id='word_1_267' title='bbox 782 2593 921 2636; x_wconf 78' lang='lat' dir='ltr'>quum</span> <span class='ocrx_word' id='word_1_268' title='bbox 953 2578 1130 2623; x_wconf 76' lang='lat' dir='ltr'>laetitia</span> <span class='ocrx_word' id='word_1_269' title='bbox 1160 2577 1232 2622; x_wconf 87' lang='lat' dir='ltr'>ed.</span> <span class='ocrx_word' id='word_1_270' title='bbox 1261 2580 1268 2635; x_wconf 89' lang='grc' dir='ltr'>Ι</span> <span class='ocrx_word' id='word_1_271' title='bbox 1301 2579 1410 2635; x_wconf 83' lang='lat' dir='ltr'>post</span> <span class='ocrx_word' id='word_1_272' title='bbox 1439 2576 1644 2622; x_wconf 70' lang='lat' dir='ltr'>sensibus</span> <span class='ocrx_word' id='word_1_273' title='bbox 1672 2587 1759 2619; x_wconf 75' lang='grc' dir='ltr'>ηε.</span> <span class='ocrx_word' id='word_1_274' title='bbox 1778 2586 1859 2617; x_wconf 77' lang='lat' dir='ltr'>sex</span> 
     </span>
     <span class='ocr_line' id='line_1_34' title="bbox 170 2632 1768 2701; baseline -0.003 -19"><span class='ocrx_word' id='word_1_275' title='bbox 170 2638 437 2684; x_wconf 74' lang='lat' dir='ltr'>litterarum</span> <span class='ocrx_word' id='word_1_276' title='bbox 467 2639 518 2683; x_wconf 90' lang='lat' dir='ltr'>in</span> <span class='ocrx_word' id='word_1_277' title='bbox 548 2640 603 2684; x_wconf 88' lang='lat' dir='ltr'>R.</span> <span class='ocrx_word' id='word_1_278' title='bbox 698 2643 754 2682; x_wconf 88' lang='grc'>10</span> <span class='ocrx_word' id='word_1_279' title='bbox 785 2638 1018 2684; x_wconf 68' lang='lat' dir='ltr'>condituri</span> <span class='ocrx_word' id='word_1_280' title='bbox 1040 2636 1081 2679; x_wconf 85' lang='lat' dir='ltr'><strong>R</strong></span> <span class='ocrx_word' id='word_1_281' title='bbox 1111 2637 1326 2682; x_wconf 76' lang='lat' dir='ltr'>conditur</span> <span class='ocrx_word' id='word_1_282' title='bbox 1347 2636 1383 2679; x_wconf 93' lang='lat' dir='ltr'>L</span> <span class='ocrx_word' id='word_1_283' title='bbox 1415 2636 1675 2680; x_wconf 68' lang='lat' dir='ltr'>immittitur</span> <span class='ocrx_word' id='word_1_284' title='bbox 1696 2632 1768 2701; x_wconf 75' lang='lat' dir='ltr'>ed.</span> 
     </span>
     <span class='ocr_line' id='line_1_35' title="bbox 174 2695 1860 2755; baseline -0.004 -13"><span class='ocrx_word' id='word_1_285' title='bbox 174 2702 349 2743; x_wconf 78' lang='lat'>14—15</span> <span class='ocrx_word' id='word_1_286' title='bbox 379 2713 631 2745; x_wconf 75' lang='lat' dir='ltr'>numeram</span> <span class='ocrx_word' id='word_1_287' title='bbox 646 2698 867 2755; x_wconf 58' lang='lat' dir='ltr'>ponderis</span> <span class='ocrx_word' id='word_1_288' title='bbox 889 2696 977 2741; x_wconf 74' lang='lat' dir='ltr'>LR,</span> <span class='ocrx_word' id='word_1_289' title='bbox 1005 2710 1199 2741; x_wconf 83' lang='lat' dir='ltr'>munera</span> <span class='ocrx_word' id='word_1_290' title='bbox 1213 2695 1434 2753; x_wconf 73' lang='lat' dir='ltr'>pollicens</span> <span class='ocrx_word' id='word_1_291' title='bbox 1462 2709 1487 2738; x_wconf 89' lang='lat' dir='ltr'>r</span> <span class='ocrx_word' id='word_1_292' title='bbox 1516 2708 1573 2738; x_wconf 79' lang='lat' dir='ltr'>m.</span> <span class='ocrx_word' id='word_1_293' title='bbox 1592 2697 1860 2751; x_wconf 60' lang='lat' dir='ltr'>mammas</span> 
     </span>
     <span class='ocr_line' id='line_1_36' title="bbox 128 2749 1767 2814; baseline -0.007 -8"><span class='ocrx_word' id='word_1_294' title='bbox 128 2804 130 2806; x_wconf 78' lang='grc'>,</span> <span class='ocrx_word' id='word_1_295' title='bbox 173 2757 246 2802; x_wconf 85' lang='lat' dir='ltr'>ed.</span> <span class='ocrx_word' id='word_1_296' title='bbox 279 2773 336 2802; x_wconf 80' lang='lat' dir='ltr'>m.</span> <span class='ocrx_word' id='word_1_297' title='bbox 368 2758 595 2814; x_wconf 74' lang='lat' dir='ltr'>spondens</span> <span class='ocrx_word' id='word_1_298' title='bbox 631 2771 731 2802; x_wconf 79' lang='lat' dir='ltr'>nos.</span> <span class='ocrx_word' id='word_1_299' title='bbox 884 2761 940 2800; x_wconf 80' lang='lat'>16</span> <span class='ocrx_word' id='word_1_300' title='bbox 977 2755 1076 2810; x_wconf 81' lang='lat' dir='ltr'>fore</span> <span class='ocrx_word' id='word_1_301' title='bbox 1115 2755 1229 2814; x_wconf 65' lang='lat' dir='ltr'>lav-9.</span> <span class='ocrx_word' id='word_1_302' title='bbox 1261 2754 1298 2798; x_wconf 92' lang='lat' dir='ltr'>L</span> <span class='ocrx_word' id='word_1_303' title='bbox 1330 2755 1403 2800; x_wconf 85' lang='lat' dir='ltr'>ed.</span> <span class='ocrx_word' id='word_1_304' title='bbox 1442 2754 1555 2811; x_wconf 70' lang='lat' dir='ltr'>lav-9.</span> <span class='ocrx_word' id='word_1_305' title='bbox 1586 2751 1685 2807; x_wconf 75' lang='lat' dir='ltr'>fore</span> <span class='ocrx_word' id='word_1_306' title='bbox 1715 2749 1767 2794; x_wconf 87' lang='lat' dir='ltr'>R.</span> 
     </span>
     <span class='ocr_line' id='line_1_37' title="bbox 177 2807 1856 2878; baseline -0.005 -18"><span class='ocrx_word' id='word_1_307' title='bbox 177 2821 232 2861; x_wconf 82' lang='lat'>16</span> <span class='ocrx_word' id='word_1_308' title='bbox 264 2822 306 2861; x_wconf 79' lang='lat' dir='ltr'>et</span> <span class='ocrx_word' id='word_1_309' title='bbox 334 2830 438 2862; x_wconf 79' lang='lat' dir='ltr'>eum</span> <span class='ocrx_word' id='word_1_310' title='bbox 467 2817 589 2862; x_wconf 78' lang='lat' dir='ltr'>enim</span> <span class='ocrx_word' id='word_1_311' title='bbox 618 2816 708 2860; x_wconf 86' lang='lat' dir='ltr'>LR</span> <span class='ocrx_word' id='word_1_312' title='bbox 737 2820 780 2860; x_wconf 82' lang='lat' dir='ltr'>et</span> <span class='ocrx_word' id='word_1_313' title='bbox 810 2813 900 2859; x_wconf 87' lang='lat' dir='ltr'>del.</span> <span class='ocrx_word' id='word_1_314' title='bbox 926 2814 998 2859; x_wconf 86' lang='lat' dir='ltr'>ed.</span> <span class='ocrx_word' id='word_1_315' title='bbox 1106 2818 1163 2858; x_wconf 90' lang='lat'>18</span> <span class='ocrx_word' id='word_1_316' title='bbox 1192 2815 1326 2859; x_wconf 70' lang='lat' dir='ltr'>vietis</span> <span class='ocrx_word' id='word_1_317' title='bbox 1354 2812 1404 2858; x_wconf 89' lang='lat' dir='ltr'>L.</span> <span class='ocrx_word' id='word_1_318' title='bbox 1512 2815 1567 2855; x_wconf 80' lang='lat'>19</span> <span class='ocrx_word' id='word_1_319' title='bbox 1597 2823 1688 2878; x_wconf 64' lang='lat' dir='ltr'>esee</span> <span class='ocrx_word' id='word_1_320' title='bbox 1716 2807 1752 2852; x_wconf 90' lang='lat' dir='ltr'>L</span> <span class='ocrx_word' id='word_1_321' title='bbox 1783 2807 1856 2853; x_wconf 84' lang='lat' dir='ltr'>ed.</span> 
     </span>
     <span class='ocr_line' id='line_1_38' title="bbox 174 2869 1861 2933; baseline -0.005 -14"><span class='ocrx_word' id='word_1_322' title='bbox 174 2889 264 2920; x_wconf 86' lang='lat' dir='ltr'>om.</span> <span class='ocrx_word' id='word_1_323' title='bbox 287 2875 332 2920; x_wconf 81' lang='lat' dir='ltr'>R</span> <span class='ocrx_word' id='word_1_324' title='bbox 360 2889 452 2921; x_wconf 77' lang='lat' dir='ltr'>sese</span> <span class='ocrx_word' id='word_1_325' title='bbox 480 2890 579 2920; x_wconf 75' lang='lat' dir='ltr'>nos.</span> <span class='ocrx_word' id='word_1_326' title='bbox 630 2877 638 2933; x_wconf 85' lang='grc' dir='ltr'>Ι</span> <span class='ocrx_word' id='word_1_327' title='bbox 694 2875 871 2932; x_wconf 77' lang='lat' dir='ltr'>aliquot</span> <span class='ocrx_word' id='word_1_328' title='bbox 900 2873 973 2919; x_wconf 86' lang='lat' dir='ltr'>ed.</span> <span class='ocrx_word' id='word_1_329' title='bbox 1125 2877 1181 2916; x_wconf 80' lang='lat'>22</span> <span class='ocrx_word' id='word_1_330' title='bbox 1213 2877 1256 2917; x_wconf 77' lang='lat' dir='ltr'>et</span> <span class='ocrx_word' id='word_1_331' title='bbox 1283 2873 1414 2917; x_wconf 73' lang='lat' dir='ltr'>vietis</span> <span class='ocrx_word' id='word_1_332' title='bbox 1442 2871 1551 2928; x_wconf 76' lang='lat' dir='ltr'>poet</span> <span class='ocrx_word' id='word_1_333' title='bbox 1578 2869 1746 2915; x_wconf 59' lang='lat' dir='ltr'>sedwa</span> <span class='ocrx_word' id='word_1_334' title='bbox 1781 2879 1861 2911; x_wconf 81' lang='lat' dir='ltr'>ex·</span> 
     </span>
     <span class='ocr_line' id='line_1_39' title="bbox 175 2925 1859 2991; baseline -0.005 -13"><span class='ocrx_word' id='word_1_335' title='bbox 175 2934 346 2978; x_wconf 81' lang='lat' dir='ltr'>cidisse</span> <span class='ocrx_word' id='word_1_336' title='bbox 375 2935 574 2982; x_wconf 80' lang='lat' dir='ltr'>videtur.</span> <span class='ocrx_word' id='word_1_337' title='bbox 699 2939 756 2979; x_wconf 78' lang='lat'>25</span> <span class='ocrx_word' id='word_1_338' title='bbox 781 2933 940 2991; x_wconf 73' lang='lat' dir='ltr'>posuit</span> <span class='ocrx_word' id='word_1_339' title='bbox 969 2946 1052 2977; x_wconf 71' lang='lat' dir='ltr'>nos</span> <span class='ocrx_word' id='word_1_340' title='bbox 1082 2931 1118 2975; x_wconf 91' lang='lat' dir='ltr'>L</span> <span class='ocrx_word' id='word_1_341' title='bbox 1148 2945 1233 2977; x_wconf 70' lang='lat' dir='ltr'>noe</span> <span class='ocrx_word' id='word_1_342' title='bbox 1262 2944 1352 2975; x_wconf 86' lang='lat' dir='ltr'>om.</span> <span class='ocrx_word' id='word_1_343' title='bbox 1382 2929 1426 2974; x_wconf 78' lang='lat' dir='ltr'>R</span> <span class='ocrx_word' id='word_1_344' title='bbox 1447 2943 1498 2987; x_wconf 77' lang='lat' dir='ltr'>p.</span> <span class='ocrx_word' id='word_1_345' title='bbox 1529 2940 1681 2974; x_wconf 71' lang='lat' dir='ltr'>omnes</span> <span class='ocrx_word' id='word_1_346' title='bbox 1709 2925 1780 2971; x_wconf 82' lang='lat' dir='ltr'>ed.</span> <span class='ocrx_word' id='word_1_347' title='bbox 1810 2938 1859 2982; x_wconf 79' lang='lat' dir='ltr'>p.</span> 
     </span>
     <span class='ocr_line' id='line_1_40' title="bbox 173 2994 382 3040; baseline 0 -2"><span class='ocrx_word' id='word_1_348' title='bbox 173 2994 255 3040; x_wconf 70' lang='lat' dir='ltr'>hos</span> <span class='ocrx_word' id='word_1_349' title='bbox 283 3006 382 3039; x_wconf 83' lang='lat' dir='ltr'>nos.</span> 
     </span>
    </p>
   </div>
  </div>
 </body>
</html>
