2014 3226
771 161 1075 206 AENEmos
1108 162 1128 204 1
1727 165 1794 215 (57

105 313 154 354 et
184 306 397 354 recessit.
454 304 696 365 conpletis
727 305 884 365 igitur
917 318 1041 363 quae
1075 303 1351 350 necessario
1383 303 1616 350 videntur
1646 305 1796 350 inter-

103 381 266 442 posita
305 379 447 437 redit,
489 382 543 425 ut
584 379 743 425 omnis
782 377 981 423 Aeneae
1022 392 1162 423 curas
1204 392 1260 423 ac
1301 376 1615 439 diligentiam
1658 394 1794 425 mon-

103 457 224 502 stret
278 457 326 500 et
381 453 628 500 cautelam
683 452 862 512 optimi
914 452 1044 511 regis
1101 449 1342 498 ostendat.
1423 452 1493 497 ait
1542 451 1697 513 igitur
1744 455 1796 498 at

102 528 211 589 pius
249 527 442 575 Aeneas
482 542 571 587 per
609 528 805 591 noctem
843 525 1061 585 plurima
1099 524 1319 585 volvens,
1353 522 1436 584 [ut
1458 526 1680 584 primum
1712 527 1795 573 lua¹

58 622 77 654 5
101 604 234 649 alma
280 602 396 648 data
438 604 525 654 est,
568 602 696 647 exire
735 600 951 656 locosque
990 599 1242 657 explorare
1280 611 1448 652 novos,
1497 613 1619 658 quas
1659 603 1793 646 vento

101 676 350 723 accesserit
386 689 515 729 oras,
556 675 638 732 qui
677 676 870 720 teneant
908 671 1048 731 (uam
1089 673 1270 719 inculta
1308 672 1473 730 videt).
1520 673 1795 720 homiuesne

98 752 315 810 feraeue,
363 763 594 808 quaerere
640 748 882 794 constituit
924 748 1159 805 sociisque
1213 751 1379 794 exacta
1435 745 1656 808 referres
1734 747 1792 794 de

99 824 326 885 plurimis
373 822 673 885 generaliter
718 821 894 883 positis
943 820 1227 882 specialiter
1270 821 1440 881 aliqua
1479 822 1794 881 persequitur

100 913 225 959 quae
262 897 538 945 necessario
580 897 742 944 essent
779 895 1180 956 investigationis
1219 894 1466 942 industria
1499 895 1791 958 colligenda.

33 990 75 1023 ιο
96 974 316 1019 tractatu
355 987 471 1034 ergo
511 970 682 1018 habito
723 969 913 1016 definiit
954 985 1080 1030 quae
1121 972 1281 1016 essent
1319 968 1638 1030 requirenda,
1684 970 1793 1017 loca

98 1045 299 1105 scilicet,
338 1045 419 1092 vel
460 1060 586 1106 quae
627 1047 788 1092 essent
826 1047 1073 1091 terrarum
1111 1046 1277 1104 partes
1318 1043 1398 1090 vel
1430 1043 1516 1104 qui
1546 1045 1792 1103 tenerent3

97 1119 387 1168 desertionis
428 1119 559 1166 enim
599 1118 882 1166 coniectura
920 1117 974 1164 in
1011 1119 1257 1164 incertum
1294 1116 1583 1178 rapiebatur
1623 1120 1791 1164 utrum

32 1215 37 1218 ·
96 1194 185 1241 illa
238 1193 349 1242 loca
403 1195 535 1240 ferae
592 1209 655 1240 an
709 1192 932 1240 homines
993 1191 1291 1239 habitarent.
1383 1191 1573 1239 interea
1632 1192 1793 1239 multa

96 1268 376 1330 quaerenda
415 1268 667 1329 Vergilius
715 1265 950 1313 definiens
997 1265 1205 1314 diversis
1251 1265 1512 1328 generibus
1560 1267 1790 1314 executus

30 1359 73 1397 15
97 1346 191 1403 est,
238 1342 290 1389 id
338 1346 411 1390 est
457 1340 731 1389 masculino
779 1346 830 1387 et
875 1340 1113 1387 feminino
1162 1342 1212 1387 et
1256 1343 1454 1401 neutro,
1503 1343 1551 1386 et
1589 1355 1791 1401 respon-

96 1431 234 1464 surus
268 1416 495 1464 omnibus
526 1418 702 1464 neutro
733 1413 919 1476 plurali
944 1413 1208 1462 conclusit:
1240 1414 1390 1474 locOS,
1414 1414 1596 1475 inquit,
1621 1429 1791 1476 novo8,

96 1505 215 1552 quas
264 1505 396 1549 oras,
444 1490 533 1552 qui
571 1492 796 1550 teneant,
843 1487 1132 1536 hominesne
1172 1488 1392 1548 feraene‚
1431 1488 1578 1536 sociis
1617 1491 1791 1536 exacta

93 1565 288 1612 referre.
366 1565 567 1612 classem
620 1566 674 1611 iii
727 1577 931 1610 convexo
984 1576 1237 1610 nemorum
1289 1563 1379 1610 sub
1433 1577 1555 1622 rupe
1600 1566 1774 1610 cavata
1791 1566 1878 1606 310

94 1639 349 1686 arboribus
389 1638 610 1686 clausam
648 1639 828 1686 circum
866 1641 1009 1696 atque
1045 1637 1350 1684 horrentibus
1380 1636 1567 1684 umbris
1605 1637 1787 1692 occulit,

28 1728 72 1770 ω
93 1714 195 1772 ipse
223 1727 322 1760 imo
349 1714 578 1772 yraditur
608 1713 860 1759 comitatus
882 1709 1081 1766 Achate,
1106 1711 1223 1758 bina
1252 1725 1406 1758 ‘manu
1436 1710 1534 1757 lato
1566 1712 1789 1770 crispans

46 1787 49 1790 ’
91 1787 289 1836 hastilia
341 1788 487 1846 ferro.
565 1787 784 1834 exiturus
840 1801 951 1832 cum
1001 1785 1106 1834 solo
1152 1785 1344 1833 Achate
1391 1799 1480 1832 nec
1526 1786 1579 1831 in
1625 1788 1788 1832 totum

91 1860 292 1909 inermis
338 1861 457 1922 fuit,
502 1877 565 1909 ne
604 1863 731 1908 esset
768 1860 1084 1920 temerarius,
1130 1874 1220 1906 nec
1258 1859 1311 1906 in
1349 1861 1512 1906 totum
1553 1861 1788 1920 armatus,

38 1934 49 1970 5
91 1950 152 1983 ne
189 1934 397 1982 timidus
436 1934 701 1983 videretur.
758 1950 869 1981 cum
900 1934 1034 1995 solis,
1066 1932 1246 1995 inquit,
1277 1931 1542 1980 hastilibus
1575 1933 1786 1996 geminis

91 2012 141 2056 et
185 2025 283 2058 uno
327 2010 483 2070 socio3
535 2009 629 2058 hoc
669 2009 801 2057 enim
840 2007 1131 2070 expediebat
1170 2007 1215 2055 ei
1254 2007 1343 2068 qui
1379 2006 1539 2054 iturus
1578 2007 1632 2054 in
1671 2007 1785 2054 soli-

32 2069 57 2092 ³
90 2082 286 2132 tudines
331 2083 518 2143 fuerat,
570 2087 628 2131 ut
674 2086 802 2131 esset
853 2082 1109 2144 expeditus
1155 2084 1359 2143 propter
1412 2080 1786 2142 inquisitionem

63 2157 298 2224 ¹*celerem
352 2160 401 2215 et
453 2160 706 2205 maturum
757 2156 995 2217 reditum,
1051 2156 1114 2203 ad
1168 2157 1338 2204 omnia
1387 2156 1784 2216 circumspectus,

32 2251 35 2258 ¹
90 2231 248 2280 socios
302 2246 416 2280 suos
471 2233 607 2282 omni
660 2231 856 2279 cautela
904 2229 1255 2279 communiens.
1331 2245 1450 2277 nam
1497 2228 1784 2277 consulendi

59 2322 69 2345 ν
86 2306 225 2353 viam
268 2305 499 2367 praebuit
545 2304 738 2354 occasio
784 2305 884 2353 loci
921 2321 1070 2367 quem
1107 2305 1333 2367 superius
1372 2303 1635 2365 descripsit
1673 2318 1784 2351 cum

23 2394 25 2397 ·
74 2377 274 2446 j-dioeret
312 2382 418 2440 „est
454 2380 508 2427 in
546 2393 738 2428 secessu
775 2379 926 2442 longo
964 2376 1131 2428 locus“
1164 2380 1214 2426 et
1245 2381 1421 2438 cetera,
1452 2379 1510 2424 ut
1542 2380 1784 2439 appareat

84 2468 189 2514 'non
211 2453 524 2515 superfluam,
549 2453 633 2502 sed
662 2452 991 2501 necessariam
1013 2452 1165 2500 fuisse
1189 2451 1585 2514 descriptionem.
1633 2467 1782 2513 prop-

102 2581 110 2584 -
166 2542 225 2576 ea
262 2527 388 2575 dixit
426 2528 633 2576 classem
669 2529 723 2575 in
762 2541 978 2575 convexo
1016 2543 1274 2575 nemorum
1311 2525 1400 2574 sub
1439 2540 1561 2586 rupe
1605 2528 1783 2573 cavata

208 2685 232 2726 1
265 2688 307 2727 et
335 2683 515 2727 recessit
544 2697 633 2727 om.
660 2682 731 2727 ed.
881 2687 909 2726 4
939 2686 992 2727 ut
1015 2683 1221 2737 primum
1238 2707 1294 2713 --
1313 2685 1337 2724 7
1369 2681 1536 2735 referre
1568 2679 1702 2723 deest
1730 2679 1781 2723 in

131 2738 188 2797 R,
219 2742 302 2786 sed
332 2741 607 2799 explicatur.
702 2746 757 2785 12
789 2741 1076 2786 discretionis
1106 2740 1178 2785 ed.
1272 2744 1326 2783 17
1358 2741 1542 2795 fei-aene
1556 2764 1614 2771 —
1633 2742 1689 2783 18
1712 2753 1778 2783 re-

182 2814 207 2845 e
236 2814 324 2845 om.
351 2801 424 2845 ed.
531 2805 585 2845 21
620 2801 673 2845 in
701 2805 846 2845 totum
875 2799 963 2843 LR
993 2801 1180 2844 omnino
1210 2799 1281 2844 ed.
1392 2803 1447 2842 22
1479 2812 1631 2843 uec—
1649 2802 1778 2842 teme-

88 2859 100 2869 *
168 2860 245 2904 v'us
272 2873 366 2904 om.
391 2859 474 2904 edI
503 2865 612 2905 esset
642 2873 732 2904 om.
758 2859 868 2904 edF.
992 2863 1048 2903 23
1079 2859 1285 2904 tumidus
1316 2858 1426 2903 edF.
1462 2859 1470 2915 Ι
1503 2857 1657 2914 iuquit
1686 2870 1776 2901 om.

312 2923 369 2963 25
399 2920 555 2974 fuerat
583 2918 671 2962 LR
700 2923 812 2964 esset
840 2920 890 2964 et
917 2919 1150 2975 transpon.
1184 2918 1255 2962 ed.
1408 2921 1464 2961 29
1496 2915 1663 2961 diceret
1690 2915 1779 2960 LR

121 2977 212 3024 §scit
239 2977 312 3022 ed.
355 2979 363 3035 Ι
411 2982 454 3023 et
481 2982 628 3023 cetera
657 2991 745 3022 om.
771 2977 843 3022 ed.

1364 3003 1422 3094 δὲ
