2014 3226
796 198 1096 244 AENEIDOS
1131 202 1170 243 V
1727 211 1833 261 475

143 337 303 384 cendit
347 337 469 383 viris
517 339 559 382 et
604 339 795 384 conscia
841 341 1021 386 virtus:
1083 341 1262 401 virtus,
1318 345 1499 405 inquit,
1558 363 1680 406 quac
1731 363 1832 394 seso

147 411 368 471 noverat,
402 411 623 456 animum
656 410 914 459 irascentis
948 414 1185 462 armabat.
1233 421 1638 478 praecipitemque
1661 421 1829 467 Daren

146 485 325 531 ardens
366 485 468 542 ayit
506 498 711 542 aequore
751 488 867 532 toto:
904 486 1004 546 ille,
1038 490 1124 548 qui
1157 492 1317 536 aetate
1351 493 1517 553 gravis
1552 495 1600 539 et
1633 509 1833 554 corpore

145 573 243 604 uno
283 558 334 603 in
375 557 483 604 loco
521 557 792 606 consistens
823 559 949 606 ictus
984 562 1225 610 venientis
1257 563 1548 612 declinando
1582 567 1833 627 fundebat,

97 647 120 679 5
145 632 220 678 ira
260 630 406 678 simul
449 634 499 678 et
538 631 840 679 conscientia
881 635 1078 682 virtutis
1119 652 1348 684 accensus
1392 644 1590 699 repente
1638 640 1832 688 mobilis

145 707 194 752 et
234 720 346 752 acer
386 705 588 752 effectus
625 706 852 768 agitabat
885 707 1048 754 Daren
1081 726 1167 769 per
1199 727 1391 758 omnem
1425 728 1651 774 campum
1684 717 1832 775 atque

143 780 238 838 ita,
293 781 350 825 ut
404 780 600 842 fugiens
662 780 747 826 ille
801 796 1035 842 praeceps
1099 787 1238 831 actus
1301 788 1431 832 stare
1495 803 1590 833 non
1653 790 1829 848 posset.

145 852 325 915 agebat
371 855 538 901 autem
583 854 736 900 istum
781 869 913 902 nanc
959 857 1125 903 dextra
1172 859 1475 917 inyeminans
1514 862 1655 913 ictus,
1703 877 1833 909 mene

142 927 224 974 ille
268 929 486 975 sinistra.
563 927 673 987 ille,
722 944 868 988 quem
915 929 1118 977 iuventa
1165 932 1428 992 superbum
1476 934 1680 993 fecerat,
1730 935 1831 995 ille,

70 1018 119 1049 10
144 1001 231 1062 qui
278 1001 459 1062 pedum
506 1001 683 1050 melior
727 1002 890 1049 fuerat
937 1006 1095 1064 motu,
1144 1006 1213 1052 sic
1261 1006 1463 1053 cedebat
1512 1007 1708 1054 Entello
1757 1010 1828 1055 in-

143 1076 313 1135 stanti,
351 1077 408 1122 ut
446 1077 751 1137 insequentis
792 1078 922 1123 senis
962 1077 1090 1125 ictus
1131 1080 1288 1125 vitare
1329 1096 1425 1127 non
1466 1085 1643 1141 posset,
1676 1097 1828 1144 usque

143 1148 264 1195 adeo
304 1151 361 1196 ut
399 1165 499 1197 non
536 1151 639 1196 iam
680 1150 1029 1213 singularibus,
1070 1152 1155 1199 sed
1193 1154 1455 1215 geminatis
1496 1158 1544 1201 et
1590 1155 1827 1216 multipli-

142 1224 267 1270 catis
307 1222 488 1271 ictibus
530 1223 834 1284 caederetur,
879 1239 968 1271 nec
1007 1241 1105 1272 una
1144 1227 1487 1274 tantummodo
1527 1244 1697 1287 manu,
1745 1228 1829 1276 sed

139 1299 355 1358 utraque
402 1297 707 1345 verberante.
783 1313 870 1346 nec
914 1313 1054 1346 mora
1097 1315 1184 1348 nec
1227 1302 1435 1359 requies:
1489 1302 1626 1348 nulla
1676 1318 1828 1363 vapu-

68 1386 117 1419 15
141 1370 271 1418 lanti
310 1370 522 1419 dabatur
559 1373 771 1433 requies,
819 1373 938 1433 quia
976 1373 1156 1420 ictibus
1195 1373 1329 1422 duris
1371 1378 1419 1422 et
1457 1375 1651 1439 iugibus
1692 1376 1829 1423 nulla.

139 1461 393 1492 morarum
423 1445 758 1507 praebebatur
789 1447 995 1494 occasio.
1051 1463 1198 1507 quam
1228 1448 1380 1495 multa
1408 1450 1649 1508 yraizdine
1679 1450 1828 1496 nimbi

141 1519 432 1567 culminibus
479 1522 740 1580 crepitant:
802 1520 892 1579 sic,
947 1522 1134 1583 inquit,
1188 1522 1327 1569 inlisi
1379 1523 1431 1568 in
1482 1522 1646 1570 Daren
1700 1525 1827 1570 ictus

141 1593 471 1654 crepitabant,
509 1596 568 1641 ut
607 1594 734 1642 solet
774 1594 927 1642 densa
967 1595 1170 1658 grando,
1210 1611 1321 1643 cum
1360 1597 1503 1643 tectis
1535 1596 1827 1655 infunditur,

26 1649 39 1722 ξ
138 1682 417 1728 personare.
485 1685 668 1732 magna
700 1669 992 1729 conparatio
1032 1669 1285 1732 grandinis
1326 1672 1376 1716 et
1413 1672 1677 1730 tectorum,
1717 1687 1826 1717 cum

27 1741 116 1820 {so
140 1742 272 1788 enim
311 1741 501 1806 grando
542 1744 779 1796 extiterit
819 1743 1091 1790 caeduntur
1127 1745 1323 1790 tantum
1363 1746 1507 1798 tecta
1538 1759 1636 1791 non
1676 1746 1827 1790 etiam

28 1826 42 1906 ξ
137 1813 249 1877 ipsa
295 1816 504 1876 feriunt,
551 1819 608 1864 ut
655 1798 944 1865 ostendatur
982 1817 1138 1865 Dares
1185 1819 1381 1864 tantum
1427 1817 1607 1864 crebris
1647 1817 1826 1865 ictibus

28 1910 40 1968 ἶ
138 1904 333 1951 caesus,
387 1893 445 1938 ut
497 1892 604 1953 ipse
659 1907 774 1939 suos
828 1907 927 1938 non
980 1891 1219 1939 valuisset
1269 1907 1477 1938 exerere.
1552 1893 1621 1938 sic
1666 1891 1827 1938 densis

29 1973 42 2028 j
137 1963 310 2012 ictibus
347 1965 486 2013 heros
518 1966 680 2014 creber
707 1967 915 2024 utraque
943 1980 1098 2012 manu
1118 1964 1291 2024 pulsat
1319 1968 1569 2024 versatque
1600 1965 1812 2012 Dareta:
1828 1969 1915 2008 460

139 2037 350 2100 denique
397 2040 455 2086 ut
493 2034 731 2103 †grando
771 2039 969 2087 densior
1006 2040 1160 2098 tecta,
1203 2037 1271 2086 sic
1311 2038 1491 2086 crebris
1531 2041 1579 2085 et
1617 2041 1824 2099 utraque

61 2125 115 2159 25
139 2127 291 2159 manu
335 2112 500 2160 inlisis
545 2113 727 2162 ictibus
775 2115 1038 2175 superatus
1077 2112 1232 2160 Dares
1280 2127 1376 2159 non
1417 2111 1594 2159 cecidit
1632 2115 1690 2158 ut
1728 2112 1824 2158 En-

137 2185 286 2233 tellus
341 2202 474 2247 casu,
527 2187 613 2235 sed
660 2188 845 2235 virtute
896 2186 1116 2235 fortioris
1164 2189 1238 2234 est
1283 2200 1468 2234 versus.
1545 2188 1645 2233 tum
1684 2189 1827 2245 pater

137 2257 332 2308 Aeneas
369 2262 631 2321 procedere
676 2263 868 2322 lonyius
912 2263 1018 2309 iras
1057 2264 1101 2308 et
1135 2261 1323 2308 saevire
1361 2261 1540 2307 animis
1578 2259 1825 2307 Entellum

76 2343 79 2346 ·
136 2333 258 2381 haut
285 2349 472 2394 passus
510 2337 709 2391 acerbis,
741 2335 826 2384 sed
862 2336 1011 2394 finem
1046 2335 1265 2394 inposuit
1290 2347 1514 2394 pamiae:
1551 2331 1743 2380 Aeneas
1775 2333 1826 2379 et

138 2409 217 2454 sui
261 2408 477 2456 hominis
525 2425 675 2458 causa
720 2412 770 2458 et
817 2410 936 2471 quia
982 2398 1211 2456 acerbum
1256 2407 1355 2454 fuit
1398 2409 1513 2468 post
1564 2406 1823 2454 victoriam

57 2494 114 2528 ³0
137 2480 390 2530 hominem
428 2483 568 2531 caedi
605 2499 761 2546 usque
802 2483 866 2530 ad
903 2483 1170 2530 terminum
1210 2482 1357 2541 vitae,
1388 2480 1534 2528 finem
1566 2477 1822 2528 certamini

258 2657 278 2695 1
315 2667 431 2709 quae
461 2653 549 2696 LR
586 2668 679 2710 qua
710 2653 782 2697 ed.
934 2655 1049 2696 8-9
1082 2652 1200 2696 ictus
1229 2664 1353 2695 nunc
1382 2651 1459 2694 ille
1489 2649 1531 2693 R
1566 2649 1661 2694 ictu
1698 2661 1822 2692 nunc

49 2739 53 2757 -,
136 2711 244 2755 inde
274 2711 323 2755 L.
438 2716 494 2756 10
524 2713 723 2757 instanti
752 2711 795 2755 R
824 2712 1001 2756 intanto
1032 2709 1069 2754 L
1100 2709 1458 2754 om.ed.14
1488 2721 1614 2752 mora
1643 2720 1725 2751 nec
1752 2720 1820 2750 re·

135 2771 263 2826 quies
291 2770 335 2813 R
363 2786 421 2816 m.
447 2786 476 2815 α
508 2785 579 2816 ere
609 2772 736 2828 quies
765 2771 816 2814 L.
925 2774 1006 2872 L24
984 2773 1090 2886 yrut
1173 2768 1297 2813 ando
1328 2767 1510 2812 densior
1539 2770 1651 2811 tecta
1681 2764 1723 2833 L·
1747 2763 1819 2808 ed.

134 2834 188 2873 ut
209 2829 329 2888 91κά
415 2785 591 2876 taff?-
550 2828 591 2873 r'
612 2831 663 2874 in
685 2843 908 2931 marq=
1137 2829 1212 2871 ine
1235 2827 1438 2872 densiore
1461 2830 1575 2870 tecta
1597 2836 1820 2880 suspncor,

54 2898 57 2899 ’
137 2888 220 2932 sed
251 2902 436 2933 crucem
468 2902 704 2946 apponere
726 2902 805 2933 ma
823 2888 875 2932 ui
897 2887 999 2932 loco
984 2842 1151 2931 haud
1175 2884 1318 2930 dubie
1341 2886 1569 2941 corrupto.
1661 2887 1717 2926 25
1747 2883 1819 2925 in-

135 2947 237 2992 lisis
265 2947 354 2992 LR
391 2948 584 2993 inclusis
614 2948 686 2992 ed.
719 2947 916 2992 incussis
945 2946 1016 2991 ed.
1049 2947 1168 3003 post.
1219 2948 1227 3000 Ι
1282 2957 1376 2990 non
1404 2943 1448 2987 Β.
1482 2955 1607 2987 nunc
1635 2940 1672 2985 L
1702 2939 1774 2984 ed.

69 3009 75 3015 '
134 3011 190 3050 ut
218 3006 305 3051 LR
333 3020 429 3052 non
458 3013 512 3052 ut
541 3007 613 3052 ed.
