2014 3226
0 911 2 984 i

794 187 1096 231 AENEmos
1128 188 1191 231 111
1736 189 1842 241 299

154 327 335 376 habeat
374 327 656 388 deprecatio
695 327 986 386 utilitatem,
1026 328 1152 375 dixit
1190 330 1423 376 insontis:
1466 328 1586 389 quid
1624 329 1842 389 iniquius

155 418 304 462 quam
358 402 588 462 persequi
642 401 765 448 bene
822 403 1034 448 viventis
1083 406 1132 449 et
1179 418 1260 449 eas
1310 418 1434 463 quae
1483 402 1606 449 nihil
1655 403 1841 463 priores

152 474 350 522 incivile
382 477 722 536 temptassent,
755 490 881 536 quae
913 477 1169 536 proprium
1202 479 1375 524 contra
1405 476 1839 537 inprosperitatem

153 549 410 597 defendere
451 547 718 610 cuperent?
758 549 952 596 addidit
985 552 1027 596 et
1047 552 1215 608 patrio
1245 551 1480 610 harpyias
1510 552 1716 598 insontis
1738 551 1842 609 pel-

105 640 127 671 5
154 625 247 670 lere
287 623 466 682 reyno?
543 622 662 670 haec
702 622 924 670 definitio
965 623 1171 671 admissi
1210 626 1305 684 est,
1345 625 1532 671 factum
1573 625 1705 671 enim
1743 639 1842 672 non

153 698 248 744 fuit
288 696 419 758 quod
459 696 653 755 obiecit,
687 697 772 744 sed
807 696 1084 744 definiendo
1120 698 1238 758 quid
1270 698 1458 745 factum
1491 700 1556 745 sit
1587 713 1676 759 pro
1709 698 1841 745 facto

150 772 286 818 tenet
333 770 464 832 quod
510 771 674 818 fuerat
717 772 1006 833 cogitatum.
1087 771 1205 832 quid
1246 775 1319 819 est
1359 774 1490 818 enim
1530 775 1752 819 armenta
1793 774 1843 820 et

150 859 323 908 greges
371 845 626 904 invadere,
682 845 803 906 quid
850 861 1042 892 armare
1090 845 1398 893 iuventutem
1446 847 1544 893 nisi
1591 846 1842 909 gradatim

151 919 212 966 ad
251 918 303 966 id
341 919 563 979 tendere,
612 921 668 965 ut
707 918 955 980 eriperent
995 919 1213 967 alienum
1252 921 1516 981 imperium
1566 936 1664 967 non
1711 919 1840 967 male

83 1010 125 1041 io
152 994 453 1054 quaesitum,
502 993 587 1040 sed
633 992 863 1040 relictum
911 1009 940 1040 a
978 991 1302 1054 parentibus?
1381 993 1515 1055 quod
1555 996 1719 1040 autem
1761 993 1840 1040 de-

150 1070 277 1115 esset
323 1067 457 1114 ultor
502 1066 727 1126 admissi,
776 1068 885 1128 ipsa
931 1083 1020 1128 pro
1068 1067 1258 1114 ultione
1304 1069 1489 1130 ingerit
1538 1067 1668 1128 quod
1715 1069 1842 1116 esset

148 1141 399 1202 praesenti
458 1155 617 1201 poena
680 1140 1042 1204 gravissimum.
1134 1141 1255 1202 quid
1310 1142 1441 1189 enim
1496 1144 1569 1189 est
1622 1143 1839 1189 instante

148 1215 392 1276 supplicio
431 1214 573 1276 peius
614 1230 764 1276 quam
803 1215 891 1262 diu
930 1216 1186 1276 expectare
1236 1215 1367 1276 quod
1413 1214 1643 1263 metuas?
1721 1214 1841 1277 quid

148 1290 341 1337 saevius
396 1289 668 1350 duriusque
722 1289 983 1336 tormentis
1038 1305 1188 1351 quam
1242 1306 1410 1353 gerere
1463 1292 1660 1351 pectore
1708 1289 1841 1351 quod

81 1379 122 1412 15
149 1364 371 1409 animum
418 1362 653 1409 diuturna
702 1364 1044 1425 expectatione
1089 1365 1323 1426 torqueat
1370 1366 1419 1411 et
1466 1379 1608 1411 omne
1664 1378 1839 1424 corpus

149 1511 374 1573 accipite,
406 1510 584 1573 inquit,
616 1511 750 1573 quod
787 1515 977 1559 mentes
1016 1514 1206 1560 vestras
1239 1511 1447 1575 adfligat
1479 1513 1628 1572 atque
1661 1511 1840 1558 animis

147 1585 265 1633 haec
313 1601 423 1633 mea
471 1585 603 1633 dicta
646 1585 804 1650 figite,
849 1586 940 1634 hoc
980 1588 1055 1634 est
1096 1602 1221 1648 quae
1260 1585 1412 1633 infixa
1450 1602 1538 1634 vos
1577 1585 1840 1633 vulnerent

147 1661 196 1706 et
234 1659 513 1722 excrucient
552 1662 883 1721 conpetenter.
954 1675 1127 1708 verum
1158 1676 1218 1707 ne
1249 1661 1303 1707 in
1335 1661 1672 1721 contemptum
1704 1659 1838 1707 veni-

79 1749 123 1781 20
146 1735 256 1780 rent
296 1749 422 1795 quae
462 1734 627 1781 fuerat
667 1733 875 1794 dictura,
908 1734 996 1781 dat
1026 1734 1128 1782 illis
1171 1734 1519 1782 auctoritatem
1558 1735 1840 1781 venientem

146 1807 303 1855 veluti
344 1822 402 1854 ex
441 1810 707 1869 praecepto
740 1808 872 1856 Iovis
914 1810 963 1856 et
994 1808 1245 1870 Apollinis
1284 1808 1435 1868 iuSSU,
1470 1807 1601 1868 quod
1640 1823 1697 1854 eo
1738 1823 1838 1855 cre-

146 1881 297 1929 dibile
334 1881 494 1930 videri
533 1882 762 1930 Troianis
801 1884 989 1944 potuit,
1031 1883 1170 1944 quia,
1215 1898 1324 1930 cum
1363 1897 1557 1929 rursum
1600 1883 1838 1944 navigare

145 1955 208 2003 ad
246 1955 496 2018 Apollinis
536 1957 792 2004 oraculum
831 1957 1039 2018 vellent,
1086 1956 1180 2005 diis
1219 1956 1484 2018 penatibus
1527 1956 1716 2003 nuntiis
1762 1956 1836 2002 fu-

144 2031 258 2077 tura
305 2029 596 2079 didicerunt.
676 2031 749 2078 ait
787 2046 904 2093 ergo
947 2046 1071 2090 quae
1108 2031 1295 2078 Phoebo
1333 2033 1480 2090 pater
1525 2031 1837 2089 omnipotens,

32 2095 34 2097 ¹
78 2118 121 2152 25
144 2105 263 2151 mihi
299 2104 518 2152 Phoebus
555 2103 731 2165 Apollo
762 2104 1039 2164 praedixit:
1085 2103 1333 2166 praedixit
1371 2103 1445 2151 bis
1486 2102 1744 2165 accipitur,
1783 2106 1839 2151 ut

145 2179 211 2226 sit
251 2193 378 2240 quae
410 2178 609 2226 Phoebo
642 2181 785 2241 pater
816 2180 1128 2240 omnipotens
1160 2178 1422 2240 praedixit,
1453 2177 1579 2224 mihi
1609 2177 1838 2226 Phoebus

144 2250 326 2314 Apollo
365 2251 625 2314 praedixit.
689 2254 823 2300 vobis
859 2254 1110 2313 furiarum
1143 2266 1224 2314 eyo
1255 2254 1474 2300 maxima
1503 2251 1701 2311 pando:
1739 2266 1838 2299 non

34 2392 39 2421 ἦ
266 2412 289 2451 1
329 2407 584 2463 deprecatio
623 2407 711 2451 LR
749 2409 1012 2476 depredatio
1051 2422 1074 2450 r
1112 2406 1219 2464 (hoc
1257 2407 1490 2463 quomodo
1530 2405 1780 2463 intellegat
1816 2421 1840 2449 r

143 2480 237 2510 non
274 2466 432 2522 video,
471 2467 564 2511 nisi
601 2467 724 2511 forte
763 2469 984 2512 minorem
1022 2479 1107 2523 pro
1146 2467 1363 2511 maiorem
1404 2465 1634 2523 corrigere
1666 2465 1839 2519 omisit,

144 2538 253 2568 nam
291 2530 376 2570 aut
411 2540 504 2570 non
543 2526 764 2571 mutavit:
821 2526 991 2583 quodsi
1031 2527 1214 2569 statuas
1255 2539 1361 2568 eum
1399 2525 1602 2569 voluisse
1639 2539 1742 2569 eum
1779 2526 1842 2569 sit

142 2598 200 2628 m.
232 2599 277 2628 n.
311 2589 397 2629 aut
430 2587 650 2630 minorem
687 2586 729 2630 h.
762 2586 1056 2654 depraedatio
1095 2586 1218 2639 atil„
1260 2585 1438 2641 optime
1476 2597 1526 2628 se
1564 2583 1739 2639 habet).

147 2648 200 2686 12
231 2644 551 2701 yraviseimum
574 2644 660 2688 LR
683 2645 777 2688 ed.:
812 2644 1034 2701 quoniam
1061 2648 1130 2698 11,
1148 2647 1236 2687 204
1267 2643 1579 2701 superlativus
1612 2644 1838 2698 sequente

144 2707 344 2758 „⁶‘quam
375 2702 572 2760 legitur,
611 2717 670 2747 ne
712 2703 801 2748 hoc
812 2660 1038 2760 qquidem
1085 2679 1228 2746 abnui
1274 2705 1453 2760 potest,
1501 2700 1838 2759 superlativum

40 2785 54 2823 3
144 2775 251 2804 cum
283 2761 490 2807 ablativo
522 2761 888 2820 comparationis
912 2762 1150 2806 Donatum
1174 2762 1483 2816 coniunxisse,
1507 2761 1650 2817 idque
1676 2765 1718 2816 6,
1735 2764 1835 2804 618.

40 2831 57 2876 ,,
147 2824 187 2874 7,
212 2825 311 2864 218.
345 2826 386 2876 9,
413 2826 495 2866 661
531 2821 782 2866 affirmant.
841 2823 847 2878 Ι
904 2822 1079 2866 intanti
1116 2821 1203 2864 LR
1232 2822 1438 2866 instanti
1469 2797 1504 2863 L
1534 2819 1576 2863 H
1607 2832 1729 2865 man.
1763 2819 1835 2864 ed.

144 2879 196 2922 in
233 2884 362 2925 tanto
399 2896 424 2923 r
461 2882 661 2925 instante
699 2895 797 2924 nos,
953 2885 1011 2924 20
1048 2881 1240 2935 fuerant
1275 2881 1460 2925 dictura
1498 2879 1585 2923 LR
1621 2879 1655 2934 f.
1689 2879 1836 2923 dictu-

144 2952 224 2982 rae
254 2938 325 2983 ed.
461 2944 516 2983 22
541 2941 747 2997 potuerit
777 2939 863 2983 LR
894 2938 944 2983 in
969 2940 1124 2997 potuit
1155 2953 1271 2984 corr.
1304 2939 1338 2983 L
1370 2939 1484 2996 ipse.
1544 2941 1550 2995 Ι
1608 2938 1718 2994 quia
1749 2937 1835 2981 LR

145 2997 227 3052 qui
257 2997 329 3042 ed.

148 1435 388 1500 adffigat?
451 1438 646 1497 accipite
686 1451 794 1497 erqo
835 1440 1016 1485 animis
1055 1440 1196 1497 atque
1225 1438 1341 1486 haec
1371 1453 1479 1485 mea
1510 1439 1641 1498 ftyite
1673 1438 1928 1485 dida-250
