2014 3226
792 181 1096 226 AENEIDOS
1128 182 1192 225 TV
1737 186 1844 237 373

153 323 384 369 inventus
418 323 494 368 est
524 321 610 382 qui
642 322 838 368 Aeneae
870 324 1133 370 meruisset
1166 324 1383 384 aequari.
1437 324 1648 371 iucunde
1679 328 1845 372 tamen

153 397 411 442 inventum
462 398 519 442 ut
564 395 681 442 huic
727 410 827 442 non
868 396 1042 454 alium,
1091 396 1174 445 sed
1213 397 1497 458 Apollinem
1538 402 1846 459 conpararet,

154 470 274 530 quia
304 468 497 516 Dianae
531 469 907 516 similitudinem
940 470 1156 531 dederat,
1183 486 1292 517 cum
1324 471 1570 519 Didonem
1600 474 1652 518 in
1684 474 1845 534 primo

153 541 280 590 libro
329 542 625 590 describeret
669 542 1029 604 procedentem.
1100 548 1359 604 postquam
1402 545 1524 593 altos
1562 550 1755 594 ventum
1793 548 1847 593 iu

110 634 129 665 5
153 618 327 663 montis
374 620 515 676 atque
559 618 698 664 invia
745 617 923 672 lustra,
974 632 1073 665 ecee
1111 620 1245 677 ferae
1283 621 1393 666 sacci
1433 619 1638 668 deiectae
1675 622 1847 668 vertice

153 703 331 750 caprae
385 691 636 738 decurrere
689 692 840 750 iuyis:
909 692 1066 752 ferae,
1120 693 1310 754 inquit,
1367 709 1567 754 caprae,
1624 694 1717 741 hoc
1773 696 1848 741 est

153 766 386 827 agrestes,
414 780 536 826 quas
569 779 771 826 capreas
804 764 1026 812 dicimus.
1089 769 1376 814 mansuetae
1409 770 1524 814 sunt
1557 770 1687 814 enim
1719 783 1846 829 quae

153 841 272 885 sunt
317 839 370 884 in
417 838 650 902 gregibus
697 839 880 886 nostris
929 843 978 887 et
1025 856 1151 901 quae
1190 855 1288 888 non
1327 844 1553 888 metuant
1591 841 1845 889 hominum

155 914 490 974 conspectum,
530 914 750 976 agrestes
789 928 907 960 vero
947 913 1175 974 timidae,
1213 914 1346 962 leves
1388 914 1450 961 ad
1489 930 1707 979 cursum,
1749 931 1845 977 quo

86 1005 129 1036 10
152 985 305 1033 fiebat
349 990 407 1034 ut
454 986 559 1034 saxi
606 986 666 1034 de
712 988 898 1034 vertice
947 990 996 1034 et
1035 987 1163 1051 iugis
1203 988 1664 1049 praecipitarentur.
1743 991 1847 1036 alia

153 1061 212 1107 de
255 1064 401 1120 parte
445 1063 662 1120 patentis
715 1062 1047 1108 transmittunt
1100 1076 1246 1109 eursu
1293 1077 1511 1122 campos:
1570 1063 1711 1111 varia
1765 1063 1845 1111 de-

154 1135 359 1195 scriptio
407 1137 458 1182 et
504 1151 563 1181 ex
610 1134 899 1183 diversitate
948 1137 1169 1198 copiosa,
1217 1138 1274 1182 ut
1321 1137 1448 1183 alia-e
1496 1137 1555 1183 de
1594 1136 1846 1185 montibus

153 1210 419 1272 agerentur
463 1209 759 1270 praecipites
806 1210 1179 1271 insequentium
1232 1212 1391 1270 metu,
1446 1211 1574 1258 aliae
1629 1211 1846 1274 exagita-

151 1285 324 1330 rentur
367 1284 420 1330 in
468 1283 670 1344 campis.
748 1286 888 1343 atque
935 1286 1135 1343 aymiua
1174 1286 1300 1332 cervi
1329 1285 1673 1344 pulverulenta
1709 1287 1832 1344 fuya
1850 1289 1935 1329 155

86 1375 128 1406 ιτ»
148 1356 421 1416 glomerant
455 1358 725 1419 montisque
762 1358 1066 1417 relinquunt:
1104 1373 1204 1406 non
1244 1358 1445 1422 agmina
1483 1359 1847 1419 pulverulenta,

153 1430 238 1478 sed
276 1431 412 1494 fuga.
477 1431 727 1480 ordinatio
769 1433 900 1479 enim
934 1431 1003 1480 sic
1036 1435 1130 1480 est:
1171 1434 1373 1496 agmina
1404 1432 1684 1496 glomerant
1714 1433 1847 1480 cervi

151 1505 273 1567 fuga
310 1505 681 1566 pulverulenta:
722 1509 976 1553 currentes
1008 1508 1192 1568 quippe
1222 1506 1566 1570 fugientesque
1596 1521 1686 1568 per
1716 1522 1846 1554 cam-

140 1594 242 1640 ·pos
289 1578 575 1626 excitabant
621 1581 722 1628 suis
764 1581 967 1644 ungulis
1005 1581 1274 1642 pulverem.
1353 1583 1405 1628 at
1431 1595 1560 1639 puer
1597 1579 1847 1628 Ascanius

152 1653 324 1700 mediis
361 1655 414 1700 ire
452 1654 666 1702 vallibus
704 1656 808 1702 acri
842 1655 1024 1714 yaudet
1061 1668 1178 1714 equo
1215 1656 1408 1714 iamque
1445 1655 1530 1702 hos
1569 1668 1716 1702 eursu
1745 1655 1847 1702 iam.

85 1744 129 1776 so
143 1729 383 1786 praeterit
411 1727 522 1775 ‘illos
552 1732 949 1789 spumantemque
987 1729 1101 1776 dari
1129 1742 1312 1788 pecora
1349 1730 1476 1775 inter
1511 1730 1689 1776 inertia
1726 1730 1848 1776 votis

151 1804 284 1860 optat
314 1815 492 1860 aprum
523 1806 612 1850 aut
638 1802 833 1861 fubvwm
864 1803 1146 1851 descendere
1175 1806 1332 1850 monte
1362 1803 1566 1849 leonem:
1600 1801 1846 1850 Ascanius

153 1889 348 1936 quoque
394 1890 484 1936 pro
533 1878 698 1924 aetate
744 1877 994 1924 laudatur.
1071 1892 1189 1924 nam
1235 1876 1387 1924 etiam
1434 1891 1492 1924 ea
1539 1890 1665 1937 quae
1714 1876 1846 1923 levia

151 1948 423 1997 maioribus
462 1953 587 1998 natu
624 1950 858 1999 videntur
894 1951 1166 1999 laudantur
1202 1950 1255 1997 in
1292 1952 1482 2012 pueris3
1517 1951 1573 1997 in
1603 1950 1681 1998 his
1714 1949 1846 1996 enim

151 2022 314 2070 futuri
350 2025 590 2085 temporis
630 2040 741 2086 spes
778 2027 1117 2087 praesentium
1153 2025 1401 2072 factorum
1432 2025 1717 2072 coniectura
1747 2024 1846 2072 col-

86 2115 131 2147 25
154 2097 343 2161 ligitur.
392 2097 480 2146 ille
502 2099 660 2161 igitur
685 2099 817 2161 quod
839 2115 1052 2162 magnae
1075 2099 1358 2147 velocitatis
1381 2113 1563 2159 equum
1592 2097 1848 2146 habuisset

154 2170 464 2219 discurrebat
494 2172 731 2236 gaudens,
763 2173 896 2235 quod
929 2187 1074 2221 cursu
1105 2187 1235 2220 nunc
1265 2172 1355 2220 hos
1386 2187 1518 2220 nunc
1549 2172 1674 2219 alios
1704 2186 1847 2233 prae-

150 2246 348 2306 teriret,
398 2261 490 2293 nec
537 2246 745 2311 dignum
789 2247 968 2295 habuit
1013 2248 1143 2295 feras
1190 2248 1241 2294 et
1285 2247 1469 2294 inertia
1512 2259 1694 2307 pecora
1736 2260 1846 2308 per-

151 2318 387 2368 tinaciter
447 2321 610 2382 sequi,
672 2321 759 2369 sed
819 2321 1027 2383 optabat
1084 2335 1336 2369 occurrere
1391 2321 1493 2367 suis
1547 2318 1847 2367 discursibus

25 2406 35 2467 f,
151 2393 347 2442 leonem
386 2396 478 2441 aut
517 2410 707 2456 aprum.
783 2394 1122 2457 praetermisit
1158 2396 1307 2456 poeta
1345 2394 1489 2442 datos
1536 2407 1688 2455 equos
1727 2393 1845 2440 Tro-

26 2476 34 2501 ?
85 2484 131 2517 ³0
152 2468 283 2515 ianis
311 2467 374 2516 ad
405 2469 702 2526 venandum,
727 2471 964 2532 quoniam
995 2470 1224 2531 proprios
1255 2483 1355 2516 non
1384 2466 1651 2525 habebant,
1671 2467 1847 2528 utpote

152 2542 240 2603 qui
286 2557 317 2588 a
362 2542 575 2591 navibus
627 2546 887 2604 venerant,
950 2558 1014 2590 an
1060 2542 1195 2603 ideo,
1249 2542 1368 2604 quia
1412 2541 1465 2588 in
1514 2540 1664 2589 tertio
1716 2539 1847 2587 libro

254 2703 300 2742 -5
332 2697 493 2743 deiecti
521 2697 571 2741 L.
695 2702 722 2742 8
753 2701 962 2743 metuunt
991 2697 1062 2741 ed.
1186 2701 1212 2740 9
1245 2700 1484 2754 conspectu
1513 2695 1561 2739 L.
1605 2697 1613 2752 Ι
1657 2694 1847 2739 timidae

152 2755 241 2799 121³.
269 2762 299 2802 t.
332 2763 375 2802 et
405 2757 476 2803 ed.
602 2761 777 2802 15—16
807 2771 902 2801 non
933 2758 1124 2815 aymina
1148 2757 1471 2813 pulverulenta
1500 2755 1579 2799 sed
1612 2754 1730 2811 fuya
1758 2751 1847 2796 LR

151 2829 200 2859 n.
230 2815 349 2874 fuya
378 2830 427 2874 p.
460 2816 541 2861 sed
577 2817 768 2874 aymina
807 2815 878 2859 ed.
1064 2819 1118 2859 17
1150 2815 1475 2873 pulverulenta
1511 2815 1620 2870 post
1657 2813 1846 2870 aomina

105 2899 112 2906 ·
152 2876 384 2932 transpos.
425 2875 498 2921 ed.
681 2880 737 2919 19
775 2876 882 2933 ayri
916 2873 1017 2919 LR.
1199 2878 1256 2918 25
1294 2874 1372 2919 ale
1407 2874 1554 2931 iyitur
1597 2884 1686 2916 om.
1718 2871 1791 2916 ed.
1836 2872 1843 2929 Ι

151 2933 384 2980 habuisset
411 2934 500 2978 LR
528 2934 571 2979 h.
603 2939 645 2979 et
675 2934 747 2979 ed.
779 2947 809 2978 a
838 2934 1045 2992 qaudens
1074 2932 1263 2990 pendet.
1416 2936 1472 2976 26
1502 2943 1629 2976 nunc
1658 2931 1776 2975 alios
1803 2928 1851 2973 R

151 3005 280 3038 nune
309 3006 398 3038 om.
422 2992 461 3037 L
489 3008 538 3038 n.
560 2993 665 3038 illos
695 2992 767 3038 ed.
