2014 3226
762 134 1103 178 PRAEFATIO
1632 134 1777 177 XXIX

90 275 281 324 abbatis
328 291 506 322 nomen
554 276 736 322 saeculi
783 275 919 321 illius
966 290 1100 322 more
1148 274 1334 321 initiali
1372 276 1569 321 tantum
1609 274 1778 321 littera

87 350 415 414 designatum,
456 365 755 410 quamquam
795 365 872 395 me
906 364 993 410 per
1024 348 1218 395 litteras
1251 350 1456 410 rogatus
1490 349 1567 394 vir
1600 348 1778 395 doctis-

91 426 256 483 simus,
298 423 381 484 qui
423 423 618 470 Servati
656 422 786 483 Lupi
827 423 1061 483 epistolas
1103 421 1257 469 edidit
1302 422 1459 481 1888,
1491 422 1778 470 Desdevises

90 499 154 545 du
185 497 376 556 Dezert‚
407 498 460 543 in
492 496 829 544 Arvernorum
861 497 1062 543 civitate
1095 496 1357 558 professor,
1398 495 1779 559 diligentissima

88 570 468 634 investigatione
522 570 795 618 liberaliter
849 569 1062 629 adiuvit,
1119 585 1287 617 eruere
1342 585 1439 616 non
1491 571 1647 631 potui.
1726 573 1780 616 at

89 645 254 707 patrui
302 646 404 692 eius
444 644 635 691 Aldrici
675 645 811 691 aetas
852 644 997 706 plane
1038 646 1254 692 constat:
1309 646 1458 691 natus
1500 659 1627 690 anno
1674 645 1775 690 775

88 721 183 767 fuit
223 718 372 766 abbas
412 718 701 766 monasterii
740 718 1083 778 Ferrariensis,
1123 721 1235 779 post
1275 716 1542 764 Alcuinum
1585 719 1779 776 tertius,

88 793 148 840 ab
196 808 323 840 anno
365 793 467 839 822
518 807 672 853 usque
720 792 784 839 ad
831 808 1015 839 annum
1056 792 1186 851 828,
1235 808 1332 852 quo
1382 792 1778 853 archiepiscopus

90 866 337 914 Senonum
377 866 559 914 electus
601 868 689 926 est,
730 867 854 914 obiit
895 867 1016 913 836.
1096 881 1260 927 quare,
1301 866 1537 926 quoniam
1576 869 1780 927 propter

88 941 343 988 Aldricum
383 940 544 987 verbis
585 956 717 999 „nos
757 940 868 1001 pius
910 942 1023 987 ante
1060 938 1230 1001 pater“
1264 939 1577 987 Ferrariense
1608 955 1777 986 mona-

90 1016 295 1063 sterium
335 1013 604 1077 significari
643 1029 838 1062 11606336
879 1016 953 1062 est
991 1030 1080 1062 nec
1119 1015 1286 1075 potuit
1325 1014 1557 1060 carminis
1591 1015 1780 1073 auctor,

88 1090 183 1136 nisi
222 1104 303 1136 eos
344 1088 431 1149 qui
463 1091 781 1136 monumento
814 1089 1106 1150 inscriptum
1139 1089 1358 1151 legerent
1389 1088 1592 1136 mirifice
1629 1088 1780 1135 vellet

88 1162 216 1223 falli,
272 1163 422 1210 verba
469 1163 602 1223 „hic
657 1163 810 1211 situs
863 1161 986 1210 est“
1036 1165 1085 1209 et
1131 1163 1426 1222 „luximus
1475 1160 1667 1209 hunc“
1716 1162 1779 1210 ad

88 1236 222 1284 aliud
278 1237 524 1297 quoddam
570 1238 923 1284 monasterium
970 1237 1175 1295 referre,
1229 1236 1515 1283 defunctum
1562 1236 1780 1284 eiusdem

87 1310 374 1359 monasterii
427 1310 755 1358 Ferrariensis
815 1310 1044 1358 abbatem
1100 1311 1268 1371 ibique
1324 1310 1572 1371 sepultum
1628 1312 1779 1358 fuisse

89 1387 309 1446 apparet.
368 1384 415 1431 in
460 1385 660 1432 elencho
701 1385 953 1445 abbatum,
997 1401 1142 1445 quem
1182 1384 1267 1431 dat
1300 1382 1465 1431 Gallia
1498 1383 1780 1432 Christiana

87 1459 182 1506 vol.
214 1459 310 1506 ΧΠ
349 1476 396 1520 p.
434 1459 535 1506 156
563 1474 693 1520 sqq,
741 1462 855 1507 ante
911 1475 1094 1506 annum
1148 1460 1251 1505 876
1309 1458 1474 1505 111111113
1529 1458 1781 1505 invenitur

89 1534 174 1594 qui
227 1548 338 1580 cum
391 1533 589 1580 indiciis
642 1533 875 1580 carminis
930 1535 1184 1596 congruat,
1270 1548 1386 1579 nam
1441 1533 1527 1593 qui
1578 1531 1779 1580 Aldrico

88 1608 320 1655 successit
361 1605 490 1666 odo,
537 1608 632 1654 etsi
671 1622 816 1669 saepe
854 1606 998 1655 Hodo
1040 1606 1292 1664 scribitur,
1341 1622 1439 1653 non
1479 1610 1620 1667 „post
1659 1607 1780 1653 felix

88 1679 307 1728 3611111111“
346 1681 431 1728 36(1
468 1681 640 1742 pulsus
675 1697 731 1728 ex
762 1682 1052 1728 monasterii
1083 1681 1394 1742 praefectura
1426 1697 1514 1741 per
1548 1679 1779 1728 Carolum

0 1783 3 1786 >
90 1753 296 1802 Calvum
342 1770 510 1818 regem
557 1756 738 1803 amissa
786 1755 1030 1818 dignitate
1075 1755 1296 1803 decessit.
1373 1755 1503 1802 hunc
1543 1754 1779 1803 Servatus

88 1826 254 1890 Lupus
295 1832 489 1876 secutus
530 1832 603 1876 est
637 1830 944 1889 842-862,
980 1829 1064 1890 qui
1102 1831 1300 1876 nomine
1339 1829 1448 1889 ipso
1489 1828 1779 1876 excluditur.

88 1902 174 1951 sed
211 1906 324 1964 post
363 1904 467 1950 eius
508 1902 698 1950 obitum
736 1919 891 1964 usque
933 1903 995 1950 ad
1034 1903 1322 1963 Albustum,
1368 1905 1455 1964 qui
1502 1918 1630 1950 anno
1672 1904 1776 1950 876

89 1978 376 2026 monasterii
417 1977 743 2025 Ferrariensis
784 1977 935 2025 abbas
974 1979 1292 2037 memoratur,
1333 1977 1417 2038 qui
1458 1977 1781 2025 successerint

89 2066 263 2112 parum
310 2053 518 2099 constat.
597 2067 712 2114 ergo
758 2053 801 2099 is
850 2067 999 2113 quem
1047 2052 1328 2113 quaerimus
1369 2053 1456 2098 aut
1494 2051 1596 2098 illis
1637 2053 1779 2099 annis

25 2183 27 2186 Α
91 2125 380 2172 862-875
429 2127 730 2174 monasterio
781 2126 1056 2187 praefuisse
1111 2128 1160 2173 et
1214 2125 1476 2174 decessisse
1530 2125 1780 2186 putandus

0 2215 3 2267 J
90 2201 163 2246 est
201 2202 312 2259 aut,
358 2198 411 2246 id
450 2198 582 2260 quod
620 2199 744 2246 mihi
783 2199 982 2260 quidem
1021 2200 1125 2247 veri
1164 2199 1375 2247 similius
1414 2198 1634 2260 videtur,
1675 2199 1780 2261 ipse

90 2272 174 2320 ille
219 2273 460 2321 Albustus
513 2272 678 2321 fuisse.
756 2290 872 2321 nam
919 2276 976 2321 ut
1020 2289 1111 2335 pro
1160 2271 1330 2322 Odone
1377 2272 1521 2321 Hodo
1573 2274 1643 2321 sic
1688 2289 1779 2334 pro

91 2345 300 2395 Albusto
332 2346 607 2395 Halbustus
643 2347 791 2396 scribi
830 2348 1010 2409 potuit,
1042 2349 1181 2395 cuius
1219 2347 1434 2395 nominis
1473 2348 1633 2395 forma
1673 2363 1780 2395 cur-

90 2421 198 2467 tata
243 2420 405 2471 Halbo
452 2422 503 2468 in
550 2436 746 2468 versum
802 2421 987 2483 optime
1042 2421 1270 2483 quadrat.
1284 2415 1324 2486 ¹)
1402 2421 1593 2469 accedit
1649 2421 1781 2482 quod

0 2516 2 2543 ε
91 2492 328 2542 Albustus
366 2494 419 2542 in
451 2493 619 2543 Gallia
651 2494 934 2543 Christiana
973 2496 1042 2544 sic
1080 2495 1335 2543 laudatur:
1376 2496 1534 2555 „hunc
1565 2496 1780 2558 integer-

91 2566 218 2615 rima
262 2569 367 2616 vita
414 2571 463 2615 et
509 2568 748 2632 religione
793 2569 1082 2632 incorrupta
1129 2569 1527 2618 commendatum
1570 2584 1627 2616 ac
1666 2585 1779 2617 vere

0 2651 9 2703 [i
91 2643 247 2702 patris
295 2644 346 2689 et
390 2642 714 2691 moderatoris
761 2644 1118 2705 sapientissimi
1163 2643 1311 2691 laude
1359 2643 1565 2706 dignum
1613 2643 1780 2690 ferunt

212 2769 253 2823 1)
292 2766 479 2811 Albusti
518 2781 687 2812 nomen
727 2781 783 2812 ex
822 2767 900 2812 alb
942 2771 989 2812 et
1028 2769 1135 2812 wiet
1174 2768 1485 2826 compositum
1527 2781 1627 2812 6336
1659 2768 1781 2812 sicut

0 2859 1 2864 ,
92 2824 283 2869 Arnusti
314 2825 533 2883 (Ernesti)
565 2840 621 2871 ex
653 2841 736 2871 arn
769 2832 843 2883 (=
869 2827 968 2871 erin
993 2827 1155 2883 honor)
1188 2830 1236 2871 et
1259 2827 1366 2871 wist
1391 2828 1778 2872 Foerstemannus

92 2883 142 2926 in
180 2885 468 2929 onomastico
506 2886 774 2942 germanico
806 2886 827 2929 Ι
858 2901 889 2943 p
933 2891 986 2930 73
1019 2890 1066 2930 et
1101 2891 1215 2931 1625
1255 2887 1522 2943 suspicatur
1560 2886 1779 2943 idemque

92 2955 176 2998 pro
207 2943 410 2988 Arnusto
443 2943 588 2988 etiam
618 2945 903 2989 Harnustum
937 2946 1137 2990 inveniri
1169 2949 1409 2990 memorat.
