2014 3226
751 156 1054 200 AENEIDOS
1088 157 1129 199 II
1682 158 1714 208 2
1724 161 1748 210 1
1761 162 1785 209 1

0 298 1 309 ¹
94 297 503 359 praecedentibus
552 297 866 357 defecissent,
912 301 1079 344 tamen
1125 313 1202 345 res
1248 299 1359 358 ipsa
1399 297 1600 345 fovebat
1639 298 1792 344 animi

101 372 347 418 adfectum
381 374 430 418 et
461 371 736 418 novitatem
768 371 1020 431 quandam
1051 372 1236 418 virium
1275 371 1584 435 suggerebat.
1649 387 1790 433 opor-

100 445 198 492 tuit
236 446 366 492 enim
406 444 562 492 foveri
603 446 691 506 qui
730 461 819 506 pro
860 460 918 491 ea
958 445 1216 492 certabant
1246 445 1568 507 ipsorumque
1601 446 1789 493 animos

99 519 282 568 solacio
323 522 521 566 nostrae
562 519 908 579 opitulationis
949 519 1129 566 attolli.
1198 519 1308 567 vult
1347 520 1603 567 ost-endere
1636 535 1687 567 se
1719 519 1789 566 la-

24 652 26 654 ,
55 610 75 642 5
98 592 388 641 borantibus
415 592 712 652 subvenisse,
740 592 823 639 sed
849 592 1263 653 quemadmodum
1294 593 1347 639 id
1379 594 1540 641 facere
1571 595 1792 655 potuerit

99 667 308 715 obsessis
357 666 544 714 foribus
593 667 766 714 domus
806 666 996 713 Priami
1043 669 1091 713 et
1138 668 1331 730 ingenti
1372 683 1427 714 eo
1468 667 1676 716 collecta
1715 683 1790 714 ar-

99 743 346 788 matorum
393 756 543 787 manu
583 742 755 802 utique
794 755 895 787 non
931 740 985 786 in
1025 755 1218 788 cassum
1256 741 1421 788 fuerat
1458 741 1790 802 referendum,

98 816 266 875 potuit
306 815 437 861 enim
477 830 575 861 non
616 814 749 862 credi
788 815 990 874 factum,
1031 830 1142 861 cum
1182 814 1439 862 obstarent
1476 815 1638 863 multa
1677 831 1789 863 con-

96 890 265 936 traria.
343 889 489 935 le'men
537 892 640 935 crat
685 903 945 947 caecaeque
988 890 1119 947 fores
1167 892 1210 935 et
1244 891 1449 948 pervius
1498 904 1616 937 usus
1655 893 1789 938 tecto-

21 981 74 1017 ·,10
95 978 207 1009 rum
244 965 371 1010 inter
408 978 458 1010 se
496 963 689 1010 Priami
733 965 983 1021 postesque
1023 963 1177 1010 relicti
1215 978 1246 1010 a
1285 967 1428 1023 teo-90,
1466 965 1641 1022 infelix
1678 978 1775 1022 qua
1792 968 1878 1008 455

96 1050 166 1091 se,
221 1036 337 1083 dum
383 1051 534 1097 regna
579 1038 862 1092 manebant,
912 1038 1110 1096 saepius
1155 1036 1497 1085 Andromache
1541 1038 1670 1097 ferre
1714 1040 1790 1086 in-

96 1112 321 1158 comitata
381 1112 561 1158 solebat
615 1111 680 1159 ad
731 1124 919 1158 soceros
973 1114 1016 1158 et
1076 1125 1165 1158 avo
1219 1126 1431 1170 pueram
1484 1110 1790 1171 Astyanacta

96 1185 336 1232 trahebat:
397 1185 628 1246 piaebuit
672 1185 796 1232 mihi
843 1184 1058 1232 adeundi
1102 1185 1391 1232 facultatem
1438 1186 1599 1246 locus,
1651 1187 1788 1234 cuius

31 1285 36 1288 ·
96 1259 430 1321 cognitionem
469 1259 650 1307 habere
689 1259 832 1321 potui
863 1261 1038 1320 utpote
1069 1258 1261 1311 Priami
1299 1261 1350 1306 et
1388 1261 1510 1308 civis
1543 1263 1592 1307 et
1624 1276 1788 1322 gener,

22 1349 72 1389 ,15
94 1332 225 1380 idem
265 1348 320 1379 ex
360 1333 454 1379 hac
494 1348 643 1381 causa
680 1334 964 1396 incognitus
1003 1332 1244 1394 hostibus,
1286 1332 1416 1394 quod
1457 1350 1487 1381 a
1524 1337 1664 1397 tergo
1703 1334 1788 1380 do-

95 1422 202 1455 mus
250 1407 450 1454 10110133
499 1407 630 1455 fores
676 1407 944 1455 habuisset.
1032 1407 1232 1455 relictas
1280 1407 1406 1454 dixit
1453 1410 1503 1455 et
1550 1424 1579 1454 a
1623 1410 1788 1470 terg03

94 1480 333 1542 quicquid
379 1482 511 1528 enim
556 1484 671 1542 post
717 1481 993 1529 dimittitur
1038 1481 1268 1529 relictum
1314 1486 1484 1529 manet
1530 1496 1588 1529 ac
1627 1482 1787 1529 deser-

94 1557 222 1615 tum,
271 1557 328 1601 ut
376 1555 475 1602 alio
522 1556 630 1604 loco
680 1549 789 1622 (Ge.
824 1557 872 1615 4,
909 1549 1040 1621 127)
1086 1557 1304 1618 positum
1352 1559 1427 1604 est
1473 1556 1582 1616 „cui
1628 1571 1788 1618 pauca

93 1629 256 1676 relicti
301 1630 476 1691 iugera
521 1631 648 1677 ruris
696 1628 886 1678 erant“-
913 1630 1008 1677 hoc
1055 1631 1130 1678 est
1176 1629 1383 1678 deserta.
1460 1645 1615 1691 usque
1664 1629 1786 1678 adeo

25 1719 73 1762 3⁰
94 1704 344 1751 inaccessa
396 1703 487 1750 illa
540 1719 655 1766 pars
706 1705 892 1764 fuerat,
938 1706 996 1751 ut
1040 1703 1408 1764 Andromache,
1454 1706 1569 1765 post
1613 1704 1788 1752 infelix

94 1777 227 1824 facta
266 1793 323 1824 ex
363 1778 534 1824 mariti
573 1779 651 1826 sui
688 1778 918 1826 Hectoris
957 1780 1137 1839 morte,
1177 1780 1407 1826 manente
1447 1778 1608 1826 adhuc
1645 1779 1787 1841 regni

92 1851 315 1911 fortuna,
362 1853 436 1898 ire
475 1854 671 1914 saepius
711 1853 894 1901 soleret
933 1852 997 1900 ad
1035 1867 1249 1913 soceros,
1296 1851 1551 1900 Priamum
1597 1852 1787 1900 scilicet

94 1927 143 1972 et
186 1924 463 1986 Hecubam,
519 1928 606 1987 qui
650 1928 817 1988 ipsum
863 1928 1138 1990 genuerant
1182 1925 1469 1987 Hectorem,
1523 1928 1575 1974 et
1621 1940 1786 1974 secum

37 2042 46 2048 .
92 1998 403 2060 Astyanacta
454 1999 614 2047 filium
666 2001 885 2062 trahere,
940 2002 1061 2063 quia
1105 2000 1275 2048 deerat
1321 2002 1407 2062 qui
1456 2001 1652 2048 iuvaret
1699 2003 1786 2048 aut

49 2090 72 2124 ι
92 2074 253 2135 ipsam
293 2076 380 2120 aut
418 2090 639 2136 puerum.
709 2074 1066 2123 consideranda
1105 2076 1222 2122 sunt
1258 2076 1451 2122 interea
1490 2074 1785 2138 singillatim

92 2146 257 2208 verba,
296 2163 423 2209 quae
460 2150 656 2196 tantam
694 2149 883 2197 habent
919 2149 1173 2209 virtutem,
1211 2150 1270 2195 ut
1300 2149 1582 2210 exprimant
1609 2163 1786 2196 revera

79 2224 332 2269 remotum
372 2222 525 2269 fuisse
563 2223 728 2270 locum
765 2222 910 2270 illum
949 2222 1012 2270 ab
1050 2222 1308 2270 hominum
1348 2237 1561 2270 accessu.
1630 2221 1783 2270 limen

74 2297 215 2356 -erat,
251 2295 346 2344 11οο
385 2299 460 2344 est
497 2297 599 2344 fuit
637 2298 835 2357 ostium,
867 2311 1139 2359 caecaeque
1178 2296 1322 2358 foreS‚
1355 2313 1456 2345 non
1489 2296 1622 2358 quod
1651 2296 1783 2345 fores

75 2382 265 2418 030030
304 2362 487 2437 (neque
518 2372 651 2418 enim
682 2371 848 2420 oculos
879 2370 1060 2419 habere
1091 2364 1398 2437 potuerunt),
1439 2370 1525 2418 sed
1556 2386 1682 2432 quae
1713 2372 1784 2419 sic

72 2441 304 2492 ‘fuissent
331 2444 611 2505 institutae,
634 2448 694 2492 ut
723 2446 1094 2508 praetereuntes
1125 2443 1215 2493 has
1245 2444 1413 2493 videre
1443 2459 1544 2492 non
1566 2447 1782 2506 possent,

63 2518 145 2564 et
187 2519 386 2579 pervius
432 2533 549 2567 usus
595 2521 841 2567 tectorum
894 2520 1027 2566 inter
1071 2533 1124 2567 se
1169 2517 1380 2567 Priami:
1442 2517 1784 2567 celebrabatur

33 2582 78 2651 ξ·
93 2604 263 2638 earum
306 2607 446 2654 usus,
490 2592 576 2640 sed
614 2591 676 2641 ab
714 2594 778 2641 113
817 2594 906 2655 qui
942 2593 1152 2641 interius
1191 2591 1585 2641 commanebant.
1659 2591 1782 2639 haec

62 2662 357 2727 „descriptio
404 2666 623 2714 ostendit
667 2666 792 2715 duas
839 2665 1010 2715 domos
1055 2667 1212 2716 fuisse
1265 2668 1578 2727 coniunctas,
1629 2681 1781 2736 unam

211 2795 236 2836 1
266 2792 444 2846 fovebat
467 2792 555 2836 LR
584 2793 788 2837 movebat
815 2807 852 2836 r.
937 2794 1138 2849 5potuit
1160 2792 1242 2838 ed..
1319 2796 1374 2837 19
1398 2792 1574 2838 deserta
1596 2791 1684 2834 LR
1707 2790 1778 2836 ed.

78 2848 255 2916 'deamvi
281 2865 318 2896 r.
411 2856 468 2896 20
491 2857 599 2909 post
629 2850 836 2896 deletum
866 2850 968 2895 vult
995 2865 1032 2898 1.
1126 2856 1182 2896 24
1213 2852 1522 2897 astianactam
1551 2852 1618 2908 (et
1639 2849 1780 2906 infra)

83 2926 86 2933 ·
133 2906 179 2952 R
206 2922 320 2954 corr.
350 2925 388 2955 1.
510 2915 566 2955 29
593 2911 848 2967 potuissent
878 2910 950 2955 ed.
1072 2916 1127 2956 31
1160 2911 1282 2957 inter
1310 2925 1357 2956 ce
1387 2924 1476 2956 om.
1501 2909 1573 2955 ed.
1616 2912 1624 2968 Ι
1673 2910 1779 2955 cele—

87 2966 254 3014 bratur
281 2968 325 3012 R
355 2982 468 3013 corr.
501 2984 536 3014 r.

1336 3042 1423 3087 14⁸
