2014 3226
209 155 236 206 1
247 154 312 206 18
675 152 904 196 DONATI
935 152 1213 196 INTERPR.
1248 152 1428 196 VERG.

205 297 255 342 et
294 295 529 355 temporis
572 295 620 339 et
652 307 889 353 personae
923 294 1107 354 optime
1141 309 1339 356 gnarus,
1371 294 1580 354 loquens
1616 293 1748 355 apud
1782 293 1896 341 Car-

204 368 459 432 thaginem
490 368 582 414 hoc
615 369 689 413 est
721 367 773 413 in
809 366 1012 414 civitate
1053 382 1178 428 quae
1218 369 1422 429 propter
1453 367 1694 415 Iunonem
1733 369 1899 429 potuit

205 457 308 490 esse
348 442 570 501 inimica,
610 441 815 501 loquens
854 441 908 487 in
946 439 1053 502 ipso
1095 440 1407 488 adversariae
1446 441 1633 503 templo
1675 443 1724 489 et
1763 442 1899 503 apud

204 532 314 563 eam
355 531 479 576 quae
521 530 764 562 summam
803 516 995 562 teneret
1033 516 1234 577 imperii
1273 516 1422 576 atque
1455 530 1511 563 eo
1543 517 1767 576 tempore
1802 531 1898 576 quo

202 592 317 651 post
355 589 674 651 naufragium
713 590 872 637 terras
911 590 1046 651 ipsas
1080 588 1310 650 cupiebat
1342 589 1549 637 evadere
1580 589 1707 636 nihil
1738 589 1804 637 sit
1839 589 1898 636 de
1943 605 1964 640 5

203 663 405 709 Iunonis
462 663 678 711 factione
734 663 1052 724 conquestus:
1116 663 1305 726 gratias
1362 664 1469 725 agit
1522 663 1655 710 facto
1703 663 1897 710 nullum

204 737 422 797 culpans,
460 736 646 784 nullius
687 751 1075 784 commemorans
1113 737 1486 798 inpressionem.
1557 737 1677 798 sola,
1717 738 1899 798 inquit,

202 811 439 857 miserata
477 809 671 858 labores
712 812 929 858 nostros:
971 826 1083 858 cum
1123 811 1245 858 dicit
1284 811 1443 858 solam
1481 811 1623 858 iuxta
1656 811 1897 859 Troianos

202 884 423 931 extitisse
471 884 769 945 benivolam,
810 887 860 932 et
898 884 1074 932 laudat
1111 885 1301 932 factum
1341 900 1399 932 ex
1439 900 1495 933 eo
1537 886 1658 946 quia
1698 885 1899 933 carebat

201 958 423 1019 exemplo
472 960 522 1005 et
567 959 779 1006 miratur
826 959 1017 1006 occulte
1063 959 1170 1006 illic
1223 959 1478 1007 inventam
1535 960 1758 1020 requiem
1812 958 1900 1006 ubi
1922 976 1964 1008 ιο

201 1031 627 1079 evidentissimum
665 1033 941 1095 periculum
980 1033 1171 1094 sperari
1209 1035 1454 1094 potuerat.
1534 1048 1707 1080 causas
1756 1048 1898 1094 prae-

199 1106 339 1153 teriit
385 1105 627 1154 adventus
675 1108 773 1167 sui,
822 1109 940 1168 quia
986 1107 1076 1155 has
1117 1107 1304 1154 dudum
1342 1108 1518 1170 regina
1555 1106 1745 1155 Ilioneo
1785 1123 1898 1154 nar-

199 1181 340 1227 rante
381 1182 684 1241 conpererat.
747 1196 871 1241 qaae
908 1195 1021 1228 nos:
1062 1181 1181 1242 quid
1222 1183 1297 1229 est
1334 1179 1458 1228 nos‘?
1525 1182 1759 1241 reliquias
1790 1181 1897 1228 Da-

199 1268 351 1301 naum
383 1257 633 1314 terraeque
670 1256 929 1315 marisque.
992 1255 1230 1317 reliquias
1271 1257 1349 1302 ter
1388 1255 1621 1303 debemus
1663 1256 1899 1317 accipere,

199 1328 256 1373 ut
295 1327 362 1374 sit
399 1328 638 1390 reliquias
669 1328 916 1389 Danaum,
955 1329 1194 1391 reliquias
1235 1331 1411 1390 terrae,
1451 1329 1688 1391 reliquias
1728 1330 1896 1377 maris.
1922 1343 1963 1379 15

199 1400 430 1448 Danaum
467 1402 714 1463 quomodo
755 1403 877 1451 satis
919 1405 1150 1465 apertum
1182 1404 1278 1464 est3
1318 1419 1436 1451 nam
1467 1403 1653 1451 infiniti
1685 1418 1741 1450 eo
1773 1405 1898 1450 tem-

199 1490 318 1536 pore
350 1476 607 1537 perierunt
641 1493 736 1538 quo
771 1478 924 1524 etiam
955 1479 1068 1539 ipsa
1100 1478 1277 1526 civitas
1303 1477 1520 1525 concidit
1545 1477 1895 1539 Troianorum3

199 1549 434 1610 reliquias
475 1551 637 1598 terrae
676 1550 860 1599 idcir00
902 1551 1050 1612 dixit,
1091 1551 1212 1613 quia
1250 1552 1446 1615 fugiens
1486 1551 1546 1598 de
1587 1551 1738 1599 Troia
1787 1566 1900 1599 cum

201 1620 399 1670 Cretam
436 1625 668 1686 venisset,
698 1625 885 1673 multos
920 1626 1017 1673 luis
1052 1627 1347 1690 contagione
1379 1625 1621 1687 perdidit,
1659 1626 1897 1687 reliquias

199 1696 365 1757 maris,
398 1699 516 1759 quia
556 1699 818 1746 constabat
854 1701 1121 1763 naufragio
1162 1715 1260 1762 quo
1300 1701 1354 1747 in
1393 1700 1546 1747 litora
1579 1699 1896 1763 Carthaginis
1923 1715 1967 1749 ιο

200 1769 345 1818 eiecti
375 1774 492 1819 sunt
524 1770 744 1821 Oronten
775 1775 1018 1822 interisse.
1081 1775 1304 1822 ommibus
1343 1774 1597 1822 eaehaustos
1635 1775 1738 1821 iarn
1777 1774 1900 1821 casi-

112 1847 199 1888 600
217 1844 319 1899 bas,
359 1846 576 1893 omniurn
613 1861 782 1907 eyenos
819 1849 953 1904 arbe,
992 1848 1131 1896 domo
1170 1849 1352 1896 socias:
1399 1849 1556 1895 currit
1593 1863 1682 1909 per
1720 1847 1898 1908 ampli-

199 1916 482 1966 ficationem
528 1921 883 1981 praestitorum
929 1922 1170 1970 extollens
1216 1923 1270 1970 in
1317 1921 1477 1970 maius
1526 1921 1662 1984 quod
1699 1921 1899 1969 fuerant

201 1993 463 2040 consecuti.
541 1994 791 2056 omnibus,
829 1996 1018 2058 inquit,
1058 1995 1323 2045 exhaustos
1362 1997 1464 2044 iam
1512 1994 1730 2044 casibus:
1786 2010 1899 2043 cum

200 2063 323 2112 dicit
361 2080 411 2113 se
450 2066 656 2116 diversis
697 2069 892 2118 casibus
932 2070 1240 2131 exhaustum,
1279 2069 1498 2118 ostendit
1535 2069 1758 2131 inopiam
1797 2084 1898 2116 non
1922 2084 1967 2119 25

202 2138 497 2202 originalem
535 2143 680 2203 quasi
718 2143 939 2192 abiectae
978 2159 1232 2206 personae,
1264 2143 1350 2192 sed
1388 2144 1618 2192 fortunae
1656 2143 1898 2191 violentia

202 2213 436 2261 extitisse.
515 2217 738 2264 omnium
784 2233 985 2281 egenos,
1033 2217 1165 2281 quod
1212 2220 1288 2267 est
1332 2218 1465 2266 inter
1502 2217 1729 2266 mortalis
1769 2215 1896 2264 diffi-

202 2285 443 2334 cillimum
488 2290 632 2353 tangi
675 2291 1037 2353 misericordia,
1085 2307 1197 2340 cum
1237 2291 1348 2354 quis
1386 2293 1588 2354 inopem
1626 2290 1808 2339 viderit
1848 2292 1898 2337 et

202 2362 442 2423 egentem.
521 2362 733 2426 denique
772 2366 830 2413 ut
867 2368 1017 2427 poeta
1057 2366 1386 2429 conprobaret
1422 2366 1516 2414 hoc
1554 2367 1742 2426 ipsum,
1782 2379 1895 2412 con·

201 2435 372 2482 secuta
401 2438 720 2497 responsione
744 2438 955 2488 Didonis
987 2441 1253 2503 conplexus
1286 2441 1362 2488 est
1393 2455 1520 2501 quae
1550 2439 1681 2487 ratio
1706 2439 1896 2486 miseri·
1919 2451 1969 2489 ω

201 2506 400 2556 cordem
421 2509 476 2556 in
500 2525 649 2559 causa
679 2513 974 2560 miserorum
1004 2515 1179 2562 fecerit
1207 2513 1476 2562 Didonem:
1515 2529 1644 2574 „non
1675 2507 1897 2576 ignara“,
1942 2546 1965 2575 :¹

199 2581 367 2643 inquit
406 2576 578 2648 (630),
610 2585 761 2646 „mali
791 2587 985 2636 miseris
1018 2603 1298 2636 succurrere
1331 2585 1510 2636 disco“.
1575 2588 1897 2649 augmentum
1950 2588 1969 2650 2,

1930 2719 1971 2732 Ν

323 2726 349 2765 2
376 2724 580 2779 potuisse
602 2725 691 2769 LR
715 2727 871 2782 potnit
901 2741 991 2773 esse
1021 2743 1045 2772 r
1068 2733 1222 2785 posset
1251 2742 1342 2772 esse
1372 2726 1414 2771 r'
1441 2727 1491 2771 in
1515 2741 1661 2784 marg.
1674 2727 1897 2784 potuisset

201 2792 292 2825 esse
323 2781 396 2826 ed.
496 2787 523 2826 3
554 2785 792 2830 inimicam
822 2786 870 2829 L.
971 2791 998 2830 5
1029 2788 1214 2833 evadere
1245 2787 1332 2830 LR
1363 2787 1554 2832 evadens
1585 2788 1633 2830 et
1663 2788 1894 2842 transpoa
1963 2791 1978 2826 .’

203 2838 276 2884 ed.
312 2839 319 2897 Ι
356 2841 418 2885 sit
446 2841 534 2885 LR
566 2844 638 2887 ed.
670 2849 735 2889 est
765 2847 994 2901 expectes.
1111 2851 1136 2890 6
1168 2846 1293 2901 facto
1325 2860 1412 2890 om.
1439 2845 1510 2890 ed.
1621 2849 1675 2888 13
1707 2845 1895 2901 qnid—

205 2901 260 2941 15
294 2901 434 2944 maris
465 2914 553 2946 om.
572 2903 645 2948 ed.
740 2907 792 2947 19
825 2905 971 2949 multa
1002 2905 1074 2950 ed.
1167 2910 1223 2949 25
1257 2905 1447 2950 diversis
1476 2903 1563 2947 LR
1594 2903 1798 2949 adversis
1821 2904 1893 2948 ed.
1949 2905 1965 2948 ἓ

293 2960 349 3001 30
379 2962 670 3016 responsione
699 2961 788 3006 LR
818 2965 1157 3020 reprehensione
1188 2964 1260 3010 ed.
1384 2968 1438 3007 32
1472 2968 1790 3021 arynmentnm
1821 2961 1893 3008 ed.

1933 3071 1968 3226 &if-32:⁴³3(
1957 3046 1960 3051 ⁴
1942 3011 1959 3022 ⁴„
1955 2994 1959 2995 ¹
