2014 3226
182 184 207 231 1
218 181 289 232 74
647 178 876 221 11)0NAT1
894 177 1187 221 {NTERPR
1222 176 1398 220 VERG.

179 336 316 367 arma
357 319 569 378 deosque
609 322 789 379 parant
829 318 1032 375 comites
1066 318 1341 380 pelagoque
1373 331 1598 364 remenso
1630 317 1879 378 inprovisi,

179 394 407 452 aderunt,
455 395 528 438 ita
575 392 758 454 digerit
797 391 964 439 omina
1006 389 1226 438 Calchas.
1304 390 1430 437 dixit
1471 390 1603 451 quod
1643 391 1871 438 Troianis

179 471 304 514 esset
329 467 645 524 contrarium,
672 465 861 512 scilicet
885 465 1128 512 redituros
1152 462 1379 524 Graecos,
1403 467 1460 510 ut
1485 467 1648 511 cetera
1672 464 1871 512 facilius

179 541 444 587 crederent.
519 540 776 602 religionis
834 554 949 602 ergo
1006 538 1279 599 placandae
1334 553 1483 585 causa
1534 538 1724 585 factum
1771 553 1873 585 esse
1988 589 1990 598 ¹

178 615 375 671 adserit,
389 614 445 659 ut
462 614 780 673 expiarentur
805 627 930 672 quae
954 615 1317 660 memoraverat
1340 628 1429 672 per
1458 612 1615 658 scelus
1642 611 1870 659 admissa.
1920 628 1941 659 5
1987 606 1990 651 l

179 688 379 748 exponit
426 686 601 733 dehinc
649 701 745 747 quo
794 685 975 734 molem
1030 687 1156 733 hanc
1210 685 1425 733 inmanis
1478 687 1592 746 equi
1640 688 1873 745 statuere,
1987 683 1990 695 '

178 763 268 807 hoc
316 763 390 806 est
437 774 523 806 cur
568 762 739 807 tantae
787 759 1163 822 magnitudinis.
1241 760 1396 818 idem,
1435 760 1623 819 inquit,
1664 757 1872 820 Calchas

177 835 322 881 iussit
355 833 593 895 grandem
616 833 798 880 molem
821 833 944 894 fieri,
968 850 1028 880 ne
1053 835 1223 894 por-tas
1249 836 1441 880 vestras
1466 834 1637 894 posset
1660 834 1870 894 intrare3

176 909 267 955 hoc
307 909 439 954 enim
476 910 623 968 pacto
665 907 927 954 adserebat
964 908 1188 955 favorem
1227 907 1347 954 deae
1388 907 1452 954 ad
1482 908 1704 954 vestrum
1735 909 1871 953 auxi-
1985 951 1987 954 Α

176 983 299 1028 lium
341 996 444 1028 esse
475 980 764 1028 rediturum.
825 996 944 1029 nam
983 983 1026 1028 si
1063 985 1224 1028 vestra
1261 996 1440 1028 manus
1479 980 1705 1028 violasset
1742 982 1872 1030 dona
1893 998 1940 1028 ,ιο
1985 966 1988 1026 ἷ

92 1061 175 1100 190
192 1056 463 1110 Minervae,
509 1059 610 1102 tum
648 1070 897 1114 maynum¹
921 1057 1118 1102 exitium
1166 1054 1317 1115 (quod
1357 1054 1427 1102 dii
1461 1056 1606 1114 prius
1644 1068 1782 1101 omen
1819 1056 1873 1102 in
1983 1055 1987 1118 ζ

180 1132 337 1188 ipsum
383 1128 683 1188 convertant)
730 1129 922 1176 Priami
966 1131 1168 1188 imperio
1215 1129 1582 1188 Phrygibusque
1625 1129 1873 1187 futurum:
1976 1119 1987 1154 ’ἵ

178 1205 218 1251 si
257 1202 528 1250 laesissetis
567 1219 749 1263 equum
787 1204 953 1264 ipsum
994 1204 1079 1263 qui
1117 1204 1170 1249 in
1209 1202 1446 1250 honorem
1484 1203 1616 1250 tanti
1653 1203 1871 1262 numinis

176 1278 339 1324 factus
380 1278 469 1336 est,
500 1277 809 1324 multiforme
849 1278 1056 1324 exitium
1096 1277 1301 1325 conflari
1331 1291 1476 1338 posse
1510 1277 1754 1337 Troianis,
1787 1275 1872 1324 sed

177 1351 269 1397 hoc
307 1366 368 1397 ne
407 1350 546 1398 velut
575 1352 629 1396 in
661 1349 977 1398 maledictum
1012 1350 1272 1412 proficeret
1304 1351 1647 1409 Troianorum,
1679 1349 1873 1398 addidit
1897 1350 1985 1406 151(

179 1424 311 1485 quod
351 1423 422 1470 dii
460 1426 599 1485 prius
640 1441 783 1471 omen
822 1425 876 1470 in
907 1426 1073 1485 ipsum
1106 1427 1409 1472 convertant.
1474 1426 1526 1470 in
1559 1424 1869 1471 conclusione
1951 1427 1983 1497 -'¹',

178 1500 250 1545 ait
287 1500 366 1545 sin
405 1499 632 1545 manibus
670 1500 841 1546 vestris
880 1502 1092 1545 vestram
1124 1499 1416 1546 ascendisset
1445 1500 1499 1545 in
1529 1499 1711 1552 urbem,
1744 1499 1870 1545 ultro
1963 1491 1969 1499 ⁸

176 1571 353 1619 Asiam
382 1569 587 1632 [mayno
611 1572 820 1632 Pelopea
851 1573 917 1619 acl
947 1574 1139 1620 moenia
1172 1573 1289 1619 bello
1322 1576 1579 1619 venturam
1611 1575 1654 1619 et
1682 1575 1871 1619 nostros
1982 1626 1991 1630 „

178 1661 233 1693 ea
272 1648 380 1705 fata
410 1661 608 1693 manere
637 1644 882 1707 nepotesJ:
923 1647 1044 1693 satis
1076 1645 1178 1694 illis
1210 1646 1545 1708 profuturum,
1577 1647 1620 1692 si
1650 1646 1871 1707 ipsorum
1946 1638 1971 1686 ἸΪ

176 1719 404 1767 manibus
458 1721 511 1766 in
557 1721 777 1781 patriam
822 1720 1105 1781 duceretur,
1151 1735 1308 1782 usque
1356 1720 1477 1767 adeo
1525 1722 1582 1767 ut
1629 1720 1869 1768 Troianos
1894 1736 1913 1767 ε

178 1793 398 1840 firmaret
445 1793 508 1840 ad
555 1792 913 1841 excindendum
960 1792 1225 1841 Graiorum
1270 1795 1534 1855 imperium
1581 1794 1715 1840 ultro
1767 1809 1870 1842 esse

177 1869 487 1915 venturoset
509 1868 562 1914 in
591 1883 761 1915 eorum
791 1871 996 1929 nepotes
1030 1883 1172 1915 omne
1205 1869 1411 1915 exitium
1443 1883 1548 1916 esse
1579 1867 1868 1915 rediturum.

93 1946 174 1984 195
293 1941 497 1989 Talibus
549 1942 746 1989 insidiis
790 1943 1078 2002 periurique
1135 1945 1238 1990 arte
1289 1940 1489 1990 Sinonis
1551 1943 1733 1989 credita
1793 1956 1870 1988 res

179 2016 398 2075 captique
435 2015 559 2062 dolis
589 2016 899 2075 lacrimisque
930 2018 1127 2063 coactis:
1166 2017 1284 2076 quia
1313 2017 1512 2076 poterat
1544 2015 1643 2062 dici
1672 2015 1870 2063 Aeneae

179 2103 264 2135 cur
301 2091 407 2135 tam
445 2089 638 2150 faciles,
690 2105 776 2136 cur
813 2092 920 2136 tam
960 2089 1161 2150 creduli,
1201 2105 1288 2136 cur
1324 2090 1377 2136 in
1416 2090 1595 2137 vestris
1633 2088 1868 2150 periculis

179 2164 340 2209 minus
389 2162 652 2226 diligentes
700 2165 751 2210 et
789 2165 948 2224 cauti,
995 2179 1081 2210 cur
1118 2163 1240 2210 belli
1277 2169 1500 2224 tempore
1539 2163 1733 2210 hostem
1769 2163 1869 2211 ista
1941 2190 1943 2194 ·

180 2236 486 2283 adserentem
531 2238 748 2297 putastis
795 2253 914 2284 vera
961 2237 1306 2299 simpliciaque
1347 2234 1562 2284 dixisse?
1602 2238 1675 2284 ait
1713 2235 1867 2284 credi·

179 2309 363 2371 dimus,
403 2325 516 2357 cum
554 2311 743 2358 iuraret
788 2303 974 2377 (omnis
1022 2312 1155 2359 enim
1192 2311 1471 2374 religiosus,
1513 2311 1601 2372 qui
1638 2312 1867 2372 periurus

180 2397 284 2430 esse
314 2399 414 2430 non
445 2386 624 2444 potest,
647 2385 795 2432 facile
827 2385 976 2432 fidem
1005 2386 1220 2432 iurantis
1252 2377 1518 2450 admittit),
1557 2384 1868 2444 credidimus,
1925 2434 1929 2436 μ
1974 2373 1978 2420 ἶ

297 2514 324 2551 4
362 2509 538 2562 factum
574 2523 620 2553 se
658 2523 747 2554 esse
777 2509 865 2552 LR
901 2525 946 2555 se
987 2510 1076 2554 del.
1111 2510 1182 2554 ed.
1351 2490 1421 2553 '13
1463 2510 1662 2554 laesisset
1696 2510 1767 2554 ed.
1804 2566 1806 2568 Ι
2009 2555 2011 2562 s

181 2573 234 2611 14
273 2569 490 2612 Troianis
520 2568 606 2610 LR
641 2568 717 2612 Tr.
743 2571 811 2612 ait
841 2569 912 2613 ed.
1021 2573 1072 2612 17
1105 2571 1181 2613 sin
1198 2594 1253 2601 —
1271 2573 1326 2612 22
1357 2569 1613 2613 rediturum
1642 2569 1693 2612 in
1723 2582 1866 2613 mem·
1908 2591 1923 2606 κ
1972 2591 1974 2594 v

177 2627 327 2670 brana
358 2626 528 2670 abrasa
560 2627 748 2683 scripsit
776 2626 827 2671 r'.
855 2670 858 2672 ,
975 2633 1028 2671 17
1061 2629 1315 2673 ascendisse
1345 2628 1392 2672 L.
1540 2631 1596 2671 18
1626 2641 1793 2685 magno
1810 2655 1862 2660 —

181 2691 234 2729 19
273 2690 454 2741 nepotes
500 2685 632 2730 deest
668 2685 719 2728 in
757 2685 792 2728 L
810 2686 938 2743 (R‘?)‚
980 2686 1062 2730 sed
1100 2687 1382 2744 explicatum
1430 2685 1604 2731 omissa
1645 2686 1790 2730 habet
1827 2685 1862 2730 r'

179 2747 394 2801 (fortasse
431 2744 550 2788 haec
586 2746 642 2788 ut
679 2745 919 2801 suppleret
957 2746 1102 2790 erasit
1141 2759 1262 2802 quae
1294 2746 1334 2788 R
1365 2745 1617 2802 scripserat
1655 2745 1712 2790 cf.
1746 2747 1862 2802 203).

269 2807 324 2847 19
354 2804 470 2848 satis
500 2803 536 2846 L
567 2803 639 2848 ed.
673 2803 879 2848 adseruit
906 2806 1021 2850 satis
1051 2804 1103 2861 (r'
1136 2805 1203 2862 in)
1233 2804 1287 2848 R.
1333 2805 1339 2862 Ι
1388 2805 1463 2848 illi
1492 2805 1563 2849 ed.
1687 2809 1742 2847 22
1774 2818 1865 2848 esse

177 2863 432 2906 reditun-um
463 2861 500 2905 L
531 2875 622 2907 esse
652 2875 739 2906 om.
775 2862 827 2919 (r'
859 2863 927 2919 in)
957 2863 1012 2907 R.
1174 2869 1229 2907 26
1261 2865 1389 2908 cauti
1417 2863 1505 2906 LR
1535 2877 1570 2908 c.
1602 2864 1760 2918 fuistis
1791 2863 1861 2908 ed.
1911 2902 1913 2906 .
1968 2906 1969 2914 ,

269 2925 323 2964 27
341 2921 581 3023 §redimus
611 2921 698 2964 LR
729 2921 870 2977 (infra
900 2923 1194 2980 credidimus)
1225 2936 1338 2967 corr.
1370 2937 1393 2964 r
1425 2922 1494 2966 ed.
1612 2926 1668 2966 28
1699 2924 1864 2979 quippe

179 2994 311 3024 turus
415 2994 529 3024 corr.
558 2994 595 3023 r.
1840 3006 1848 3012 ·
1966 2994 1969 3014 ÷
