<?xml version="1.0" encoding="UTF-8"?>
<!DOCTYPE html PUBLIC "-//W3C//DTD XHTML 1.0 Transitional//EN"
    "http://www.w3.org/TR/xhtml1/DTD/xhtml1-transitional.dtd">
<html xmlns="http://www.w3.org/1999/xhtml" xml:lang="en" lang="en">
 <head>
  <title>
</title>
<meta http-equiv="Content-Type" content="text/html;charset=utf-8" />
  <meta name='ocr-system' content='tesseract 3.04.00' />
  <meta name='ocr-capabilities' content='ocr_page ocr_carea ocr_par ocr_line ocrx_word'/>
</head>
<body>
  <div class='ocr_page' id='page_1' title='image "./interpretationes01donauoft_0605.png"; bbox 0 0 2014 3226; ppageno 0'>
   <div class='ocr_carea' id='block_1_1' title="bbox 756 173 1803 228">
    <p class='ocr_par' dir='ltr' id='par_1_1' title="bbox 756 173 1803 228">
     <span class='ocr_line' id='line_1_1' title="bbox 756 173 1803 228; baseline 0 -13"><span class='ocrx_word' id='word_1_1' title='bbox 756 173 1058 217; x_wconf 79' lang='lat' dir='ltr'>AENEmos</span> <span class='ocrx_word' id='word_1_2' title='bbox 1091 174 1152 217; x_wconf 79' lang='lat' dir='ltr'>VJ</span> <span class='ocrx_word' id='word_1_3' title='bbox 1695 177 1803 228; x_wconf 90' lang='grc'>555</span> 
     </span>
    </p>
   </div>
   <div class='ocr_carea' id='block_1_2' title="bbox 0 312 1896 3226">
    <p class='ocr_par' dir='ltr' id='par_1_2' title="bbox 106 312 1805 595">
     <span class='ocr_line' id='line_1_2' title="bbox 115 312 1803 376; baseline 0.002 -16"><span class='ocrx_word' id='word_1_4' title='bbox 115 313 286 360; x_wconf 85' lang='lat' dir='ltr'>Aenea</span> <span class='ocrx_word' id='word_1_5' title='bbox 332 312 499 360; x_wconf 89' lang='lat' dir='ltr'>videre</span> <span class='ocrx_word' id='word_1_6' title='bbox 550 312 782 373; x_wconf 86' lang='lat' dir='ltr'>cupiebat</span> <span class='ocrx_word' id='word_1_7' title='bbox 836 312 1096 361; x_wconf 90' lang='lat' dir='ltr'>incolumis</span> <span class='ocrx_word' id='word_1_8' title='bbox 1150 314 1259 376; x_wconf 88' lang='lat' dir='ltr'>ipsa</span> <span class='ocrx_word' id='word_1_9' title='bbox 1315 330 1425 361; x_wconf 91' lang='lat' dir='ltr'>eum</span> <span class='ocrx_word' id='word_1_10' title='bbox 1480 318 1700 363; x_wconf 88' lang='lat' dir='ltr'>cerneret</span> <span class='ocrx_word' id='word_1_11' title='bbox 1755 317 1803 363; x_wconf 91' lang='lat' dir='ltr'>in</span> 
     </span>
     <span class='ocr_line' id='line_1_3' title="bbox 115 387 1802 436; baseline 0.001 -2"><span class='ocrx_word' id='word_1_12' title='bbox 115 387 346 434; x_wconf 86' lang='lat' dir='ltr'>fluctibus</span> <span class='ocrx_word' id='word_1_13' title='bbox 409 387 568 434; x_wconf 86' lang='lat' dir='ltr'>saevis</span> <span class='ocrx_word' id='word_1_14' title='bbox 623 387 911 433; x_wconf 86' lang='lat' dir='ltr'>exanimem.</span> <span class='ocrx_word' id='word_1_15' title='bbox 1010 401 1203 435; x_wconf 79' lang='lat' dir='ltr'>summa</span> <span class='ocrx_word' id='word_1_16' title='bbox 1262 389 1485 436; x_wconf 75' lang='lat' dir='ltr'>sublimis</span> <span class='ocrx_word' id='word_1_17' title='bbox 1547 390 1607 436; x_wconf 85' lang='lat' dir='ltr'>ab</span> <span class='ocrx_word' id='word_1_18' title='bbox 1669 390 1802 436; x_wconf 78' lang='lat' dir='ltr'>unda</span> 
     </span>
     <span class='ocr_line' id='line_1_4' title="bbox 106 460 1805 523; baseline 0.001 -15"><span class='ocrx_word' id='word_1_19' title='bbox 106 461 354 520; x_wconf 77' lang='lat' dir='ltr'>paulatim</span> <span class='ocrx_word' id='word_1_20' title='bbox 406 460 654 508; x_wconf 78' lang='lat' dir='ltr'><em>adnabam</em></span> <span class='ocrx_word' id='word_1_21' title='bbox 700 463 877 515; x_wconf 76' lang='lat' dir='ltr'>terrae,</span> <span class='ocrx_word' id='word_1_22' title='bbox 932 462 1032 507; x_wconf 74' lang='lat' dir='ltr'>iam</span> <span class='ocrx_word' id='word_1_23' title='bbox 1078 465 1182 509; x_wconf 76' lang='lat' dir='ltr'>tuta</span> <span class='ocrx_word' id='word_1_24' title='bbox 1237 463 1477 510; x_wconf 79' lang='lat' dir='ltr'><em>tenebam:</em></span> <span class='ocrx_word' id='word_1_25' title='bbox 1532 466 1663 523; x_wconf 82' lang='lat' dir='ltr'>tunc,</span> <span class='ocrx_word' id='word_1_26' title='bbox 1719 465 1805 521; x_wconf 84' lang='lat' dir='ltr'>ait,</span> 
     </span>
     <span class='ocr_line' id='line_1_5' title="bbox 116 534 1805 595; baseline 0.001 -13"><span class='ocrx_word' id='word_1_27' title='bbox 116 535 221 582; x_wconf 87' lang='lat' dir='ltr'>vidi</span> <span class='ocrx_word' id='word_1_28' title='bbox 259 534 474 595; x_wconf 89' lang='lat' dir='ltr'>Italiam,</span> <span class='ocrx_word' id='word_1_29' title='bbox 515 549 627 581; x_wconf 89' lang='lat' dir='ltr'>cum</span> <span class='ocrx_word' id='word_1_30' title='bbox 666 550 742 581; x_wconf 90' lang='lat' dir='ltr'>me</span> <span class='ocrx_word' id='word_1_31' title='bbox 782 535 1059 594; x_wconf 85' lang='lat' dir='ltr'>proximum</span> <span class='ocrx_word' id='word_1_32' title='bbox 1098 538 1258 583; x_wconf 86' lang='lat' dir='ltr'>terrae</span> <span class='ocrx_word' id='word_1_33' title='bbox 1298 537 1450 584; x_wconf 89' lang='lat' dir='ltr'>ferret</span> <span class='ocrx_word' id='word_1_34' title='bbox 1489 536 1621 583; x_wconf 87' lang='lat' dir='ltr'>unda</span> <span class='ocrx_word' id='word_1_35' title='bbox 1654 536 1805 584; x_wconf 88' lang='lat' dir='ltr'>subli-</span> 
     </span>
    </p>

    <p class='ocr_par' dir='ltr' id='par_1_3' title="bbox 71 607 1896 966">
     <span class='ocr_line' id='line_1_6' title="bbox 71 607 1806 670; baseline 0 -13"><span class='ocrx_word' id='word_1_36' title='bbox 71 625 93 658; x_wconf 79' lang='lat'><strong>5</strong></span> <span class='ocrx_word' id='word_1_37' title='bbox 117 625 247 657; x_wconf 91' lang='lat' dir='ltr'>mem</span> <span class='ocrx_word' id='word_1_38' title='bbox 287 611 336 655; x_wconf 90' lang='lat' dir='ltr'>et</span> <span class='ocrx_word' id='word_1_39' title='bbox 374 610 487 655; x_wconf 90' lang='lat' dir='ltr'>tuta</span> <span class='ocrx_word' id='word_1_40' title='bbox 524 610 691 655; x_wconf 89' lang='lat' dir='ltr'>tenere</span> <span class='ocrx_word' id='word_1_41' title='bbox 739 608 1020 668; x_wconf 78' lang='lat' dir='ltr'>coepissem.</span> <span class='ocrx_word' id='word_1_42' title='bbox 1097 610 1151 655; x_wconf 74' lang='lat' dir='ltr'>ni</span> <span class='ocrx_word' id='word_1_43' title='bbox 1192 623 1310 670; x_wconf 75' lang='lat' dir='ltr'>qens</span> <span class='ocrx_word' id='word_1_44' title='bbox 1357 611 1564 657; x_wconf 80' lang='lat' dir='ltr'>crudelis</span> <span class='ocrx_word' id='word_1_45' title='bbox 1604 607 1806 658; x_wconf 78' lang='lat' dir='ltr'>madida</span> 
     </span>
     <span class='ocr_line' id='line_1_7' title="bbox 116 679 1896 745; baseline -0.001 -15"><span class='ocrx_word' id='word_1_46' title='bbox 116 697 227 730; x_wconf 79' lang='lat' dir='ltr'>cum</span> <span class='ocrx_word' id='word_1_47' title='bbox 269 685 388 730; x_wconf 76' lang='lat' dir='ltr'>ceste</span> <span class='ocrx_word' id='word_1_48' title='bbox 422 685 684 741; x_wconf 71' lang='lat' dir='ltr'>yravatum</span> <span class='ocrx_word' id='word_1_49' title='bbox 722 679 754 740; x_wconf 88' lang='lat'><em>†</em></span> <span class='ocrx_word' id='word_1_50' title='bbox 762 685 1167 742; x_wconf 78' lang='lat' dir='ltr'>prensantemque</span> <span class='ocrx_word' id='word_1_51' title='bbox 1198 685 1335 731; x_wconf 82' lang='lat' dir='ltr'>uncis</span> <span class='ocrx_word' id='word_1_52' title='bbox 1368 685 1597 732; x_wconf 71' lang='lat' dir='ltr'>manibus</span> <span class='ocrx_word' id='word_1_53' title='bbox 1629 686 1791 745; x_wconf 76' lang='lat' dir='ltr'>capita</span> <span class='ocrx_word' id='word_1_54' title='bbox 1809 689 1896 729; x_wconf 86' lang='grc'>360</span> 
     </span>
     <span class='ocr_line' id='line_1_8' title="bbox 117 756 1807 818; baseline 0 -14"><span class='ocrx_word' id='word_1_55' title='bbox 117 771 296 817; x_wconf 80' lang='lat' dir='ltr'>aspera</span> <span class='ocrx_word' id='word_1_56' title='bbox 333 757 507 803; x_wconf 79' lang='lat' dir='ltr'>montis</span> <span class='ocrx_word' id='word_1_57' title='bbox 545 756 676 814; x_wconf 81' lang='lat' dir='ltr'>ferro</span> <span class='ocrx_word' id='word_1_58' title='bbox 708 756 966 803; x_wconf 72' lang='lat' dir='ltr'>invasisset</span> <span class='ocrx_word' id='word_1_59' title='bbox 996 758 1331 816; x_wconf 78' lang='lat' dir='ltr'><em>praedamque</em></span> <span class='ocrx_word' id='word_1_60' title='bbox 1364 760 1539 818; x_wconf 77' lang='lat' dir='ltr'>iqnara</span> <span class='ocrx_word' id='word_1_61' title='bbox 1561 762 1807 818; x_wconf 77' lang='lat' dir='ltr'>putasset.-</span> 
     </span>
     <span class='ocr_line' id='line_1_9' title="bbox 116 829 1807 893; baseline 0.001 -15"><span class='ocrx_word' id='word_1_62' title='bbox 116 847 214 878; x_wconf 88' lang='lat' dir='ltr'>non</span> <span class='ocrx_word' id='word_1_63' title='bbox 255 829 517 877; x_wconf 89' lang='lat' dir='ltr'>defuerunt</span> <span class='ocrx_word' id='word_1_64' title='bbox 556 829 777 877; x_wconf 81' lang='lat' dir='ltr'><strong>crudeles</strong></span> <span class='ocrx_word' id='word_1_65' title='bbox 817 829 1054 889; x_wconf 91' lang='lat' dir='ltr'>homines,</span> <span class='ocrx_word' id='word_1_66' title='bbox 1094 831 1181 891; x_wconf 84' lang='lat' dir='ltr'>qui</span> <span class='ocrx_word' id='word_1_67' title='bbox 1221 831 1450 878; x_wconf 83' lang='lat' dir='ltr'>arbitrati</span> <span class='ocrx_word' id='word_1_68' title='bbox 1482 832 1716 893; x_wconf 85' lang='lat' dir='ltr'>praedam</span> <span class='ocrx_word' id='word_1_69' title='bbox 1756 847 1807 880; x_wconf 89' lang='lat' dir='ltr'>se</span> 
     </span>
     <span class='ocr_line' id='line_1_10' title="bbox 116 903 1806 966; baseline 0.001 -15"><span class='ocrx_word' id='word_1_70' title='bbox 116 905 384 966; x_wconf 85' lang='lat' dir='ltr'>invenisse,</span> <span class='ocrx_word' id='word_1_71' title='bbox 426 905 545 965; x_wconf 87' lang='lat' dir='ltr'>quia</span> <span class='ocrx_word' id='word_1_72' title='bbox 591 903 811 951; x_wconf 88' lang='lat' dir='ltr'>vestibus</span> <span class='ocrx_word' id='word_1_73' title='bbox 860 906 908 949; x_wconf 92' lang='lat' dir='ltr'>et</span> <span class='ocrx_word' id='word_1_74' title='bbox 956 918 1086 964; x_wconf 84' lang='lat' dir='ltr'>aqua</span> <span class='ocrx_word' id='word_1_75' title='bbox 1126 908 1362 966; x_wconf 78' lang='lat' dir='ltr'>gravatus</span> <span class='ocrx_word' id='word_1_76' title='bbox 1409 907 1620 966; x_wconf 86' lang='lat' dir='ltr'>fueram,</span> <span class='ocrx_word' id='word_1_77' title='bbox 1666 907 1806 953; x_wconf 89' lang='lat' dir='ltr'>uncis</span> 
     </span>
    </p>

    <p class='ocr_par' dir='ltr' id='par_1_4' title="bbox 51 977 1808 1263">
     <span class='ocr_line' id='line_1_11' title="bbox 51 977 1807 1040; baseline -0.001 -12"><span class='ocrx_word' id='word_1_78' title='bbox 51 995 95 1028; x_wconf 88' lang='lat'>10</span> <span class='ocrx_word' id='word_1_79' title='bbox 118 994 195 1026; x_wconf 92' lang='lat' dir='ltr'>me</span> <span class='ocrx_word' id='word_1_80' title='bbox 234 977 463 1026; x_wconf 87' lang='lat' dir='ltr'>manibus</span> <span class='ocrx_word' id='word_1_81' title='bbox 501 977 807 1025; x_wconf 72' lang='lat' dir='ltr'><strong>invaderent.</strong></span> <span class='ocrx_word' id='word_1_82' title='bbox 885 992 1039 1024; x_wconf 89' lang='lat' dir='ltr'>uncae</span> <span class='ocrx_word' id='word_1_83' title='bbox 1079 994 1252 1026; x_wconf 89' lang='lat' dir='ltr'>manus</span> <span class='ocrx_word' id='word_1_84' title='bbox 1293 982 1408 1026; x_wconf 87' lang='lat' dir='ltr'>sunt</span> <span class='ocrx_word' id='word_1_85' title='bbox 1449 995 1574 1040; x_wconf 86' lang='lat' dir='ltr'>quae</span> <span class='ocrx_word' id='word_1_86' title='bbox 1612 981 1663 1027; x_wconf 90' lang='lat' dir='ltr'>in</span> <span class='ocrx_word' id='word_1_87' title='bbox 1704 995 1807 1027; x_wconf 92' lang='lat' dir='ltr'>mo-</span> 
     </span>
     <span class='ocr_line' id='line_1_12' title="bbox 119 1051 1808 1101; baseline 0.001 -2"><span class='ocrx_word' id='word_1_88' title='bbox 119 1052 237 1099; x_wconf 91' lang='lat' dir='ltr'>dum</span> <span class='ocrx_word' id='word_1_89' title='bbox 275 1053 604 1099; x_wconf 88' lang='lat' dir='ltr'>humanarum</span> <span class='ocrx_word' id='word_1_90' title='bbox 643 1066 878 1098; x_wconf 89' lang='lat' dir='ltr'>manuum</span> <span class='ocrx_word' id='word_1_91' title='bbox 918 1051 1047 1098; x_wconf 88' lang='lat' dir='ltr'>ferro</span> <span class='ocrx_word' id='word_1_92' title='bbox 1087 1051 1394 1099; x_wconf 76' lang='lat' dir='ltr'>fabricantur</span> <span class='ocrx_word' id='word_1_93' title='bbox 1433 1053 1635 1101; x_wconf 81' lang='lat' dir='ltr'><strong>aduncis</strong></span> <span class='ocrx_word' id='word_1_94' title='bbox 1672 1053 1808 1101; x_wconf 82' lang='lat' dir='ltr'>velut-</span> 
     </span>
     <span class='ocr_line' id='line_1_13' title="bbox 117 1125 1808 1189; baseline 0.001 -16"><span class='ocrx_word' id='word_1_95' title='bbox 117 1126 289 1189; x_wconf 85' lang='lat' dir='ltr'>digitis</span> <span class='ocrx_word' id='word_1_96' title='bbox 338 1128 387 1173; x_wconf 87' lang='lat' dir='ltr'>et</span> <span class='ocrx_word' id='word_1_97' title='bbox 432 1126 485 1172; x_wconf 89' lang='lat' dir='ltr'>in</span> <span class='ocrx_word' id='word_1_98' title='bbox 532 1125 689 1173; x_wconf 88' lang='lat' dir='ltr'>undas</span> <span class='ocrx_word' id='word_1_99' title='bbox 736 1125 1026 1183; x_wconf 85' lang='lat' dir='ltr'>mittuntur,</span> <span class='ocrx_word' id='word_1_100' title='bbox 1081 1128 1138 1172; x_wconf 90' lang='lat' dir='ltr'>ut</span> <span class='ocrx_word' id='word_1_101' title='bbox 1187 1127 1318 1187; x_wconf 89' lang='lat' dir='ltr'>quod</span> <span class='ocrx_word' id='word_1_102' title='bbox 1366 1126 1578 1175; x_wconf 88' lang='lat' dir='ltr'>hominis</span> <span class='ocrx_word' id='word_1_103' title='bbox 1633 1142 1808 1174; x_wconf 88' lang='lat' dir='ltr'>manus</span> 
     </span>
     <span class='ocr_line' id='line_1_14' title="bbox 118 1199 1807 1263; baseline 0 -16"><span class='ocrx_word' id='word_1_104' title='bbox 118 1216 215 1248; x_wconf 90' lang='lat' dir='ltr'>non</span> <span class='ocrx_word' id='word_1_105' title='bbox 254 1201 419 1262; x_wconf 88' lang='lat' dir='ltr'>potest</span> <span class='ocrx_word' id='word_1_106' title='bbox 458 1199 852 1261; x_wconf 77' lang='lat' dir='ltr'>conprehendere</span> <span class='ocrx_word' id='word_1_107' title='bbox 892 1200 1012 1260; x_wconf 89' lang='lat' dir='ltr'>ipsis</span> <span class='ocrx_word' id='word_1_108' title='bbox 1052 1202 1219 1247; x_wconf 88' lang='lat' dir='ltr'>teneat</span> <span class='ocrx_word' id='word_1_109' title='bbox 1267 1200 1448 1262; x_wconf 87' lang='lat' dir='ltr'>praedo</span> <span class='ocrx_word' id='word_1_110' title='bbox 1498 1205 1646 1263; x_wconf 84' lang='lat' dir='ltr'>atque</span> <span class='ocrx_word' id='word_1_111' title='bbox 1685 1202 1807 1262; x_wconf 89' lang='lat' dir='ltr'>ipsis</span> 
     </span>
    </p>

    <p class='ocr_par' dir='ltr' id='par_1_5' title="bbox 0 1274 1817 3226">
     <span class='ocr_line' id='line_1_15' title="bbox 12 1274 1809 1337; baseline -0.002 -12"><span class='ocrx_word' id='word_1_112' title='bbox 12 1315 28 1325; x_wconf 79' lang='lat'><strong>.</strong></span> <span class='ocrx_word' id='word_1_113' title='bbox 119 1274 303 1337; x_wconf 77' lang='lat' dir='ltr'>adigat.</span> <span class='ocrx_word' id='word_1_114' title='bbox 393 1274 561 1336; x_wconf 89' lang='lat' dir='ltr'>capita</span> <span class='ocrx_word' id='word_1_115' title='bbox 609 1288 784 1335; x_wconf 88' lang='lat' dir='ltr'>aspera</span> <span class='ocrx_word' id='word_1_116' title='bbox 830 1274 1012 1321; x_wconf 88' lang='lat' dir='ltr'>montis</span> <span class='ocrx_word' id='word_1_117' title='bbox 1061 1275 1279 1335; x_wconf 91' lang='lat' dir='ltr'>accipere</span> <span class='ocrx_word' id='word_1_118' title='bbox 1326 1290 1584 1336; x_wconf 90' lang='lat' dir='ltr'>possumus</span> <span class='ocrx_word' id='word_1_119' title='bbox 1631 1290 1809 1337; x_wconf 84' lang='lat' dir='ltr'>aspera</span> 
     </span>
     <span class='ocr_line' id='line_1_16' title="bbox 51 1347 1810 1411; baseline -0.001 -15"><span class='ocrx_word' id='word_1_120' title='bbox 51 1364 95 1397; x_wconf 84' lang='lat'>15</span> <span class='ocrx_word' id='word_1_121' title='bbox 120 1364 363 1410; x_wconf 83' lang='lat' dir='ltr'>saxorum,</span> <span class='ocrx_word' id='word_1_122' title='bbox 403 1363 531 1410; x_wconf 91' lang='lat' dir='ltr'>quae</span> <span class='ocrx_word' id='word_1_123' title='bbox 555 1364 612 1394; x_wconf 87' lang='lat' dir='ltr'>ex</span> <span class='ocrx_word' id='word_1_124' title='bbox 644 1347 893 1395; x_wconf 84' lang='lat' dir='ltr'>radicibus</span> <span class='ocrx_word' id='word_1_125' title='bbox 919 1348 1163 1395; x_wconf 88' lang='lat' dir='ltr'>montium</span> <span class='ocrx_word' id='word_1_126' title='bbox 1195 1349 1338 1409; x_wconf 88' lang='lat' dir='ltr'>quasi</span> <span class='ocrx_word' id='word_1_127' title='bbox 1370 1363 1483 1395; x_wconf 91' lang='lat' dir='ltr'>cum</span> <span class='ocrx_word' id='word_1_128' title='bbox 1515 1348 1810 1411; x_wconf 85' lang='lat' dir='ltr'>quibusdam</span> 
     </span>
     <span class='ocr_line' id='line_1_17' title="bbox 119 1421 1810 1484; baseline -0.001 -14"><span class='ocrx_word' id='word_1_129' title='bbox 119 1421 367 1484; x_wconf 90' lang='lat' dir='ltr'>capitibus</span> <span class='ocrx_word' id='word_1_130' title='bbox 406 1422 456 1469; x_wconf 89' lang='lat' dir='ltr'>in</span> <span class='ocrx_word' id='word_1_131' title='bbox 498 1437 636 1469; x_wconf 89' lang='lat' dir='ltr'>mare</span> <span class='ocrx_word' id='word_1_132' title='bbox 674 1421 917 1483; x_wconf 87' lang='lat' dir='ltr'>producta</span> <span class='ocrx_word' id='word_1_133' title='bbox 962 1421 1255 1482; x_wconf 88' lang='lat' dir='ltr'>tenduntur,</span> <span class='ocrx_word' id='word_1_134' title='bbox 1309 1422 1448 1470; x_wconf 87' lang='lat' dir='ltr'>iuxta</span> <span class='ocrx_word' id='word_1_135' title='bbox 1495 1438 1643 1484; x_wconf 89' lang='lat' dir='ltr'>quae,</span> <span class='ocrx_word' id='word_1_136' title='bbox 1698 1438 1810 1469; x_wconf 92' lang='lat' dir='ltr'>cum</span> 
     </span>
     <span class='ocr_line' id='line_1_18' title="bbox 0 1496 1813 1558; baseline -0.001 -14"><span class='ocrx_word' id='word_1_137' title='bbox 0 1547 19 1555; x_wconf 52' lang='grc'>,,</span> <span class='ocrx_word' id='word_1_138' title='bbox 118 1496 349 1544; x_wconf 89' lang='lat' dir='ltr'>fluctibus</span> <span class='ocrx_word' id='word_1_139' title='bbox 396 1497 704 1558; x_wconf 87' lang='lat' dir='ltr'>portaretur,</span> <span class='ocrx_word' id='word_1_140' title='bbox 750 1497 954 1543; x_wconf 85' lang='lat' dir='ltr'>invasus</span> <span class='ocrx_word' id='word_1_141' title='bbox 994 1498 1082 1543; x_wconf 87' lang='lat' dir='ltr'>est.</span> <span class='ocrx_word' id='word_1_142' title='bbox 1157 1511 1289 1544; x_wconf 84' lang='lat' dir='ltr'>nwne</span> <span class='ocrx_word' id='word_1_143' title='bbox 1341 1511 1415 1544; x_wconf 86' lang='lat' dir='ltr'>me</span> <span class='ocrx_word' id='word_1_144' title='bbox 1459 1498 1635 1556; x_wconf 78' lang='lat' dir='ltr'>fluctus</span> <span class='ocrx_word' id='word_1_145' title='bbox 1672 1496 1813 1544; x_wconf 75' lang='lat' dir='ltr'>habet</span> 
     </span>
     <span class='ocr_line' id='line_1_19' title="bbox 118 1569 1810 1631; baseline -0.001 -13.13"><span class='ocrx_word' id='word_1_146' title='bbox 118 1574 406 1631; x_wconf 77' lang='lat' dir='ltr'>versantque</span> <span class='ocrx_word' id='word_1_147' title='bbox 443 1572 498 1618; x_wconf 81' lang='lat' dir='ltr'>in</span> <span class='ocrx_word' id='word_1_148' title='bbox 537 1571 673 1618; x_wconf 79' lang='lat' dir='ltr'>litore</span> <span class='ocrx_word' id='word_1_149' title='bbox 711 1571 866 1618; x_wconf 78' lang='lat' dir='ltr'>venti:</span> <span class='ocrx_word' id='word_1_150' title='bbox 915 1573 971 1616; x_wconf 88' lang='lat' dir='ltr'>ut</span> <span class='ocrx_word' id='word_1_151' title='bbox 1010 1586 1109 1618; x_wconf 90' lang='lat' dir='ltr'>non</span> <span class='ocrx_word' id='word_1_152' title='bbox 1154 1570 1297 1631; x_wconf 91' lang='lat' dir='ltr'>plene</span> <span class='ocrx_word' id='word_1_153' title='bbox 1336 1569 1589 1618; x_wconf 87' lang='lat' dir='ltr'>videretur</span> <span class='ocrx_word' id='word_1_154' title='bbox 1626 1571 1810 1618; x_wconf 85' lang='lat' dir='ltr'>eiectus</span> 
     </span>
     <span class='ocr_line' id='line_1_20' title="bbox 119 1644 1811 1707; baseline 0 -16"><span class='ocrx_word' id='word_1_155' title='bbox 119 1644 252 1692; x_wconf 86' lang='lat' dir='ltr'>intra</span> <span class='ocrx_word' id='word_1_156' title='bbox 291 1660 496 1706; x_wconf 84' lang='lat' dir='ltr'>aquam,</span> <span class='ocrx_word' id='word_1_157' title='bbox 549 1644 714 1707; x_wconf 89' lang='lat' dir='ltr'>inquit</span> <span class='ocrx_word' id='word_1_158' title='bbox 763 1659 894 1692; x_wconf 92' lang='lat' dir='ltr'>nunc</span> <span class='ocrx_word' id='word_1_159' title='bbox 940 1644 1126 1703; x_wconf 85' lang='lat' dir='ltr'>volvor,</span> <span class='ocrx_word' id='word_1_160' title='bbox 1180 1644 1250 1691; x_wconf 91' lang='lat' dir='ltr'>sic</span> <span class='ocrx_word' id='word_1_161' title='bbox 1295 1647 1464 1692; x_wconf 88' lang='lat' dir='ltr'>tamen</span> <span class='ocrx_word' id='word_1_162' title='bbox 1517 1646 1574 1692; x_wconf 92' lang='lat' dir='ltr'>ut</span> <span class='ocrx_word' id='word_1_163' title='bbox 1626 1647 1811 1692; x_wconf 85' lang='lat' dir='ltr'>terram</span> 
     </span>
     <span class='ocr_line' id='line_1_21' title="bbox 14 1716 1812 1782; baseline -0.001 -16"><span class='ocrx_word' id='word_1_164' title='bbox 14 1719 19 1772; x_wconf 67' lang='grc' dir='ltr'><em>ζ</em></span> <span class='ocrx_word' id='word_1_165' title='bbox 51 1733 97 1767; x_wconf 72' lang='lat'>20</span> <span class='ocrx_word' id='word_1_166' title='bbox 119 1719 282 1766; x_wconf 87' lang='lat' dir='ltr'>litoris</span> <span class='ocrx_word' id='word_1_167' title='bbox 311 1722 531 1781; x_wconf 84' lang='lat' dir='ltr'>tangam.</span> <span class='ocrx_word' id='word_1_168' title='bbox 609 1721 739 1766; x_wconf 90' lang='lat' dir='ltr'>recte</span> <span class='ocrx_word' id='word_1_169' title='bbox 772 1718 898 1766; x_wconf 86' lang='lat' dir='ltr'>dixit</span> <span class='ocrx_word' id='word_1_170' title='bbox 929 1716 1175 1765; x_wconf 88' lang='lat' dir='ltr'>crudelem</span> <span class='ocrx_word' id='word_1_171' title='bbox 1206 1721 1423 1782; x_wconf 84' lang='lat' dir='ltr'>gentem3</span> <span class='ocrx_word' id='word_1_172' title='bbox 1463 1718 1522 1766; x_wconf 93' lang='lat' dir='ltr'>de</span> <span class='ocrx_word' id='word_1_173' title='bbox 1554 1718 1812 1780; x_wconf 78' lang='lat' dir='ltr'>sepultura</span> 
     </span>
     <span class='ocr_line' id='line_1_22' title="bbox 121 1791 1812 1854; baseline -0.001 -14"><span class='ocrx_word' id='word_1_174' title='bbox 121 1793 253 1840; x_wconf 87' lang='lat' dir='ltr'>enim</span> <span class='ocrx_word' id='word_1_175' title='bbox 291 1792 608 1854; x_wconf 79' lang='lat' dir='ltr'>loquebatur,</span> <span class='ocrx_word' id='word_1_176' title='bbox 661 1807 810 1854; x_wconf 90' lang='lat' dir='ltr'>quam</span> <span class='ocrx_word' id='word_1_177' title='bbox 858 1791 953 1840; x_wconf 89' lang='lat' dir='ltr'>sibi</span> <span class='ocrx_word' id='word_1_178' title='bbox 1000 1791 1199 1839; x_wconf 86' lang='lat' dir='ltr'>dolebat</span> <span class='ocrx_word' id='word_1_179' title='bbox 1244 1807 1343 1839; x_wconf 92' lang='lat' dir='ltr'>non</span> <span class='ocrx_word' id='word_1_180' title='bbox 1394 1792 1688 1854; x_wconf 80' lang='lat' dir='ltr'>exhibitam3</span> <span class='ocrx_word' id='word_1_181' title='bbox 1734 1791 1812 1838; x_wconf 91' lang='lat' dir='ltr'>illi</span> 
     </span>
     <span class='ocr_line' id='line_1_23' title="bbox 122 1865 1810 1928; baseline -0.001 -15"><span class='ocrx_word' id='word_1_182' title='bbox 122 1867 254 1914; x_wconf 91' lang='lat' dir='ltr'>enim</span> <span class='ocrx_word' id='word_1_183' title='bbox 294 1868 380 1928; x_wconf 86' lang='lat' dir='ltr'>qui</span> <span class='ocrx_word' id='word_1_184' title='bbox 418 1870 672 1927; x_wconf 86' lang='lat' dir='ltr'>venerant,</span> <span class='ocrx_word' id='word_1_185' title='bbox 712 1866 755 1914; x_wconf 92' lang='lat' dir='ltr'>si</span> <span class='ocrx_word' id='word_1_186' title='bbox 793 1866 1154 1913; x_wconf 88' lang='lat' dir='ltr'>humanitatem</span> <span class='ocrx_word' id='word_1_187' title='bbox 1195 1865 1486 1926; x_wconf 87' lang='lat' dir='ltr'>retinerent,</span> <span class='ocrx_word' id='word_1_188' title='bbox 1523 1882 1622 1914; x_wconf 91' lang='lat' dir='ltr'>non</span> <span class='ocrx_word' id='word_1_189' title='bbox 1663 1881 1810 1927; x_wconf 87' lang='lat' dir='ltr'>quae·</span> 
     </span>
     <span class='ocr_line' id='line_1_24' title="bbox 10 1933 1812 2012; baseline -0.001 -24"><span class='ocrx_word' id='word_1_190' title='bbox 10 1933 21 2012; x_wconf 33' lang='lat'>,¹</span> <span class='ocrx_word' id='word_1_191' title='bbox 121 1943 286 1988; x_wconf 90' lang='lat' dir='ltr'>rerent</span> <span class='ocrx_word' id='word_1_192' title='bbox 323 1940 560 2003; x_wconf 84' lang='lat' dir='ltr'>praedam</span> <span class='ocrx_word' id='word_1_193' title='bbox 600 1941 660 1989; x_wconf 92' lang='lat' dir='ltr'>de</span> <span class='ocrx_word' id='word_1_194' title='bbox 699 1942 920 2002; x_wconf 91' lang='lat' dir='ltr'>mortuo,</span> <span class='ocrx_word' id='word_1_195' title='bbox 958 1939 1043 1987; x_wconf 90' lang='lat' dir='ltr'>sed</span> <span class='ocrx_word' id='word_1_196' title='bbox 1084 1940 1390 2001; x_wconf 86' lang='lat' dir='ltr'>sepulturam</span> <span class='ocrx_word' id='word_1_197' title='bbox 1429 1939 1660 1988; x_wconf 90' lang='lat' dir='ltr'>defuncto</span> <span class='ocrx_word' id='word_1_198' title='bbox 1699 1955 1812 2002; x_wconf 91' lang='lat' dir='ltr'>pro-</span> 
     </span>
     <span class='ocr_line' id='line_1_25' title="bbox 8 2013 1816 2092; baseline -0.001 -29"><span class='ocrx_word' id='word_1_199' title='bbox 8 2064 18 2092; x_wconf 50' lang='lat'>,</span> <span class='ocrx_word' id='word_1_200' title='bbox 122 2030 293 2063; x_wconf 85' lang='lat' dir='ltr'>curare</span> <span class='ocrx_word' id='word_1_201' title='bbox 333 2013 617 2063; x_wconf 87' lang='lat' dir='ltr'>debuerant.</span> <span class='ocrx_word' id='word_1_202' title='bbox 695 2014 824 2075; x_wconf 79' lang='lat' dir='ltr'>quod</span> <span class='ocrx_word' id='word_1_203' title='bbox 869 2017 912 2062; x_wconf 81' lang='lat' dir='ltr'>te</span> <span class='ocrx_word' id='word_1_204' title='bbox 952 2028 1048 2074; x_wconf 78' lang='lat' dir='ltr'>per</span> <span class='ocrx_word' id='word_1_205' title='bbox 1089 2013 1211 2061; x_wconf 76' lang='lat' dir='ltr'>caele:</span> <span class='ocrx_word' id='word_1_206' title='bbox 1254 2013 1525 2062; x_wconf 80' lang='lat' dir='ltr'>iucwndum</span> <span class='ocrx_word' id='word_1_207' title='bbox 1570 2013 1732 2062; x_wconf 83' lang='lat' dir='ltr'>lumen</span> <span class='ocrx_word' id='word_1_208' title='bbox 1772 2015 1816 2061; x_wconf 79' lang='lat' dir='ltr'>et</span> 
     </span>
     <span class='ocr_line' id='line_1_26' title="bbox 7 2085 1815 2158; baseline -0.002 -21"><span class='ocrx_word' id='word_1_209' title='bbox 7 2104 19 2158; x_wconf 72' lang='grc' dir='ltr'><strong>ς</strong></span> <span class='ocrx_word' id='word_1_210' title='bbox 54 2102 100 2136; x_wconf 68' lang='grc' dir='ltr'><strong><em>π</em></strong></span> <span class='ocrx_word' id='word_1_211' title='bbox 124 2103 292 2144; x_wconf 71' lang='lat' dir='ltr'>aurae,</span> <span class='ocrx_word' id='word_1_212' title='bbox 321 2103 417 2149; x_wconf 80' lang='lat' dir='ltr'>per</span> <span class='ocrx_word' id='word_1_213' title='bbox 450 2090 714 2149; x_wconf 76' lang='lat' dir='ltr'>qenitorem</span> <span class='ocrx_word' id='word_1_214' title='bbox 751 2103 848 2144; x_wconf 82' lang='lat' dir='ltr'>oro,</span> <span class='ocrx_word' id='word_1_215' title='bbox 898 2085 1017 2149; x_wconf 81' lang='lat' dir='ltr'>[per</span> <span class='ocrx_word' id='word_1_216' title='bbox 1052 2101 1161 2147; x_wconf 77' lang='lat' dir='ltr'>spes</span> <span class='ocrx_word' id='word_1_217' title='bbox 1205 2088 1447 2147; x_wconf 67' lang='lat' dir='ltr'>sumentis</span> <span class='ocrx_word' id='word_1_218' title='bbox 1485 2086 1620 2149; x_wconf 81' lang='lat' dir='ltr'>Iuli]</span> <span class='ocrx_word' id='word_1_219' title='bbox 1630 2105 1647 2136; x_wconf 92' lang='lat'><em>:</em></span> <span class='ocrx_word' id='word_1_220' title='bbox 1690 2086 1815 2134; x_wconf 89' lang='lat' dir='ltr'>bene</span> 
     </span>
     <span class='ocr_line' id='line_1_27' title="bbox 7 2159 1815 2266; baseline -0.001 -56"><span class='ocrx_word' id='word_1_221' title='bbox 7 2159 23 2266; x_wconf 49' lang='grc' dir='ltr'>ᾗ</span> <span class='ocrx_word' id='word_1_222' title='bbox 121 2162 341 2225; x_wconf 88' lang='lat' dir='ltr'>positum</span> <span class='ocrx_word' id='word_1_223' title='bbox 379 2178 470 2224; x_wconf 89' lang='lat' dir='ltr'>per</span> <span class='ocrx_word' id='word_1_224' title='bbox 507 2163 634 2211; x_wconf 90' lang='lat' dir='ltr'>caeli</span> <span class='ocrx_word' id='word_1_225' title='bbox 671 2161 940 2210; x_wconf 87' lang='lat' dir='ltr'>iucundum</span> <span class='ocrx_word' id='word_1_226' title='bbox 978 2161 1160 2221; x_wconf 92' lang='lat' dir='ltr'>lumen,</span> <span class='ocrx_word' id='word_1_227' title='bbox 1200 2161 1435 2222; x_wconf 81' lang='lat' dir='ltr'>quoniam</span> <span class='ocrx_word' id='word_1_228' title='bbox 1466 2161 1602 2224; x_wconf 88' lang='lat' dir='ltr'>apud</span> <span class='ocrx_word' id='word_1_229' title='bbox 1630 2161 1815 2209; x_wconf 87' lang='lat' dir='ltr'>inferos</span> 
     </span>
     <span class='ocr_line' id='line_1_28' title="bbox 0 2235 1817 3226; baseline -0.002 -942"><span class='ocrx_word' id='word_1_230' title='bbox 0 2267 28 3226; x_wconf 67' lang='grc' dir='ltr'>Ι</span> <span class='ocrx_word' id='word_1_231' title='bbox 122 2235 421 2298; x_wconf 81' lang='lat' dir='ltr'>loquebatur</span> <span class='ocrx_word' id='word_1_232' title='bbox 458 2238 510 2284; x_wconf 88' lang='lat' dir='ltr'>et</span> <span class='ocrx_word' id='word_1_233' title='bbox 547 2238 745 2285; x_wconf 89' lang='lat' dir='ltr'>Aeneae</span> <span class='ocrx_word' id='word_1_234' title='bbox 784 2235 1003 2299; x_wconf 90' lang='lat' dir='ltr'>optabile</span> <span class='ocrx_word' id='word_1_235' title='bbox 1042 2235 1139 2282; x_wconf 91' lang='lat' dir='ltr'>fuit</span> <span class='ocrx_word' id='word_1_236' title='bbox 1177 2250 1233 2282; x_wconf 87' lang='lat' dir='ltr'>eo</span> <span class='ocrx_word' id='word_1_237' title='bbox 1271 2250 1514 2295; x_wconf 87' lang='lat' dir='ltr'>remeare,</span> <span class='ocrx_word' id='word_1_238' title='bbox 1559 2235 1682 2283; x_wconf 91' lang='lat' dir='ltr'>bene</span> <span class='ocrx_word' id='word_1_239' title='bbox 1727 2250 1817 2297; x_wconf 88' lang='lat' dir='ltr'>per</span> 
     </span>
    </p>
   </div>
   <div class='ocr_carea' id='block_1_3' title="bbox 124 2337 481 2343">
    <p class='ocr_par' dir='ltr' id='par_1_6' title="bbox 124 2337 481 2343">
     <span class='ocr_line' id='line_1_29' title="bbox 124 2337 481 2343; baseline 0 0"><span class='ocrx_word' id='word_1_240' title='bbox 124 2337 481 2343; x_wconf 95' lang='lat' dir='ltr'> </span> 
     </span>
    </p>
   </div>
   <div class='ocr_carea' id='block_1_4' title="bbox 123 2388 1821 2981">
    <p class='ocr_par' dir='ltr' id='par_1_7' title="bbox 123 2388 1819 2865">
     <span class='ocr_line' id='line_1_30' title="bbox 246 2388 1818 2451; baseline -0.001 -15"><span class='ocrx_word' id='word_1_241' title='bbox 246 2396 269 2435; x_wconf 93' lang='lat'>1</span> <span class='ocrx_word' id='word_1_242' title='bbox 303 2392 451 2436; x_wconf 80' lang='lat' dir='ltr'>videri</span> <span class='ocrx_word' id='word_1_243' title='bbox 478 2391 522 2436; x_wconf 89' lang='lat' dir='ltr'><strong>V</strong></span> <span class='ocrx_word' id='word_1_244' title='bbox 554 2405 669 2436; x_wconf 87' lang='lat' dir='ltr'>corr.</span> <span class='ocrx_word' id='word_1_245' title='bbox 695 2391 767 2436; x_wconf 89' lang='lat' dir='ltr'>ed.</span> <span class='ocrx_word' id='word_1_246' title='bbox 810 2390 818 2451; x_wconf 81' lang='grc' dir='ltr'>Ι</span> <span class='ocrx_word' id='word_1_247' title='bbox 866 2391 970 2447; x_wconf 74' lang='lat' dir='ltr'>ipsa</span> <span class='ocrx_word' id='word_1_248' title='bbox 1002 2404 1102 2434; x_wconf 82' lang='lat' dir='ltr'>eum</span> <span class='ocrx_word' id='word_1_249' title='bbox 1132 2388 1175 2432; x_wconf 91' lang='lat' dir='ltr'><strong>V</strong></span> <span class='ocrx_word' id='word_1_250' title='bbox 1206 2390 1237 2433; x_wconf 78' lang='lat' dir='ltr'>i.</span> <span class='ocrx_word' id='word_1_251' title='bbox 1262 2403 1375 2434; x_wconf 76' lang='lat' dir='ltr'>cura</span> <span class='ocrx_word' id='word_1_252' title='bbox 1406 2389 1477 2434; x_wconf 88' lang='lat' dir='ltr'>ed.</span> <span class='ocrx_word' id='word_1_253' title='bbox 1612 2394 1639 2433; x_wconf 79' lang='lat'><strong>3</strong></span> <span class='ocrx_word' id='word_1_254' title='bbox 1671 2395 1818 2435; x_wconf 81' lang='lat' dir='ltr'>terrae</span> 
     </span>
     <span class='ocr_line' id='line_1_31' title="bbox 123 2447 1816 2508; baseline -0.002 -13"><span class='ocrx_word' id='word_1_255' title='bbox 123 2449 167 2495; x_wconf 89' lang='lat' dir='ltr'>V</span> <span class='ocrx_word' id='word_1_256' title='bbox 198 2455 227 2495; x_wconf 82' lang='lat' dir='ltr'>t.</span> <span class='ocrx_word' id='word_1_257' title='bbox 261 2456 302 2495; x_wconf 83' lang='lat' dir='ltr'>et</span> <span class='ocrx_word' id='word_1_258' title='bbox 332 2450 405 2496; x_wconf 88' lang='lat' dir='ltr'>ed.</span> <span class='ocrx_word' id='word_1_259' title='bbox 520 2455 546 2495; x_wconf 90' lang='grc'><strong>6</strong></span> <span class='ocrx_word' id='word_1_260' title='bbox 572 2455 951 2508; x_wconf 76' lang='lat' dir='ltr'>prensantemque</span> <span class='ocrx_word' id='word_1_261' title='bbox 981 2447 1023 2493; x_wconf 90' lang='lat' dir='ltr'><strong>V</strong></span> <span class='ocrx_word' id='word_1_262' title='bbox 1052 2449 1142 2493; x_wconf 90' lang='lat' dir='ltr'>hoc</span> <span class='ocrx_word' id='word_1_263' title='bbox 1173 2448 1290 2492; x_wconf 89' lang='lat' dir='ltr'>Don.</span> <span class='ocrx_word' id='word_1_264' title='bbox 1321 2448 1492 2507; x_wconf 77' lang='lat' dir='ltr'>legisse</span> <span class='ocrx_word' id='word_1_265' title='bbox 1523 2463 1616 2493; x_wconf 89' lang='lat' dir='ltr'>non</span> <span class='ocrx_word' id='word_1_266' title='bbox 1679 2451 1816 2502; x_wconf 85' lang='lat' dir='ltr'>otest,</span> 
     </span>
     <span class='ocr_line' id='line_1_32' title="bbox 123 2506 1816 2567; baseline -0.002 -13"><span class='ocrx_word' id='word_1_267' title='bbox 123 2510 239 2567; x_wconf 85' lang='lat' dir='ltr'>quia</span> <span class='ocrx_word' id='word_1_268' title='bbox 267 2509 543 2554; x_wconf 84' lang='lat' dir='ltr'>Palinurum</span> <span class='ocrx_word' id='word_1_269' title='bbox 580 2511 630 2554; x_wconf 90' lang='lat' dir='ltr'>in</span> <span class='ocrx_word' id='word_1_270' title='bbox 661 2509 800 2554; x_wconf 87' lang='lat' dir='ltr'>undis</span> <span class='ocrx_word' id='word_1_271' title='bbox 831 2508 1009 2566; x_wconf 87' lang='lat' dir='ltr'>perisse</span> <span class='ocrx_word' id='word_1_272' title='bbox 1039 2509 1191 2565; x_wconf 87' lang='lat' dir='ltr'>putat,</span> <span class='ocrx_word' id='word_1_273' title='bbox 1216 2514 1584 2565; x_wconf 63' lang='lat' dir='ltr'>praesentemque</span> <span class='ocrx_word' id='word_1_274' title='bbox 1614 2521 1640 2552; x_wconf 92' lang='lat' dir='ltr'>e</span> <span class='ocrx_word' id='word_1_275' title='bbox 1678 2542 1702 2562; x_wconf 90' lang='lat'>.,</span> <span class='ocrx_word' id='word_1_276' title='bbox 1733 2506 1816 2551; x_wconf 89' lang='lat' dir='ltr'>sed</span> 
     </span>
     <span class='ocr_line' id='line_1_33' title="bbox 124 2565 1816 2624; baseline -0.001 -12"><span class='ocrx_word' id='word_1_277' title='bbox 124 2569 276 2613; x_wconf 79' lang='lat' dir='ltr'>inane</span> <span class='ocrx_word' id='word_1_278' title='bbox 297 2571 370 2613; x_wconf 88' lang='lat' dir='ltr'>est</span> <span class='ocrx_word' id='word_1_279' title='bbox 398 2583 487 2614; x_wconf 90' lang='lat' dir='ltr'>nec</span> <span class='ocrx_word' id='word_1_280' title='bbox 518 2570 782 2614; x_wconf 80' lang='lat' dir='ltr'>structurae</span> <span class='ocrx_word' id='word_1_281' title='bbox 806 2566 1112 2611; x_wconf 84' lang='lat' dir='ltr'>difficultates</span> <span class='ocrx_word' id='word_1_282' title='bbox 1135 2565 1265 2611; x_wconf 88' lang='lat' dir='ltr'>tollit</span> <span class='ocrx_word' id='word_1_283' title='bbox 1286 2566 1451 2624; x_wconf 83' lang='lat' dir='ltr'>inepta</span> <span class='ocrx_word' id='word_1_284' title='bbox 1474 2566 1649 2612; x_wconf 82' lang='lat' dir='ltr'>Donati</span> <span class='ocrx_word' id='word_1_285' title='bbox 1671 2566 1816 2611; x_wconf 85' lang='lat' dir='ltr'>inter-</span> 
     </span>
     <span class='ocr_line' id='line_1_34' title="bbox 123 2625 1815 2686; baseline -0.002 -14"><span class='ocrx_word' id='word_1_286' title='bbox 123 2627 394 2686; x_wconf 83' lang='lat' dir='ltr'>pretatione</span> <span class='ocrx_word' id='word_1_287' title='bbox 425 2629 668 2683; x_wconf 85' lang='lat' dir='ltr'>excitatas,</span> <span class='ocrx_word' id='word_1_288' title='bbox 701 2640 847 2686; x_wconf 86' lang='lat' dir='ltr'>quare</span> <span class='ocrx_word' id='word_1_289' title='bbox 879 2639 1063 2670; x_wconf 88' lang='lat' dir='ltr'>crucem</span> <span class='ocrx_word' id='word_1_290' title='bbox 1094 2639 1123 2670; x_wconf 90' lang='lat' dir='ltr'>a</span> <span class='ocrx_word' id='word_1_291' title='bbox 1157 2639 1328 2683; x_wconf 88' lang='lat' dir='ltr'>ponere</span> <span class='ocrx_word' id='word_1_292' title='bbox 1358 2625 1519 2671; x_wconf 83' lang='lat' dir='ltr'>malui.</span> <span class='ocrx_word' id='word_1_293' title='bbox 1633 2630 1661 2671; x_wconf 90' lang='lat'>8</span> <span class='ocrx_word' id='word_1_294' title='bbox 1692 2626 1815 2670; x_wconf 73' lang='lat' dir='ltr'>arbi·</span> 
     </span>
     <span class='ocr_line' id='line_1_35' title="bbox 126 2641 1819 2733; baseline -0.002 -1"><span class='ocrx_word' id='word_1_295' title='bbox 126 2688 241 2732; x_wconf 63' lang='lat' dir='ltr'>erati</span> <span class='ocrx_word' id='word_1_296' title='bbox 269 2686 312 2731; x_wconf 90' lang='lat' dir='ltr'><strong>V</strong></span> <span class='ocrx_word' id='word_1_297' title='bbox 342 2692 598 2733; x_wconf 79' lang='lat' dir='ltr'>-trarentur</span> <span class='ocrx_word' id='word_1_298' title='bbox 634 2687 707 2732; x_wconf 91' lang='lat' dir='ltr'>ed.</span> <span class='ocrx_word' id='word_1_299' title='bbox 887 2691 915 2729; x_wconf 82' lang='grc'>9</span> <span class='ocrx_word' id='word_1_300' title='bbox 945 2686 1080 2730; x_wconf 77' lang='lat' dir='ltr'>uncis</span> <span class='ocrx_word' id='word_1_301' title='bbox 1109 2641 1155 2728; x_wconf 51' lang='lat' dir='ltr'><strong>V</strong></span> <span class='ocrx_word' id='word_1_302' title='bbox 1182 2689 1227 2730; x_wconf 87' lang='lat' dir='ltr'>et</span> <span class='ocrx_word' id='word_1_303' title='bbox 1253 2699 1300 2729; x_wconf 77' lang='grc' dir='ltr'>ιι.</span> <span class='ocrx_word' id='word_1_304' title='bbox 1332 2685 1404 2730; x_wconf 89' lang='lat' dir='ltr'>ed.</span> <span class='ocrx_word' id='word_1_305' title='bbox 1587 2688 1641 2729; x_wconf 92' lang='lat'>10</span> <span class='ocrx_word' id='word_1_306' title='bbox 1670 2697 1819 2728; x_wconf 67' lang='lat' dir='ltr'>meae</span> 
     </span>
     <span class='ocr_line' id='line_1_36' title="bbox 123 2743 1816 2801; baseline -0.003 -9"><span class='ocrx_word' id='word_1_307' title='bbox 123 2747 342 2792; x_wconf 65' lang='lat' dir='ltr'>mambae</span> <span class='ocrx_word' id='word_1_308' title='bbox 370 2746 414 2790; x_wconf 92' lang='lat' dir='ltr'><strong>V</strong></span> <span class='ocrx_word' id='word_1_309' title='bbox 445 2761 559 2792; x_wconf 89' lang='lat' dir='ltr'>corr.</span> <span class='ocrx_word' id='word_1_310' title='bbox 592 2746 664 2791; x_wconf 86' lang='lat' dir='ltr'>ed.</span> <span class='ocrx_word' id='word_1_311' title='bbox 819 2749 873 2788; x_wconf 87' lang='grc'>12</span> <span class='ocrx_word' id='word_1_312' title='bbox 905 2744 1061 2789; x_wconf 74' lang='lat' dir='ltr'>dicitis</span> <span class='ocrx_word' id='word_1_313' title='bbox 1090 2743 1144 2789; x_wconf 91' lang='lat' dir='ltr'>V.</span> <span class='ocrx_word' id='word_1_314' title='bbox 1188 2746 1195 2801; x_wconf 85' lang='grc'>1</span> <span class='ocrx_word' id='word_1_315' title='bbox 1235 2745 1412 2789; x_wconf 78' lang='lat' dir='ltr'>homini</span> <span class='ocrx_word' id='word_1_316' title='bbox 1442 2743 1495 2787; x_wconf 90' lang='lat' dir='ltr'>V.</span> <span class='ocrx_word' id='word_1_317' title='bbox 1650 2748 1703 2787; x_wconf 80' lang='lat'>14</span> <span class='ocrx_word' id='word_1_318' title='bbox 1734 2743 1816 2788; x_wconf 80' lang='lat' dir='ltr'>ad·</span> 
     </span>
     <span class='ocr_line' id='line_1_37' title="bbox 126 2799 1816 2865; baseline -0.004 -14"><span class='ocrx_word' id='word_1_319' title='bbox 126 2806 254 2851; x_wconf 70' lang='lat' dir='ltr'>dicat</span> <span class='ocrx_word' id='word_1_320' title='bbox 280 2804 324 2849; x_wconf 93' lang='lat' dir='ltr'><strong>V</strong></span> <span class='ocrx_word' id='word_1_321' title='bbox 354 2806 518 2865; x_wconf 62' lang='lat' dir='ltr'>adigat</span> <span class='ocrx_word' id='word_1_322' title='bbox 547 2806 620 2851; x_wconf 85' lang='lat' dir='ltr'>ed.</span> <span class='ocrx_word' id='word_1_323' title='bbox 773 2809 827 2848; x_wconf 83' lang='grc'>17</span> <span class='ocrx_word' id='word_1_324' title='bbox 860 2804 1050 2848; x_wconf 72' lang='lat' dir='ltr'>invasus</span> <span class='ocrx_word' id='word_1_325' title='bbox 1078 2801 1122 2846; x_wconf 94' lang='lat' dir='ltr'><strong>V</strong></span> <span class='ocrx_word' id='word_1_326' title='bbox 1151 2803 1346 2848; x_wconf 75' lang='lat' dir='ltr'>innixus</span> <span class='ocrx_word' id='word_1_327' title='bbox 1383 2803 1454 2847; x_wconf 85' lang='lat' dir='ltr'>ed.</span> <span class='ocrx_word' id='word_1_328' title='bbox 1505 2805 1512 2859; x_wconf 91' lang='grc' dir='ltr'>Ι</span> <span class='ocrx_word' id='word_1_329' title='bbox 1567 2802 1733 2847; x_wconf 75' lang='lat' dir='ltr'>habent</span> <span class='ocrx_word' id='word_1_330' title='bbox 1760 2799 1816 2845; x_wconf 85' lang='lat' dir='ltr'>V.</span> 
     </span>
    </p>

    <p class='ocr_par' dir='ltr' id='par_1_8' title="bbox 127 2861 1821 2981">
     <span class='ocr_line' id='line_1_38' title="bbox 219 2861 1820 2922; baseline -0.002 -14"><span class='ocrx_word' id='word_1_331' title='bbox 219 2869 275 2908; x_wconf 90' lang='grc'>22</span> <span class='ocrx_word' id='word_1_332' title='bbox 307 2869 575 2922; x_wconf 80' lang='lat' dir='ltr'>quaererent</span> <span class='ocrx_word' id='word_1_333' title='bbox 603 2864 647 2908; x_wconf 90' lang='lat' dir='ltr'><strong>V</strong></span> <span class='ocrx_word' id='word_1_334' title='bbox 677 2878 745 2910; x_wconf 85' lang='lat' dir='ltr'>·re</span> <span class='ocrx_word' id='word_1_335' title='bbox 775 2862 847 2908; x_wconf 87' lang='lat' dir='ltr'>ed.</span> <span class='ocrx_word' id='word_1_336' title='bbox 999 2866 1057 2906; x_wconf 80' lang='grc'>24</span> <span class='ocrx_word' id='word_1_337' title='bbox 1082 2875 1168 2918; x_wconf 79' lang='lat' dir='ltr'>per</span> <span class='ocrx_word' id='word_1_338' title='bbox 1195 2876 1382 2919; x_wconf 74' lang='lat' dir='ltr'>superos</span> <span class='ocrx_word' id='word_1_339' title='bbox 1410 2863 1528 2907; x_wconf 78' lang='lat' dir='ltr'>caeli</span> <span class='ocrx_word' id='word_1_340' title='bbox 1554 2861 1598 2905; x_wconf 90' lang='lat' dir='ltr'><strong>V</strong></span> <span class='ocrx_word' id='word_1_341' title='bbox 1633 2873 1820 2918; x_wconf 75' lang='lat' dir='ltr'>superos</span> 
     </span>
     <span class='ocr_line' id='line_1_39' title="bbox 127 2918 1821 2981; baseline -0.002 -14"><span class='ocrx_word' id='word_1_342' title='bbox 127 2922 222 2969; x_wconf 81' lang='lat' dir='ltr'>del.</span> <span class='ocrx_word' id='word_1_343' title='bbox 254 2922 326 2968; x_wconf 87' lang='lat' dir='ltr'>ed.</span> <span class='ocrx_word' id='word_1_344' title='bbox 509 2928 568 2968; x_wconf 75' lang='lat'>2⁶</span> <span class='ocrx_word' id='word_1_345' title='bbox 600 2937 687 2981; x_wconf 78' lang='lat' dir='ltr'>per</span> <span class='ocrx_word' id='word_1_346' title='bbox 722 2935 823 2980; x_wconf 78' lang='lat' dir='ltr'>spes</span> <span class='ocrx_word' id='word_1_347' title='bbox 846 2947 902 2954; x_wconf 93' lang='lat'><strong>—</strong></span> <span class='ocrx_word' id='word_1_348' title='bbox 926 2921 1026 2966; x_wconf 77' lang='lat' dir='ltr'>Iuli</span> <span class='ocrx_word' id='word_1_349' title='bbox 1071 2920 1204 2965; x_wconf 88' lang='lat' dir='ltr'>deest</span> <span class='ocrx_word' id='word_1_350' title='bbox 1248 2921 1296 2965; x_wconf 88' lang='lat' dir='ltr'>in</span> <span class='ocrx_word' id='word_1_351' title='bbox 1337 2920 1391 2974; x_wconf 88' lang='lat' dir='ltr'>V,</span> <span class='ocrx_word' id='word_1_352' title='bbox 1439 2920 1520 2965; x_wconf 88' lang='lat' dir='ltr'>sed</span> <span class='ocrx_word' id='word_1_353' title='bbox 1559 2918 1821 2978; x_wconf 82' lang='lat' dir='ltr'>explicatur</span> 
     </span>
    </p>
   </div>
  </div>
 </body>
</html>
