2014 3226
196 177 305 228 524
664 177 894 220 DONATI
925 177 1205 221 INTERPR.
1241 178 1416 221 VERG.

196 318 361 379 pelagi
410 318 674 380 diligenter
719 319 935 378 intenta,
982 319 1034 364 in
1081 317 1202 364 duro
1244 321 1410 365 autem
1449 318 1583 366 refici
1624 320 1710 365 aut
1748 318 1888 366 lassi-

195 392 315 439 tudo
363 391 486 438 facit
533 394 619 438 aut
667 391 966 438 consuetudo
1014 391 1286 438 laborandi.
1366 407 1473 438 eum
1513 393 1628 439 levis
1667 392 1889 438 aetheriis

197 467 425 524 delapsus
464 464 673 512 Somnus
713 466 772 512 ab
814 467 983 512 astris:
1031 465 1189 512 levem
1230 465 1365 525 dicit,
1407 467 1524 526 quia
1563 465 1888 526 incorporalis

198 555 301 587 esse
340 539 580 585 firmatur.
645 553 761 585 aera
803 540 1002 586 dimovit
1040 540 1337 586 tenebrosam
1371 542 1414 585 et
1443 540 1646 599 dispulit
1673 540 1889 595 umbras,

106 616 191 655 840
212 617 266 667 te,
313 613 571 667 Palinure,
620 615 809 671 petens,
867 614 950 660 tibi
997 615 1186 660 somnia
1234 614 1393 660 tristia
1430 617 1640 672 portans
1686 615 1888 660 insonti:
1933 629 1957 663 5

195 689 251 733 ut
299 701 561 734 conversus
609 688 662 732 in
709 687 923 734 alienam
963 687 1142 734 faciem
1182 687 1339 734 videri
1378 689 1545 748 posset
1585 690 1632 735 et
1673 687 1888 750 agnosci,

195 762 407 807 removit
454 761 766 820 aliquantum
814 760 1041 808 tenebras
1090 764 1138 808 et
1187 761 1323 808 venit
1363 761 1426 807 ad
1466 761 1758 808 Palinurum
1797 760 1890 808 soli

195 834 291 895 ipsi
328 835 554 894 infestus,
593 837 760 881 tamen
801 836 975 882 ceteris
1014 835 1186 895 bonus,
1219 836 1314 882 soli
1343 850 1647 897 praeparans
1678 837 1889 882 mortem

197 901 325 973 (ipse
367 907 497 954 enim
537 908 700 956 fuerat
740 908 1016 956 destinatus
1055 909 1157 956 leto
1199 909 1463 956 secundum
1495 909 1716 970 Neptuni
1748 924 1888 970 prae·
1961 911 1969 943 ³

195 975 431 1047 dictum),
487 982 581 1030 soli
633 985 838 1043 portans
885 985 1180 1044 perpetuum
1228 999 1455 1031 somnum
1503 985 1552 1030 et
1603 999 1889 1045 supremum
1914 965 1983 1067 1οξ1

194 1055 412 1104 exitium.
501 1056 591 1103 leti
646 1058 813 1104 autem
868 1072 1016 1105 causa
1070 1073 1170 1104 non
1223 1057 1563 1119 reperiebatur
1617 1059 1667 1104 et
1721 1058 1888 1104 tamen

193 1129 303 1177 finis
351 1129 558 1177 ultimus
607 1130 860 1178 ferebatur
905 1132 1113 1192 insonti,
1161 1147 1256 1178 non
1301 1132 1417 1192 quia
1456 1131 1662 1191 meruit,
1709 1130 1794 1178 sed
1833 1133 1891 1176 ut

191 1203 386 1251 Aeneas
435 1205 583 1251 amici
621 1206 698 1252 sui
737 1205 879 1252 luctu
917 1207 1257 1266 percuteretur
1305 1220 1361 1252 30
1404 1206 1673 1253 necessarii
1712 1205 1886 1252 ceteris
1955 1213 1960 1221 “

194 1278 345 1325 salvis
384 1294 474 1339 per
512 1279 658 1326 unius
700 1279 1067 1327 detrimentum.
1135 1281 1391 1339 puppique
1431 1281 1549 1326 deus
1589 1279 1799 1326 consedit
1836 1280 1889 1325 «m

194 1353 295 1399 alta
333 1351 600 1399 Phorbanti
647 1354 820 1400 similis
864 1354 1120 1412 funditque
1165 1354 1255 1400 has
1301 1368 1382 1400 ore
1427 1353 1682 1413 loquellas:
1746 1351 1888 1412 sedit,
1914 1370 1957 1405 1¹

192 1427 370 1486 inquit,
410 1426 549 1473 iuxta
589 1425 881 1474 Palinurum
919 1427 972 1474 in
1010 1429 1168 1489 puppi
1209 1420 1337 1492 (illic
1370 1428 1501 1474 enim
1533 1427 1889 1490 gubernatores

194 1492 387 1566 sedent)
436 1515 605 1548 versus
651 1502 705 1547 in
751 1500 1050 1549 Phorbantis
1097 1501 1297 1559 faciem,
1349 1503 1437 1563 qui
1482 1504 1608 1549 esset
1657 1516 1784 1548 unus
1833 1516 1890 1546 ex
1978 1545 1981 1553 ,

192 1574 294 1621 illis
343 1575 430 1635 qui
476 1574 647 1622 eadem
693 1575 811 1622 navi
858 1575 1158 1623 ferebantur.
1235 1575 1388 1623 talem
1434 1590 1697 1637 personam
1734 1574 1888 1622 Phor·

192 1647 357 1696 bantis
413 1647 645 1696 debemus
701 1650 923 1710 accipere
979 1665 1104 1710 quae
1159 1649 1431 1712 gubernare
1485 1664 1663 1697 navem
1723 1650 1890 1697 nosset
1961 1677 1967 1680 -

191 1721 492 1783 perindeque
538 1725 811 1770 mereretur
857 1723 1020 1770 audiri
1066 1726 1115 1771 et
1155 1726 1282 1772 esset
1318 1722 1463 1770 firma
1503 1725 1583 1772 cui
1621 1723 1887 1770 Palinurus

192 1812 368 1844 navem
400 1799 532 1844 recte
565 1798 899 1845 committeret
929 1797 1245 1846 dormiturus.
1301 1799 1371 1846 sic
1402 1799 1558 1862 igitur
1590 1797 1886 1845 subornatus
1939 1849 1941 1852 Α

190 1870 310 1918 talis
366 1870 574 1918 effundit
628 1887 711 1918 ore
763 1871 1036 1933 loquellas:
1098 1871 1303 1919 verbum
1366 1871 1575 1919 effundit
1636 1870 1888 1934 significat
1955 1870 1977 1923 ἶ,

191 1959 425 2007 magnam
473 1944 736 1993 verborum
785 1946 980 2008 copiam
1025 1947 1372 2006 intervenisse,
1424 1961 1535 1993 cum
1580 1946 1714 1993 laeta
1761 1947 1888 1992 esset
1996 2007 1997 2010 Ἴ

193 2018 420 2066 omnibus
468 2019 622 2080 quies.
699 2019 956 2067 videamus
1005 2020 1185 2081 quibus
1231 2019 1393 2068 verbis
1438 2022 1488 2067 et
1527 2035 1677 2080 quam
1714 2019 1885 2066 multis

192 2091 424 2154 deceptus
472 2094 539 2140 sit
577 2092 868 2155 Palinurus3
923 2096 1067 2142 cauto
1115 2094 1299 2156 quippe
1346 2097 1396 2141 01
1442 2093 1671 2158 diligenti
1709 2092 1884 2155 guber-

191 2165 355 2213 natori
418 2166 630 2215 desertio
691 2169 909 2215 muneris
970 2169 1141 2230 paucis
1202 2167 1492 2230 persuaderi
1548 2183 1648 2215 non
1707 2167 1885 2228 potuit.
1948 2168 1978 2213 ’·.

191 2240 362 2287 Iaside
410 2240 669 2297 Palinure,
724 2243 892 2301 ferunt
941 2243 1053 2302 ipsa
1107 2256 1320 2301 aequora
1375 2242 1597 2297 classem,
1653 2244 1887 2300 aequatae
1954 2255 1978 2312 Ρ·

101 2312 188 2354 845
207 2315 401 2372 spirant
453 2329 629 2371 aurae,
683 2316 832 2363 datar
879 2316 1002 2364 hora
1048 2317 1205 2375 quieti.
1274 2329 1406 2376 pone
1452 2318 1598 2375 eaput
1641 2316 1887 2374 fessosque
1961 2316 1974 2377 ’ξ

191 2387 352 2435 oeulos
411 2388 586 2447 furare
646 2389 828 2436 labori:
902 2405 1139 2453 magnum
1199 2389 1533 2451 persuasionis
1599 2387 1884 2450 artificium3
1948 2419 1950 2421 >
1994 2423 1995 2426 ,

190 2460 351 2523 primo
400 2463 531 2510 enim
579 2462 793 2510 occurrit
839 2463 1065 2512 omnibus
1113 2479 1240 2526 quae
1278 2463 1543 2511 Palinurus
1584 2462 1648 2510 ad
1685 2477 1883 2510 excusa·
1936 2474 1996 2522 1252

190 2535 378 2583 tionem
415 2535 738 2597 praetendere
769 2538 948 2598 potuit.
1008 2537 1359 2600 suffragantur,
1390 2539 1570 2599 inquit,
1602 2536 1764 2584 officio
1795 2539 1882 2584 tuo
1943 2527 2001 2604 25³5:

190 2609 455 2671 placiditas
501 2610 669 2673 pelagi
713 2612 943 2672 ratioque
989 2614 1271 2671 ventorum3
1332 2612 1444 2673 ipsa
1490 2612 1673 2673 quippe
1722 2611 1883 2658 maria
1962 2611 1998 2670 2'

311 2812 338 2852 4
370 2809 638 2864 affirmatur
669 2810 740 2854 ed.
771 2814 776 2868 Ι
810 2811 1004 2855 dimovet
1034 2810 1132 2855 LR.
1256 2815 1282 2854 6
1311 2811 1490 2865 faciens
1519 2810 1562 2854 R
1590 2810 1755 2865 faciem
1785 2823 1820 2853 r.
1959 2847 1962 2856 ,

192 2871 218 2910 8
250 2867 338 2912 soli
367 2866 454 2911 LR
483 2868 558 2912 illi
587 2868 726 2914 sssed.
874 2873 929 2913 10
960 2871 1047 2915 soli
1078 2869 1164 2913 LR
1195 2870 1238 2914 ei
1267 2884 1300 2914 s.
1335 2869 1406 2913 ed.
1547 2873 1601 2912 15
1634 2869 1810 2925 loquere
1839 2867 1880 2910 R
1952 2879 1977 2925 ζ

191 2939 266 2970 ore
294 2941 331 2970 r.
456 2931 510 2970 17
541 2942 696 2972 versus
727 2942 815 2972 om.
842 2928 913 2973 ed.
1038 2933 1093 2973 21
1126 2929 1432 2981 dormiturum
1462 2928 1504 2971 R
1535 2942 1637 2974 -rus
1665 2942 1701 2972 r.
1737 2929 1744 2984 Ι
1777 2927 1880 2972 sub-

191 2990 383 3031 ornatus
413 2985 501 3029 LR
531 2993 736 3032 mutatus
766 2987 838 3031 ed.
961 2991 1016 3031 32
1050 2987 1217 3044 ipseR
1248 2989 1351 3044 ipsa
1381 3002 1415 3031 r.
1859 2987 1867 2995 ”
1940 2994 1959 3013 ·‘
