2014 3226
207 201 316 252 474
676 200 907 243 DONATI
939 200 1219 243 INTERPR.
1254 201 1431 245 VERG.

206 345 463 401 insumens
518 341 741 387 Entellus
796 342 838 387 et
892 340 986 387 alte
1041 341 1227 396 extulit,
1286 343 1387 397 ille,
1449 342 1542 389 1100
1598 345 1671 390 est
1725 343 1899 404 Dares,

115 421 204 460 445
224 419 368 463 ictum
407 417 670 463 venientem
710 429 741 460 a
780 416 951 462 vertice
990 415 1124 461 velow
1154 417 1406 474 praevidit
1444 416 1674 475 celerique
1707 417 1901 476 elapsas

207 504 401 549 corpore
448 490 607 536 cessit:
671 487 917 548 Entellus,
972 489 1159 548 inquit,
1216 491 1378 536 erecta
1442 492 1682 550 quantum
1736 491 1901 551 potuit

207 564 407 610 dextera
460 564 617 610 ictum
671 562 724 607 111
779 560 979 609 Daretis
1039 562 1286 610 direxerat
1347 565 1602 622 verticem,
1668 565 1752 611 sed
1813 565 1899 611 1110

205 638 336 684 1111110
396 637 646 698 praevidit
709 635 800 682 hoc
864 638 938 683 est
1001 639 1267 696 antequam
1329 638 1610 698 perveniret
1667 638 1796 685 vidit
1850 640 1900 685 et
1945 655 1966 689 5

207 712 441 774 suffragio
481 725 701 758 recessus
743 709 912 757 celeris
954 709 1086 756 dicto
1129 712 1274 758 citius
1315 712 1584 759 frustratus
1630 714 1716 759 est.
1793 713 1900 759 En-

206 786 345 832 tellus
382 786 503 831 viris
540 786 594 831 in
633 787 826 831 ventam
866 785 1036 844 effudit
1074 787 1116 831 ct
1152 785 1279 831 ultro
1318 787 1423 844 ipse
1458 788 1627 845 yravis
1663 789 1899 845 gyraviter-

206 874 294 918 qae
341 859 407 906 ad
454 863 634 906 terram
671 857 889 917 pondere
933 861 1068 905 vasto
1118 860 1342 913 concidit,
1390 862 1445 906 at
1491 859 1735 918 quondam
1780 875 1902 908 cava

205 933 407 981 concidit
446 937 534 980 aut
563 933 905 991 Earymantho
946 934 1034 979 aut
1066 931 1166 979 Ida
1197 934 1252 979 m
1282 948 1463 992 magma
1495 934 1731 982 radicitus
1763 937 1902 982 erata
2013 982 2014 1001 χ

195 1009 374 1066 pinus:
412 1008 567 1054 ictum
605 1008 711 1053 tam
750 1007 948 1053 fortiter
987 1008 1247 1068 erogatum
1280 1010 1328 1054 et
1359 1008 1412 1053 in
1444 1022 1657 1055 vacuum
1690 1008 1901 1055 effusum
1924 1025 1968 1058 ιο
2013 1011 2014 1017 ’

204 1081 341 1128 nullo
397 1081 666 1142 inpellente
722 1082 916 1127 secutus
965 1080 1191 1127 Entellus
1247 1081 1462 1128 concidit
1517 1083 1566 1128 et
1617 1081 1900 1144 gravissimi

205 1155 424 1216 corporis
464 1155 594 1202 mole
633 1154 883 1217 ingentem
923 1155 1119 1200 ruinam
1158 1154 1291 1215 fecit,
1327 1156 1401 1202 ita
1433 1158 1490 1202 ut
1521 1156 1648 1203 solet
1677 1157 1732 1202 in
1762 1171 1899 1202 mon-

202 1229 336 1276 tibus
392 1229 538 1276 arbor
590 1229 739 1290 pinea
793 1227 1041 1275 radicibus
1099 1231 1239 1275 eruta
1293 1229 1479 1276 cadere.
1558 1229 1679 1277 bene
1730 1231 1902 1291 posuit

203 1302 458 1362 radicitus,
499 1303 631 1365 quia,
672 1318 785 1349 cum
826 1302 972 1350 arbor
1010 1303 1171 1363 ruptis
1211 1303 1458 1350 radicibus
1500 1303 1655 1363 cadit,
1698 1304 1900 1363 nullius,
1992 1245 1999 1356 i

111 1384 201 1425 450
218 1379 275 1424 ut
306 1378 550 1437 Entellus,
581 1376 862 1438 procumbit
900 1376 1116 1437 inpulsu.
1184 1381 1481 1437 consumant
1517 1379 1693 1425 stadiis
1727 1378 1901 1425 Teucri
1925 1394 1967 1428 15
1992 1371 1994 1373 ¹

205 1455 247 1498 et
272 1452 537 1499 Trinacria
559 1452 740 1510 pubes:
781 1453 1085 1514 consurgunt
1117 1450 1293 1498 studiis
1326 1451 1419 1498 hoc
1451 1453 1526 1499 est
1556 1451 1899 1499 voluntatibus
1992 1452 1995 1465 '

203 1525 433 1573 diversis:
479 1525 682 1573 Troiani
722 1525 905 1586 quippe
946 1524 1334 1587 gratulabantur
1373 1525 1627 1572 Entellum
1666 1525 1899 1573 cecidisse

182 1595 390 1648 ‘Dareta
435 1615 525 1661 pro
574 1601 760 1646 victore
806 1599 1067 1659 habentes,
1110 1598 1268 1646 Siculi
1315 1602 1487 1647 contra
1533 1599 1724 1646 turbati
1770 1601 1899 1659 sunt,

203 1674 338 1735 quod
376 1674 604 1721 Entellus
652 1673 923 1720 cecidisset.
1000 1675 1039 1720 it
1085 1673 1267 1720 clamor
1313 1673 1464 1728 caelo,
1512 1688 1600 1720 nec
1643 1675 1899 1735 inmerit03

201 1748 299 1795 fuit
362 1749 494 1796 enim
556 1763 704 1795 causa
766 1763 892 1808 quae
953 1747 1085 1794 hunc
1147 1748 1341 1809 magnis
1403 1747 1591 1795 viribus
1647 1748 1897 1795 excitaret.

194 1824 485 1882 primasque
531 1823 744 1870 accurrit
787 1820 983 1869 Acestes
1029 1835 1417 1881 aequaevumque
1462 1823 1524 1869 ab
1570 1823 1714 1869 hamo
1760 1823 1900 1869 mise-

201 1911 323 1943 rans
347 1897 522 1944 attollit
543 1897 778 1944 amicam:
808 1895 1013 1943 Acestes
1043 1895 1362 1943 miseratione
1388 1897 1661 1944 commotus
1687 1911 1898 1956 aequae-
1981 1930 1985 1932 ἡ

203 1986 323 2017 vum
354 1985 500 2017 suum
532 1972 582 2017 et
614 1969 862 2018 amicitiae
891 1969 1133 2032 religione
1158 1969 1477 2017 coniunctum
1500 1969 1688 2017 levavit
1713 1969 1897 2017 auxilio

204 2059 291 2092 suo
339 2046 389 2091 et
436 2046 592 2092 erexit
636 2045 894 2092 iacentem.
972 2047 1025 2091 at
1060 2057 1159 2090 non
1197 2043 1424 2091 tardatus
1462 2058 1582 2092 casa
1618 2058 1770 2103 ‘neque
1807 2047 1898 2092 ter-

202 2119 328 2165 ritus
349 2119 488 2166 heros
511 2120 673 2166 acrior
704 2118 771 2166 ad
791 2133 1019 2178 puynam
1048 2117 1176 2165 redit
1205 2132 1264 2165 ac
1295 2119 1393 2164 vim
1421 2119 1624 2166 suscitat
1651 2119 1756 2165 ira:
1797 2133 1898 2165 11011
1963 2131 1987 2148 ³

203 2187 349 2254 †alio
391 2192 586 2239 erubuit
623 2193 702 2240 vir
739 2192 899 2252 fortis,
936 2191 1021 2239 sed
1058 2192 1216 2239 imtus
1257 2193 1346 2252 est,
1387 2206 1512 2253 quae
1550 2192 1626 2238 ira
1666 2191 1897 2239 stimulus
1980 2185 1985 2197 ⁴

202 2267 300 2313 fuit
339 2266 626 2314 excitandae
665 2266 880 2313 virtutis.
957 2265 1220 2313 accedebat
1257 2268 1426 2313 tamen
1465 2266 1706 2314 nonnulla
1746 2266 1898 2313 etiam
1971 2264 1985 2307 :⁴¹

109 2347 200 2386 455
217 2339 421 2401 pudoris
464 2340 839 2402 contemplatio3
879 2339 1063 2387 idcimo
1105 2339 1236 2386 enim
1276 2339 1469 2387 addidit
1500 2343 1602 2386 tam
1624 2339 1792 2399 pudor
1821 2341 1896 2387 in·

322 2485 347 2524 6
379 2482 495 2525 victo
526 2480 561 2523 L
594 2481 731 2525 ictam
763 2481 804 2523 R
837 2480 908 2524 ed.
941 2481 1060 2524 dicto
1091 2494 1188 2524 nos.
1233 2480 1240 2538 1
1288 2480 1543 2534 frustratas
1573 2485 1636 2524 est
1666 2479 1754 2522 LR
1784 2480 1894 2534 effu·
1946 2486 1982 2533 Δ

200 2540 270 2598 yit
299 2540 370 2583 ed.
510 2544 533 2582 7
567 2540 730 2594 effudit
759 2539 802 2582 R
832 2540 1034 2594 effandet
1063 2539 1099 2581 L
1131 2540 1329 2594 effundit
1359 2539 1430 2582 ed.
1575 2543 1630 2582 13
1661 2539 1898 2583 radicibus

202 2599 334 2655 (item
364 2598 490 2642 infra
520 2599 571 2642 in
601 2598 812 2655 interpri)
853 2599 960 2652 LR,
1002 2599 1084 2642 sed
1122 2598 1173 2642 in
1203 2597 1425 2642 lemmate
1454 2599 1654 2654 utroque
1685 2597 1788 2641 1000
1819 2612 1894 2642 ra·
1944 2631 1946 2635 >

202 2659 382 2703 dicitas.
478 2662 531 2701 17
563 2659 889 2716 ylariaba'ntur
911 2657 954 2700 R
986 2671 1101 2701 corr.
1125 2672 1149 2700 r
1165 2679 1221 2694 =
1238 2657 1288 2702 L.
1383 2661 1438 2700 18
1470 2658 1632 2700 dareta
1657 2656 1696 2699 R
1720 2662 1836 2700 -tam
1858 2657 1894 2700 L

203 2722 308 2762 -tem
340 2717 412 2761 ed.
452 2718 458 2772 1
498 2718 674 2775 sinyali
703 2729 788 2773 pro
821 2717 969 2761 Siculi
999 2717 1048 2760 L.
1086 2718 1091 2774 Ι
1133 2717 1311 2761 turbati
1338 2716 1426 2759 LR
1455 2717 1490 2770 f.
1517 2738 1573 2752 =
1597 2721 1704 2760 sant
1735 2729 1892 2772 super-

203 2791 287 2820 scr.
312 2777 354 2820 R
377 2777 398 2820 I
421 2789 544 2820 man.
656 2781 710 2820 21
746 2777 970 2820 miserans
999 2776 1087 2819 LR
1119 2775 1199 2819 edI
1229 2777 1471 2820 miseratus
1503 2776 1664 2818 contra
1693 2776 1894 2818 metrum

203 2836 312 2880 edF.
466 2840 522 2879 26
554 2835 648 2880 alio
679 2836 861 2879 erubuit
890 2835 998 2889 LR,
1038 2834 1120 2878 sed
1159 2835 1252 2878 alio
1285 2833 1512 2890 expunxit
1541 2834 1583 2876 R
1621 2835 1715 2878 alio
1746 2849 1780 2878 e.
1814 2831 1895 2877 edI

201 2896 283 2940 illo
321 2909 356 2939 e.
390 2895 506 2940 edF:
563 2894 707 2938 etiam
746 2895 928 2939 erubuit
966 2894 1237 2950 corruptum
1275 2907 1376 2938 esse
1416 2893 1662 2948 sequentia
1710 2893 1892 2946 docent,
1932 2925 1935 2932 .

202 2954 296 2998 duo
329 2953 468 2998 verba
501 2967 557 2998 ex
585 2967 679 2998 uno
713 2966 794 2996 seu
826 2954 1057 2997 alienatas
1081 2966 1162 2996 seu
1185 2953 1392 3010 elanyuit
1415 2951 1615 2995 conficta
1639 2965 1739 2995 esse
1762 2953 1892 3008 puto,
1932 2987 1934 2990 ,

202 3013 286 3057 sed
318 3026 501 3057 crucem
532 3025 767 3070 apponere
797 3011 958 3056 malui.
