2014 3226
781 144 1084 189 AENEIDOS
1117 145 1158 188 V
1708 148 1813 199 5⁸27

126 284 357 333 servabat
397 288 445 332 et
483 287 668 344 motus,
716 301 771 332 eo
819 287 979 348 magis
1018 286 1212 333 cautior
1252 289 1490 347 quantum
1531 302 1612 335 eos
1653 289 1817 350 urgeri

0 289 2 443 .
126 358 371 406 sentiebat
418 360 471 405 in
518 374 758 406 somnum.
835 359 923 407 ubi
969 362 1135 407 autem
1183 359 1301 406 deus
1342 360 1560 407 advertit
1586 352 1815 422 'pertina-

127 434 250 481 citer
273 434 598 492 resistentem,
626 432 840 480 dimissis
872 433 1082 493 insidiis,
1109 449 1232 494 quae
1266 433 1329 480 ad
1361 434 1562 495 plenum
1595 434 1816 482 obtinere

125 505 453 567 nequiverant
497 521 586 568 per
632 506 845 554 hominis
886 502 1119 566 formam',
1168 508 1412 555 convertit
1451 523 1501 555 se
1542 508 1605 554 ad
1644 510 1815 569 poten—

81 596 100 628 ⁵
126 582 264 640 tiam,
297 582 354 628 ut
383 581 435 628 vi
467 579 780 642 conpleretur
813 580 943 642 quod
976 581 1272 628 subtilitatis
1305 581 1476 629 fraude
1509 597 1607 628 non
1635 583 1815 643 potuit.

123 669 320 702 ramum
375 654 531 718 igitur
583 654 794 702 Lethaeo
849 668 958 701 rore
1010 656 1279 702 madentem
1333 657 1471 715 vique
1524 658 1800 715 soporatum
1818 662 1902 702 855

123 727 292 788 Styyia
330 741 476 788 super
509 731 715 788 utraque
746 731 948 788 quassat
978 732 1192 788 tempora
1224 731 1558 788 cunctantique
1588 732 1816 778 natantia

125 802 314 850 Iumina
352 801 518 858 solvit,·
573 801 694 863 quid
735 803 867 850 enim
906 802 1156 850 dubitaret
1190 801 1398 851 Somnus
1437 818 1644 866 gravare
1684 803 1815 851 Pali-

124 891 304 923 nurum
343 891 453 924 rore
487 874 678 939 Stygio,
718 892 866 938 quem
906 892 1018 923 mox
1058 877 1233 938 plenae
1271 879 1422 924 morti
1460 877 1624 924 fuerat
1661 877 1814 925 tradi-

59 966 100 998 10
125 947 302 997 turus?
379 950 652 1011 excutienS,
706 950 892 1012 inquit,
947 966 1143 998 ramum
1196 966 1305 998 rore
1355 950 1531 1014 Stygio
1582 951 1816 1013 inspersit

122 1023 349 1071 Palinuri
379 1023 685 1086 temporibus
717 1026 767 1071 et
797 1024 1087 1072 reluctantis
1120 1025 1286 1072 oculos
1320 1025 1481 1072 solvit.
1537 1025 1815 1073 habuerunt

122 1097 253 1145 enim
294 1097 452 1145 adhuc
493 1098 740 1159 quendam
779 1099 1023 1161 vigorem,
1071 1113 1181 1145 cum
1221 1098 1485 1146 Palinurus
1529 1101 1703 1146 contra
1740 1099 1813 1145 ni-

120 1173 329 1231 teretur3
369 1171 456 1218 ubi
495 1173 627 1219 enim
664 1171 938 1220 intervenit
976 1173 1050 1220 vis
1090 1173 1262 1234 maior,
1304 1172 1536 1233 quicquid
1581 1172 1813 1220 duratum

121 1245 288 1292 fuerat
333 1245 611 1293 resolutum
659 1248 757 1307 est,
805 1262 931 1307 quae
971 1247 1154 1294 solutio
1195 1247 1374 1294 clausit
1412 1246 1579 1294 oculos
1619 1248 1723 1294 eius
1764 1250 1814 1294 et

8 1314 21 1323 ’
54 1335 95 1368 15
121 1320 314 1382 pressit.
392 1321 476 1367 vix
511 1322 704 1380 primos
747 1322 952 1381 inopina
1006 1322 1140 1380 quies
1192 1320 1447 1368 laxaverat
1498 1323 1660 1367 artus:
1719 1320 1813 1369 hoc

119 1392 309 1441 factum
347 1393 486 1441 nulla
526 1395 788 1442 consecuta
827 1396 903 1442 est
933 1409 1086 1442 mora.
1147 1397 1190 1442 et
1218 1409 1365 1454 super
1396 1394 1674 1442 incumbens
1704 1408 1812 1442 cum

111 1469 303 1528 puppis
339 1470 487 1527 parte
531 1467 728 1516 revulsa
774 1483 974 1534 cumque
1015 1468 1307 1530 yubernaclo
1352 1468 1567 1528 liquidas
1606 1469 1814 1528 proiecit

117 1542 172 1588 in
202 1542 366 1589 undas
389 1543 707 1602 praecipitem
738 1557 796 1590 ac
826 1544 978 1590 soce‘os
1008 1544 1326 1602 nequicquam
1357 1556 1500 1601 saepe
1528 1545 1797 1590 vocantem:
1813 1547 1900 1588 860

8 1667 10 1670 ,
118 1614 333 1662 multum
364 1615 452 1663 dat
481 1615 720 1664 Palinuro
754 1617 842 1684 qui
871 1631 1134 1678 oppressus
1165 1618 1309 1664 tanta
1341 1615 1391 1664 vi
1423 1615 1812 1679 gubernaculum

9 1740 12 1755 ζ
51 1705 95 1738 20
118 1704 215 1737 non
263 1689 479 1750 remisit,
525 1692 697 1738 contra
743 1690 855 1752 plus
902 1690 979 1738 1111
1027 1692 1113 1751 qui
1159 1690 1330 1737 divina
1375 1690 1534 1737 fretus
1584 1690 1811 1751 potentia

10 1759 18 1766 ²
117 1764 280 1811 totum
326 1763 492 1811 valuit
537 1780 793 1827 superare,
848 1765 918 1812 sic
958 1764 1090 1811 enim
1127 1764 1272 1811 11111111
1310 1763 1636 1825 praecipitem
1675 1763 1812 1811 dedit

117 1837 171 1884 in
223 1837 423 1898 fluctus,
477 1839 535 1885 ut
588 1853 752 1886 secum
809 1840 859 1886 et
909 1837 1298 1900 gubernaculum
1343 1837 1565 1885 traheret
1610 1839 1660 1885 et
1706 1837 1809 1885 eius

116 1913 314 1973 partem
354 1913 496 1959 navis
536 1913 616 1959 cui
654 1911 917 1959 videbatur
956 1911 1225 1973 adpositus.
1297 1911 1547 1960 clamabat
1577 1927 1694 1959 vero
1725 1910 1810 1958 ille

118 1986 275 2034 socios
315 1985 502 2033 frustra
541 1987 590 2034 et
628 1987 681 2033 in
719 1987 830 2048 ipsa
869 1986 921 2034 vi
959 1987 1152 2047 positus
1186 1987 1344 2034 omnis
1375 1984 1660 2045 invocabat3
1701 1984 1809 2032 dor-

50 2074 93 2108 85
117 2059 340 2107 miebant
378 2061 532 2121 enim,
571 2061 702 2108 sicut
739 2075 891 2122 supra
929 2059 1118 2107 dictum
1157 2061 1253 2120 est,
1299 2075 1387 2108 nec
1427 2058 1590 2106 audiit
1629 2059 1809 2120 aliquis

115 2133 417 2196 inplorantis
454 2149 627 2182 vocem
665 2149 755 2182 nec
795 2132 1026 2182 subvenit
1062 2134 1303 2196 pereunti.
1365 2133 1486 2181 haec
1525 2132 1624 2180 fuit
1662 2148 1810 2180 causa

117 2209 175 2255 ut
221 2206 519 2256 dormientes
560 2208 766 2256 Troiani
811 2206 1224 2268 describerentur,
1269 2222 1331 2254 ne
1379 2208 1506 2255 esset
1552 2206 1637 2268 qui
1675 2205 1808 2254 Pali·

3 2264 48 2358 ik⁴
115 2296 240 2328 nuro
294 2281 524 2344 pereunti
579 2287 906 2343 succurreret3
968 2280 1138 2328 debuit
1191 2282 1322 2328 enim
1383 2280 1604 2342 conpleri
1662 2281 1810 2328 unius

117 2355 318 2404 amissio
380 2371 530 2418 quam
589 2355 853 2418 Neptunus
915 2355 1099 2403 Veneri
1159 2356 1421 2403 venturam
1480 2353 1807 2416 praedixerat.

49 2443 94 2478 so
115 2430 220 2489 ipse
265 2429 436 2478 volans
482 2432 639 2478 tenuis
676 2443 728 2477 se
764 2430 961 2478 sustulit
997 2428 1097 2478 ales
1134 2430 1189 2477 in
1227 2442 1406 2477 auras:
1457 2428 1678 2490 perfecta
1715 2426 1806 2475 Pa·

234 2602 262 2641 4
293 2600 559 2656 nequiverat
581 2599 652 2643 ed.
747 2604 772 2643 6
805 2612 898 2644 0000
921 2600 1031 2643 deus
1053 2598 1267 2643 lemmati
1290 2597 1506 2655 praefixit
1528 2597 1601 2642 ed.
1630 2599 1636 2653 Ι
1674 2598 1682 2606 “
1722 2598 1807 2642 'tur

19 2687 22 2692 -
116 2669 205 2701 om.
233 2657 304 2702 ed.
347 2659 355 2714 1
403 2672 549 2704 rorem
579 2659 818 2704 addentem
848 2658 937 2702 LR
967 2672 1079 2702 corr.
1105 2673 1140 2702 r.
1274 2663 1325 2701 11
1358 2658 1614 2702 habuerant
1643 2669 1669 2700 0
1706 2690 1715 2699 .

117 2719 172 2760 13
203 2717 286 2761 ubi
314 2718 433 2762 enim
463 2717 551 2762 LR
582 2717 654 2762 ed.
686 2732 731 2762 u.
757 2722 938 2763 autem?
1050 2722 1102 2761 17
1134 2716 1442 2775 yubernaculo
1471 2714 1559 2759 LR
1588 2730 1621 2759 u
1651 2714 1742 2760 del.
1766 2729 1801 2759 r.

206 2778 261 2819 18
293 2790 315 2820 e
345 2777 488 2822 socios
519 2778 620 2834 (pro
643 2778 731 2834 et?)
763 2776 806 2820 R
837 2792 891 2822 ac
919 2790 954 2821 s.
980 2790 1015 2821 r.
1118 2780 1171 2820 19
1204 2776 1259 2821 de
1289 2789 1374 2832 pro
1398 2775 1481 2819 dat
1502 2773 1573 2819 ed.
1590 2775 1712 2831 post.

116 2838 175 2878 25·
203 2839 267 2879 est
297 2848 386 2880 om.
411 2835 454 2879 R
485 2835 637 2893 suppl.
663 2850 698 2881 r.
728 2838 734 2893 Ι
762 2835 897 2880 audit
927 2835 999 2880 ed.
1032 2836 1212 2880 audivit
1242 2834 1313 2879 ed.
1338 2836 1459 2891 post.
1552 2837 1608 2877 2⁷
1641 2832 1801 2878 discri-

116 2892 290 2939 beretur
319 2893 363 2938 R
393 2908 506 2939 corr.
530 2909 567 2939 r.
675 2899 732 2939 30
763 2896 816 2939 in
846 2908 991 2940 auras
1019 2893 1107 2938 LR
1137 2894 1208 2938 ed.
1242 2892 1398 2938 nescio
1431 2905 1492 2937 an
1522 2892 1586 2936 ad
1615 2907 1657 2937 a.
1691 2890 1802 2936 scri-

112 2951 319 2996 bendum
350 2952 425 3009 eit,
457 2953 571 3012 quia
600 2954 664 2999 ad
693 2954 868 2999 caelwm
898 2952 1171 3011 explicatur.
