2014 3226
171 160 279 211 266
639 157 870 202 DONATI
901 156 1180 199 INTERPR.
1214 155 1393 200 VERG.

170 300 374 347 hastilia
419 300 569 346 tertia
616 297 877 345 obluctans
929 312 1039 343 cum
1086 298 1220 344 terra
1275 296 1483 359 genibus
1538 296 1681 357 meis,
1737 312 1865 358 quae

173 374 373 421 illorum
411 372 600 420 radices
641 387 741 418 non
781 370 975 418 sinebat
1009 370 1249 432 abrumpi.
1315 372 1520 430 yemitas
1551 369 1867 417 lacrimabilis

83 452 139 492 40
173 450 266 495 imo
301 447 501 494 auditur
542 445 723 492 tumulo
765 448 807 492 et
843 459 934 491 voa:
972 444 1164 492 reddita
1201 445 1361 504 fertur
1401 445 1466 492 acl
1505 447 1666 492 auris:
1705 459 1867 491 mora-

170 522 284 567 liter
330 522 570 581 positum,
618 521 673 565 ut
719 518 880 579 primo
930 518 1141 567 dolentis
1189 519 1453 581 gemitum,
1502 518 1679 565 dehinc
1722 533 1866 566 voces
1929 562 1948 575 ,

172 595 401 641 audisset.
465 594 581 652 qaid
612 594 855 648 miseram,
887 590 1070 647 Aenea,
1104 593 1328 640 laceras?
1359 593 1461 639 iam
1483 607 1637 651 parce
1668 593 1866 651 sepulto,
1915 609 1934 642 5
1976 603 1985 650 (j

161 683 312 728 parce
349 670 468 727 pias
514 666 747 714 scelerare
792 680 997 723 mamas,-
1050 681 1151 713 non
1188 681 1262 714 me
1302 667 1388 714 aba·
1429 667 1580 713 Troia
1620 669 1867 714 externum

170 743 278 789 tulit
330 745 416 789 aut
469 756 612 788 cruor
663 741 740 788 laio
794 741 851 787 cle
905 741 1063 800 stipite
1112 744 1306 787 manat:
1367 740 1504 787 locus
1551 739 1646 788 iste
1692 740 1866 801 plenas

168 817 326 877 partis
365 818 501 862 tenet
541 815 638 862 loci
678 815 965 862 communis.
1038 814 1264 875 quamvis
1305 829 1403 861 non
1445 815 1510 861 sit
1548 815 1765 862 invectio
1808 828 1864 860 ex

170 905 380 951 persona
428 889 670 948 defuncti,
711 888 904 936 Aeneas
953 891 1143 949 tamen,
1191 889 1234 935 si
1281 888 1333 936 in
1371 889 1463 935 hac
1505 903 1654 935 causa
1694 903 1866 949 argue-

169 967 325 1023 retur,
373 963 556 1010 diceret
603 962 698 1010 feci
746 965 794 1009 et
842 962 1070 1010 absoluta
1119 959 1363 1023 qualitate
1411 977 1515 1010 sese
1571 961 1868 1023 defenderet,
1894 979 1936 1011 10

172 1038 289 1099 quia
329 1036 566 1098 quicquid
603 1036 731 1084 illud
770 1037 867 1084 fuit
898 1038 1091 1084 nescius
1123 1037 1320 1084 fecerat.
1385 1035 1670 1083 admirabili
1700 1038 1869 1083 tamen

170 1113 356 1158 virtute
402 1113 553 1172 poeta
600 1110 764 1172 ipsum
809 1110 1007 1158 induxit
1054 1110 1361 1158 defensorem
1404 1111 1528 1158 facti
1568 1111 1655 1171 qui
1694 1109 1754 1157 ob
1794 1111 1868 1156 in-

170 1185 351 1232 iuriam
390 1201 533 1232 suam
572 1186 830 1233 accusator
870 1200 973 1232 esse
1013 1185 1250 1232 debuerat
1288 1184 1497 1246 ideoque
1546 1183 1870 1232 acerbitatem

171 1261 333 1321 ipsam
379 1259 531 1306 latius
578 1258 740 1306 tendit
788 1275 845 1305 ex
891 1274 989 1306 uno
1038 1260 1243 1306 crimine
1291 1259 1452 1306 multa
1500 1257 1681 1307 exoriri
1725 1273 1869 1319 posse

172 1333 427 1381 evidenter
474 1333 756 1396 ostendens,
806 1349 933 1394 quae
981 1334 1151 1380 tamen
1197 1334 1308 1394 ipsa
1355 1334 1648 1380 instruentis
1688 1333 1868 1392 animo,
1895 1348 1937 1382 15

171 1423 268 1455 non
325 1407 578 1470 arguentis
634 1407 832 1470 ingerit.
911 1408 1008 1454 fuit
1064 1406 1263 1468 quidem
1313 1408 1532 1468 primum
1579 1407 1766 1453 crimen
1821 1407 1871 1452 et

173 1482 333 1529 solum
371 1481 621 1543 sepulchri
659 1481 853 1528 violati.
931 1497 989 1528 ex
1026 1481 1119 1528 hoc
1157 1480 1332 1528 habita
1370 1481 1563 1528 ratione
1602 1480 1715 1540 loci,
1745 1482 1870 1527 tem-

171 1555 306 1617 poris
341 1557 390 1602 et
420 1571 746 1617 personarum
777 1555 878 1602 alia
911 1571 1105 1617 quoque
1147 1555 1410 1618 congessit.
1469 1554 1590 1616 quid
1620 1554 1870 1614 miserum,

171 1630 360 1691 inquit,
399 1629 590 1690 Aenea,
629 1627 856 1677 laceras?
896 1645 1008 1676 cum
1045 1630 1273 1689 fortuna,
1314 1629 1408 1690 ait,
1447 1627 1663 1677 hominis
1703 1628 1871 1676 miseri

171 1703 452 1751 miseranda
506 1719 611 1751 esse
666 1703 845 1751 debeat
899 1705 949 1750 et
1003 1703 1307 1752 sublevanda
1357 1704 1526 1764 potius
1574 1718 1724 1764 quam
1770 1702 1870 1750 lae·
1895 1682 1981 1828 2⁰³

172 1777 347 1838 denda,
380 1793 480 1837 cur,
512 1777 696 1838 Aenea,
727 1779 815 1825 tuo
854 1777 1049 1825 inlicito
1089 1777 1260 1826 labore
1299 1778 1522 1838 vexatur,
1557 1778 1643 1838 qui
1678 1791 1872 1838 semper

173 1851 371 1900 coluisti
409 1850 684 1913 pietatem?
762 1851 895 1914 quod
936 1854 1104 1899 autem
1141 1853 1342 1899 nomine
1381 1866 1469 1899 suo
1510 1849 1719 1898 eundem
1759 1865 1871 1898 con-

172 1927 331 1986 venit,
379 1942 438 1974 ex
484 1941 540 1974 eo
588 1925 878 1990 intellegere
924 1927 1092 1987 potuit
1132 1925 1265 1987 quod
1303 1928 1450 1973 notus
1491 1939 1605 1972 cum
1642 1926 1760 1972 noto
1799 1925 1870 1972 lo-

174 1999 430 2061 quebatur.
509 2015 619 2048 ecoe
666 2000 763 2047 duo
811 2002 926 2047 ante
971 2000 1249 2061 principale
1290 2000 1498 2059 crimen,
1546 2001 1595 2046 et
1632 1999 1782 2046 miser
1822 2000 1872 2046 et
1955 2011 1981 2035 γ’

172 2075 333 2122 notus.
412 2074 601 2122 accedit
647 2074 712 2121 ad
759 2073 1011 2136 sepulchri
1055 2073 1235 2122 violati
1279 2073 1523 2122 invidiam
1569 2072 1672 2120 iam
1722 2087 1869 2134 parce
1894 2087 1938 2121 25

174 2147 369 2208 sepulto
393 2147 486 2196 hoc
511 2150 586 2196 est
607 2148 688 2196 vel
718 2147 922 2195 modum
954 2163 1119 2209 serva3
1158 2148 1308 2195 tertio
1341 2147 1470 2195 enim
1503 2148 1607 2194 iam
1637 2146 1868 2194 faciebat.

173 2236 320 2282 parce
374 2223 485 2283 pias
539 2222 780 2270 scelerare
833 2237 1033 2270 manus:
1096 2221 1234 2269 aliud
1280 2221 1368 2268 dat
1413 2220 1624 2269 notitiae
1672 2221 1870 2283 signum

173 2298 378 2356 propter
408 2298 734 2358 augmentum
765 2296 1030 2343 criminum
1051 2294 1429 2358 prohibendum.
1478 2294 1615 2342 aliud
1639 2296 1714 2342 est
1738 2295 1870 2342 enim

172 2383 378 2430 peccare
407 2370 461 2416 in
492 2369 735 2433 ignotum,
760 2369 898 2418 aliud
927 2371 981 2417 in
1014 2386 1127 2418 eum
1151 2369 1239 2432 qui
1265 2370 1332 2418 sit
1354 2371 1516 2418 notus.
1572 2384 1683 2417 cum
1712 2367 1870 2431 igitur

174 2442 294 2490 dicit
338 2458 486 2505 parce
531 2444 642 2505 pias
685 2444 924 2492 scelerare
964 2459 1163 2507 manus,
1204 2443 1421 2492 ostendit
1459 2443 1578 2504 quia
1617 2445 1667 2490 et
1704 2443 1870 2504 ipsum
1893 2457 1941 2493 {to¹
1981 2462 1985 2468 ·

295 2617 317 2655 1
353 2613 589 2658 obluctans
626 2627 730 2658 oum
760 2613 848 2657 ΕΒ,
867 2613 974 2668 ,ed.;
1006 2627 1167 2658 vereor
1196 2626 1255 2657 ne
1286 2627 1381 2658 non
1417 2612 1480 2657 sit
1509 2611 1733 2656 latinum:
1781 2613 1868 2656 col-

173 2672 382 2716 luctans?
526 2677 552 2716 6
585 2685 736 2716 nonne
766 2672 854 2716 LR
884 2686 980 2717 non
1009 2687 1077 2717 me
1106 2687 1142 2717 r.
1281 2676 1308 2716 8
1340 2672 1542 2718 inventio
1572 2671 1661 2715 LR
1691 2670 1763 2716 ed.
1797 2671 1868 2721 in·
1940 2727 1941 2730 Ἴ

171 2732 310 2776 vectio
340 2744 426 2774 nos
458 2730 515 2775 of.
534 2735 634 2775 247.
749 2735 804 2775 14
835 2732 1038 2776 extendit
1068 2732 1140 2776 ed.
1266 2735 1439 2776 16-17
1472 2731 1550 2775 sed
1579 2731 1727 2775 solam
1757 2729 1867 2774 edF.

235 2793 288 2833 17
320 2790 453 2835 habet
481 2791 660 2835 ratione
689 2789 778 2834 LR
814 2791 856 2835 h.
888 2792 1113 2836 rationem
1143 2806 1167 2834 1·
1198 2790 1270 2836 ed.
1310 2791 1470 2835 habita
1499 2791 1679 2834 ratione
1708 2802 1806 2833 nos.

174 2852 228 2892 19
261 2850 415 2894 miseri
444 2863 533 2893 om.
559 2849 630 2893 ed.
753 2854 808 2892 22
841 2851 1051 2895 convenit
1077 2849 1166 2894 LR,
1203 2854 1382 2895 vocaret
1412 2849 1482 2894 ed.
1607 2853 1663 2892 23
1694 2853 1796 2893 voto
1827 2846 1870 2890 Β,
1931 2882 1935 2883 ⁷

171 2912 278 2952 noto
308 2922 332 2951 r
354 2929 412 2946 =
435 2907 485 2952 L.
591 2913 646 2952 26
678 2914 847 2953 motu-m
877 2908 920 2952 R
949 2909 1134 2954 modum
1163 2923 1187 2952 r
1210 2931 1268 2947 =
1291 2909 1341 2953 L.
1443 2912 1498 2952 27
1532 2908 1595 2953 da
1624 2907 1870 2953 innotitiae

173 2965 260 3010 LR
290 2966 372 3012 dat
399 2967 593 3012 notitiae
622 2981 646 3010 r
676 2967 759 3012 dat
789 2969 842 3012 in
871 2982 918 3012 n.
951 2968 1024 3012 ed.
1853 2987 1870 2997 ··
