<?xml version="1.0" encoding="UTF-8"?>
<!DOCTYPE html PUBLIC "-//W3C//DTD XHTML 1.0 Transitional//EN"
    "http://www.w3.org/TR/xhtml1/DTD/xhtml1-transitional.dtd">
<html xmlns="http://www.w3.org/1999/xhtml" xml:lang="en" lang="en">
 <head>
  <title>
</title>
<meta http-equiv="Content-Type" content="text/html;charset=utf-8" />
  <meta name='ocr-system' content='tesseract 3.04.00' />
  <meta name='ocr-capabilities' content='ocr_page ocr_carea ocr_par ocr_line ocrx_word'/>
</head>
<body>
  <div class='ocr_page' id='page_1' title='image "./interpretationes01donauoft_0469.png"; bbox 0 0 2014 3226; ppageno 0'>
   <div class='ocr_carea' id='block_1_1' title="bbox 780 185 1825 245">
    <p class='ocr_par' dir='ltr' id='par_1_1' title="bbox 780 185 1825 245">
     <span class='ocr_line' id='line_1_1' title="bbox 780 185 1825 245; baseline -0.001 -17"><span class='ocrx_word' id='word_1_1' title='bbox 780 185 1082 231; x_wconf 78' lang='lat' dir='ltr'>AENEIDos</span> <span class='ocrx_word' id='word_1_2' title='bbox 1115 187 1178 231; x_wconf 87' lang='lat' dir='ltr'>1v</span> <span class='ocrx_word' id='word_1_3' title='bbox 1719 196 1825 245; x_wconf 76' lang='lat'>419</span> 
     </span>
    </p>
   </div>
   <div class='ocr_carea' id='block_1_2' title="bbox 24 325 1915 2534">
    <p class='ocr_par' dir='ltr' id='par_1_2' title="bbox 24 325 1915 2534">
     <span class='ocr_line' id='line_1_2' title="bbox 141 325 1828 383; baseline 0.004 -10"><span class='ocrx_word' id='word_1_4' title='bbox 141 327 246 373; x_wconf 90' lang='lat' dir='ltr'>sine</span> <span class='ocrx_word' id='word_1_5' title='bbox 287 325 460 372; x_wconf 91' lang='lat' dir='ltr'>fraude</span> <span class='ocrx_word' id='word_1_6' title='bbox 500 325 744 383; x_wconf 87' lang='lat' dir='ltr'>confessa,</span> <span class='ocrx_word' id='word_1_7' title='bbox 792 327 1010 372; x_wconf 86' lang='lat' dir='ltr'>venirem</span> <span class='ocrx_word' id='word_1_8' title='bbox 1051 332 1212 374; x_wconf 85' lang='lat' dir='ltr'>tecum</span> <span class='ocrx_word' id='word_1_9' title='bbox 1254 328 1316 375; x_wconf 87' lang='lat' dir='ltr'>ad</span> <span class='ocrx_word' id='word_1_10' title='bbox 1356 333 1572 377; x_wconf 84' lang='lat' dir='ltr'>extrema</span> <span class='ocrx_word' id='word_1_11' title='bbox 1611 332 1828 379; x_wconf 85' lang='lat' dir='ltr'>fatorum</span> 
     </span>
     <span class='ocr_line' id='line_1_3' title="bbox 140 399 1828 463; baseline 0.004 -18"><span class='ocrx_word' id='word_1_12' title='bbox 140 399 416 459; x_wconf 88' lang='lat' dir='ltr'>ultimaque</span> <span class='ocrx_word' id='word_1_13' title='bbox 450 399 712 446; x_wconf 84' lang='lat' dir='ltr'>consortia.</span> <span class='ocrx_word' id='word_1_14' title='bbox 776 399 902 445; x_wconf 33' lang='lat' dir='ltr'>videm</span> <span class='ocrx_word' id='word_1_15' title='bbox 942 401 1110 447; x_wconf 76' lang='lat' dir='ltr'>ambas</span> <span class='ocrx_word' id='word_1_16' title='bbox 1148 403 1278 459; x_wconf 79' lang='lat' dir='ltr'>ferro</span> <span class='ocrx_word' id='word_1_17' title='bbox 1319 403 1454 449; x_wconf 78' lang='lat' dir='ltr'>dolor</span> <span class='ocrx_word' id='word_1_18' title='bbox 1493 408 1633 463; x_wconf 70' lang='lat' dir='ltr'>atque</span> <span class='ocrx_word' id='word_1_19' title='bbox 1666 406 1828 453; x_wconf 77' lang='lat' dir='ltr'>eadem</span> 
     </span>
     <span class='ocr_line' id='line_1_4' title="bbox 139 473 1827 539; baseline 0.004 -20"><span class='ocrx_word' id='word_1_20' title='bbox 139 473 261 519; x_wconf 77' lang='lat' dir='ltr'>hora</span> <span class='ocrx_word' id='word_1_21' title='bbox 299 473 507 520; x_wconf 78' lang='lat' dir='ltr'>tulisset:</span> <span class='ocrx_word' id='word_1_22' title='bbox 548 475 596 519; x_wconf 90' lang='lat' dir='ltr'>et</span> <span class='ocrx_word' id='word_1_23' title='bbox 637 487 759 532; x_wconf 89' lang='lat' dir='ltr'>quas</span> <span class='ocrx_word' id='word_1_24' title='bbox 798 489 924 520; x_wconf 89' lang='lat' dir='ltr'>unus</span> <span class='ocrx_word' id='word_1_25' title='bbox 965 475 1192 522; x_wconf 81' lang='lat' dir='ltr'>vinxerat</span> <span class='ocrx_word' id='word_1_26' title='bbox 1231 477 1574 539; x_wconf 75' lang='lat' dir='ltr'>germanitatis</span> <span class='ocrx_word' id='word_1_27' title='bbox 1608 478 1827 526; x_wconf 85' lang='lat' dir='ltr'>adfectus</span> 
     </span>
     <span class='ocr_line' id='line_1_5' title="bbox 138 545 1826 610; baseline 0.004 -17"><span class='ocrx_word' id='word_1_28' title='bbox 138 562 293 593; x_wconf 90' lang='lat' dir='ltr'>unum</span> <span class='ocrx_word' id='word_1_29' title='bbox 339 561 492 610; x_wconf 90' lang='lat' dir='ltr'>genus</span> <span class='ocrx_word' id='word_1_30' title='bbox 540 545 736 605; x_wconf 90' lang='lat' dir='ltr'>mortis,</span> <span class='ocrx_word' id='word_1_31' title='bbox 777 546 946 593; x_wconf 90' lang='lat' dir='ltr'>eadem</span> <span class='ocrx_word' id='word_1_32' title='bbox 995 549 1141 594; x_wconf 90' lang='lat' dir='ltr'>simul</span> <span class='ocrx_word' id='word_1_33' title='bbox 1187 553 1438 597; x_wconf 88' lang='lat' dir='ltr'>momenta</span> <span class='ocrx_word' id='word_1_34' title='bbox 1485 558 1826 600; x_wconf 81' lang='lat' dir='ltr'><strong>consumerent</strong></span> 
     </span>
     <span class='ocr_line' id='line_1_6' title="bbox 93 619 1828 682; baseline 0.002 -13"><span class='ocrx_word' id='word_1_35' title='bbox 93 637 114 669; x_wconf 81' lang='lat'>5</span> <span class='ocrx_word' id='word_1_36' title='bbox 138 620 439 682; x_wconf 83' lang='lat' dir='ltr'>perindeque</span> <span class='ocrx_word' id='word_1_37' title='bbox 493 619 633 667; x_wconf 90' lang='lat' dir='ltr'>fieret</span> <span class='ocrx_word' id='word_1_38' title='bbox 686 622 743 666; x_wconf 91' lang='lat' dir='ltr'>ut</span> <span class='ocrx_word' id='word_1_39' title='bbox 798 621 956 667; x_wconf 87' lang='lat' dir='ltr'>altera</span> <span class='ocrx_word' id='word_1_40' title='bbox 1011 621 1215 668; x_wconf 88' lang='lat' dir='ltr'>alterius</span> <span class='ocrx_word' id='word_1_41' title='bbox 1271 622 1447 670; x_wconf 90' lang='lat' dir='ltr'>durum</span> <span class='ocrx_word' id='word_1_42' title='bbox 1494 641 1590 672; x_wconf 90' lang='lat' dir='ltr'>non</span> <span class='ocrx_word' id='word_1_43' title='bbox 1637 625 1828 674; x_wconf 81' lang='lat' dir='ltr'>videret</span> 
     </span>
     <span class='ocr_line' id='line_1_7' title="bbox 138 693 1825 760; baseline 0.004 -20"><span class='ocrx_word' id='word_1_44' title='bbox 138 695 356 741; x_wconf 85' lang='lat' dir='ltr'>exitium.</span> <span class='ocrx_word' id='word_1_45' title='bbox 436 693 575 741; x_wconf 89' lang='lat' dir='ltr'>addit</span> <span class='ocrx_word' id='word_1_46' title='bbox 622 693 743 750; x_wconf 85' lang='lat' dir='ltr'>alia,</span> <span class='ocrx_word' id='word_1_47' title='bbox 797 696 854 740; x_wconf 87' lang='lat' dir='ltr'>ut</span> <span class='ocrx_word' id='word_1_48' title='bbox 907 696 1065 757; x_wconf 90' lang='lat' dir='ltr'>magis</span> <span class='ocrx_word' id='word_1_49' title='bbox 1121 696 1374 744; x_wconf 75' lang='lat' dir='ltr'>exacerbet</span> <span class='ocrx_word' id='word_1_50' title='bbox 1428 714 1555 759; x_wconf 87' lang='lat' dir='ltr'>quae</span> <span class='ocrx_word' id='word_1_51' title='bbox 1602 701 1825 760; x_wconf 88' lang='lat' dir='ltr'>superius</span> 
     </span>
     <span class='ocr_line' id='line_1_8' title="bbox 137 767 1915 835; baseline 0.003 -21"><span class='ocrx_word' id='word_1_52' title='bbox 137 767 283 816; x_wconf 83' lang='lat' dir='ltr'>dixit:</span> <span class='ocrx_word' id='word_1_53' title='bbox 322 769 398 816; x_wconf 78' lang='lat' dir='ltr'>his</span> <span class='ocrx_word' id='word_1_54' title='bbox 439 770 582 815; x_wconf 78' lang='lat' dir='ltr'>etiam</span> <span class='ocrx_word' id='word_1_55' title='bbox 619 769 777 814; x_wconf 72' lang='lat' dir='ltr'>struxi</span> <span class='ocrx_word' id='word_1_56' title='bbox 814 769 1054 815; x_wconf 70' lang='lat' dir='ltr'>manibus.</span> <span class='ocrx_word' id='word_1_57' title='bbox 1134 770 1264 830; x_wconf 86' lang='lat' dir='ltr'>quod</span> <span class='ocrx_word' id='word_1_58' title='bbox 1306 773 1380 818; x_wconf 92' lang='lat' dir='ltr'>est</span> <span class='ocrx_word' id='word_1_59' title='bbox 1418 771 1654 835; x_wconf 84' lang='lat' dir='ltr'>deterius,</span> <span class='ocrx_word' id='word_1_60' title='bbox 1694 772 1809 820; x_wconf 89' lang='lat' dir='ltr'>dum</span> <span class='ocrx_word' id='word_1_61' title='bbox 1828 780 1915 820; x_wconf 87' lang='lat'>680</span> 
     </span>
     <span class='ocr_line' id='line_1_9' title="bbox 134 841 1823 908; baseline 0.003 -19"><span class='ocrx_word' id='word_1_62' title='bbox 134 842 243 902; x_wconf 88' lang='lat' dir='ltr'>tibi,</span> <span class='ocrx_word' id='word_1_63' title='bbox 282 843 462 904; x_wconf 89' lang='lat' dir='ltr'>inquit,</span> <span class='ocrx_word' id='word_1_64' title='bbox 510 857 753 903; x_wconf 90' lang='lat' dir='ltr'>praeparo</span> <span class='ocrx_word' id='word_1_65' title='bbox 792 841 958 888; x_wconf 91' lang='lat' dir='ltr'>nescia</span> <span class='ocrx_word' id='word_1_66' title='bbox 999 858 1123 902; x_wconf 87' lang='lat' dir='ltr'>quae</span> <span class='ocrx_word' id='word_1_67' title='bbox 1164 843 1370 891; x_wconf 87' lang='lat' dir='ltr'>exitium</span> <span class='ocrx_word' id='word_1_68' title='bbox 1408 848 1553 892; x_wconf 90' lang='lat' dir='ltr'>tuum</span> <span class='ocrx_word' id='word_1_69' title='bbox 1593 847 1823 908; x_wconf 88' lang='lat' dir='ltr'>conplere</span> 
     </span>
     <span class='ocr_line' id='line_1_10' title="bbox 135 915 1824 979; baseline 0.002 -16"><span class='ocrx_word' id='word_1_70' title='bbox 135 915 431 978; x_wconf 88' lang='lat' dir='ltr'>potuissent,</span> <span class='ocrx_word' id='word_1_71' title='bbox 456 931 632 963; x_wconf 89' lang='lat' dir='ltr'>manus</span> <span class='ocrx_word' id='word_1_72' title='bbox 656 930 790 962; x_wconf 87' lang='lat' dir='ltr'>meas</span> <span class='ocrx_word' id='word_1_73' title='bbox 813 915 1071 976; x_wconf 89' lang='lat' dir='ltr'>parricidii</span> <span class='ocrx_word' id='word_1_74' title='bbox 1097 918 1298 964; x_wconf 88' lang='lat' dir='ltr'>crimine</span> <span class='ocrx_word' id='word_1_75' title='bbox 1323 918 1560 979; x_wconf 77' lang='lat' dir='ltr'><strong>polluisti.</strong></span> <span class='ocrx_word' id='word_1_76' title='bbox 1611 922 1824 979; x_wconf 77' lang='lat' dir='ltr'>patrios·</span> 
     </span>
     <span class='ocr_line' id='line_1_11' title="bbox 68 989 1822 1053; baseline 0.002 -15"><span class='ocrx_word' id='word_1_77' title='bbox 68 1007 112 1038; x_wconf 85' lang='lat'>10</span> <span class='ocrx_word' id='word_1_78' title='bbox 135 1004 226 1049; x_wconf 80' lang='lat' dir='ltr'>que</span> <span class='ocrx_word' id='word_1_79' title='bbox 262 992 429 1038; x_wconf 76' lang='lat' dir='ltr'>vocavi</span> <span class='ocrx_word' id='word_1_80' title='bbox 475 1003 584 1037; x_wconf 78' lang='lat' dir='ltr'>voce</span> <span class='ocrx_word' id='word_1_81' title='bbox 631 990 766 1037; x_wconf 84' lang='lat' dir='ltr'>deos:</span> <span class='ocrx_word' id='word_1_82' title='bbox 821 992 870 1036; x_wconf 89' lang='lat' dir='ltr'>et</span> <span class='ocrx_word' id='word_1_83' title='bbox 908 1006 968 1036; x_wconf 91' lang='lat' dir='ltr'>ne</span> <span class='ocrx_word' id='word_1_84' title='bbox 1016 989 1206 1038; x_wconf 79' lang='lat' dir='ltr'>deesset</span> <span class='ocrx_word' id='word_1_85' title='bbox 1254 992 1442 1053; x_wconf 86' lang='lat' dir='ltr'>aliquid</span> <span class='ocrx_word' id='word_1_86' title='bbox 1489 994 1680 1053; x_wconf 83' lang='lat' dir='ltr'>sceleri,</span> <span class='ocrx_word' id='word_1_87' title='bbox 1728 993 1822 1041; x_wconf 85' lang='lat' dir='ltr'>diis</span> 
     </span>
     <span class='ocr_line' id='line_1_12' title="bbox 133 1063 1823 1127; baseline 0.003 -17"><span class='ocrx_word' id='word_1_88' title='bbox 133 1063 343 1111; x_wconf 87' lang='lat' dir='ltr'>testibus</span> <span class='ocrx_word' id='word_1_89' title='bbox 383 1063 561 1125; x_wconf 88' lang='lat' dir='ltr'>patriis</span> <span class='ocrx_word' id='word_1_90' title='bbox 600 1064 700 1110; x_wconf 89' lang='lat' dir='ltr'>ista</span> <span class='ocrx_word' id='word_1_91' title='bbox 740 1063 975 1124; x_wconf 82' lang='lat' dir='ltr'>conposui</span> <span class='ocrx_word' id='word_1_92' title='bbox 1017 1067 1079 1123; x_wconf 91' lang='lat' dir='ltr'>et,</span> <span class='ocrx_word' id='word_1_93' title='bbox 1112 1080 1221 1111; x_wconf 89' lang='lat' dir='ltr'>cum</span> <span class='ocrx_word' id='word_1_94' title='bbox 1262 1065 1529 1113; x_wconf 86' lang='lat' dir='ltr'>arbitrarer</span> <span class='ocrx_word' id='word_1_95' title='bbox 1559 1067 1823 1127; x_wconf 86' lang='lat' dir='ltr'>profutura</span> 
     </span>
     <span class='ocr_line' id='line_1_13' title="bbox 134 1137 1820 1204; baseline 0.002 -20"><span class='ocrx_word' id='word_1_96' title='bbox 134 1137 283 1184; x_wconf 88' lang='lat' dir='ltr'>saluti</span> <span class='ocrx_word' id='word_1_97' title='bbox 323 1140 439 1185; x_wconf 91' lang='lat' dir='ltr'>tuae</span> <span class='ocrx_word' id='word_1_98' title='bbox 476 1153 604 1198; x_wconf 89' lang='lat' dir='ltr'>qnae</span> <span class='ocrx_word' id='word_1_99' title='bbox 634 1138 880 1185; x_wconf 85' lang='lat' dir='ltr'>instanter</span> <span class='ocrx_word' id='word_1_100' title='bbox 909 1137 1175 1198; x_wconf 89' lang='lat' dir='ltr'>inplebam,</span> <span class='ocrx_word' id='word_1_101' title='bbox 1208 1138 1402 1186; x_wconf 89' lang='lat' dir='ltr'>eosdem</span> <span class='ocrx_word' id='word_1_102' title='bbox 1432 1141 1565 1200; x_wconf 92' lang='lat' dir='ltr'>ipsos</span> <span class='ocrx_word' id='word_1_103' title='bbox 1597 1141 1820 1204; x_wconf 87' lang='lat' dir='ltr'>gerendis</span> 
     </span>
     <span class='ocr_line' id='line_1_14' title="bbox 132 1210 1821 1271; baseline 0.002 -13"><span class='ocrx_word' id='word_1_104' title='bbox 132 1211 277 1259; x_wconf 88' lang='lat' dir='ltr'>rebus</span> <span class='ocrx_word' id='word_1_105' title='bbox 316 1212 539 1259; x_wconf 87' lang='lat' dir='ltr'>fautores</span> <span class='ocrx_word' id='word_1_106' title='bbox 580 1210 798 1258; x_wconf 87' lang='lat' dir='ltr'>adhibui.</span> <span class='ocrx_word' id='word_1_107' title='bbox 857 1213 927 1258; x_wconf 74' lang='lat' dir='ltr'>sie</span> <span class='ocrx_word' id='word_1_108' title='bbox 966 1215 1008 1258; x_wconf 77' lang='lat' dir='ltr'>te</span> <span class='ocrx_word' id='word_1_109' title='bbox 1046 1215 1099 1258; x_wconf 75' lang='lat' dir='ltr'>ut</span> <span class='ocrx_word' id='word_1_110' title='bbox 1127 1214 1293 1271; x_wconf 69' lang='lat' dir='ltr'>posita</span> <span class='ocrx_word' id='word_1_111' title='bbox 1332 1214 1539 1261; x_wconf 72' lang='lat' dir='ltr'>crudelis</span> <span class='ocrx_word' id='word_1_112' title='bbox 1578 1215 1821 1262; x_wconf 78' lang='lat' dir='ltr'>abessem?</span> 
     </span>
     <span class='ocr_line' id='line_1_15' title="bbox 24 1284 1818 1348; baseline 0.002 -17"><span class='ocrx_word' id='word_1_113' title='bbox 24 1324 37 1331; x_wconf 91' lang='lat'>-</span> <span class='ocrx_word' id='word_1_114' title='bbox 133 1287 184 1333; x_wconf 90' lang='lat' dir='ltr'>et</span> <span class='ocrx_word' id='word_1_115' title='bbox 221 1286 314 1332; x_wconf 90' lang='lat' dir='ltr'>hoc</span> <span class='ocrx_word' id='word_1_116' title='bbox 355 1285 568 1347; x_wconf 90' lang='lat' dir='ltr'>amplius</span> <span class='ocrx_word' id='word_1_117' title='bbox 606 1285 794 1346; x_wconf 86' lang='lat' dir='ltr'>infelix,</span> <span class='ocrx_word' id='word_1_118' title='bbox 835 1284 964 1346; x_wconf 93' lang='lat' dir='ltr'>quod</span> <span class='ocrx_word' id='word_1_119' title='bbox 1006 1285 1057 1331; x_wconf 90' lang='lat' dir='ltr'>in</span> <span class='ocrx_word' id='word_1_120' title='bbox 1096 1286 1173 1333; x_wconf 90' lang='lat' dir='ltr'>his</span> <span class='ocrx_word' id='word_1_121' title='bbox 1213 1288 1261 1332; x_wconf 92' lang='lat' dir='ltr'>te</span> <span class='ocrx_word' id='word_1_122' title='bbox 1302 1286 1493 1334; x_wconf 84' lang='lat' dir='ltr'>casibus</span> <span class='ocrx_word' id='word_1_123' title='bbox 1532 1289 1697 1348; x_wconf 87' lang='lat' dir='ltr'>posita</span> <span class='ocrx_word' id='word_1_124' title='bbox 1736 1288 1818 1335; x_wconf 86' lang='lat' dir='ltr'>ab·</span> 
     </span>
     <span class='ocr_line' id='line_1_16' title="bbox 65 1359 1819 1423; baseline 0 -14"><span class='ocrx_word' id='word_1_125' title='bbox 65 1377 108 1409; x_wconf 80' lang='lat'>15</span> <span class='ocrx_word' id='word_1_126' title='bbox 130 1359 206 1406; x_wconf 90' lang='lat' dir='ltr'>fui</span> <span class='ocrx_word' id='word_1_127' title='bbox 245 1375 335 1423; x_wconf 91' lang='lat' dir='ltr'>ego</span> <span class='ocrx_word' id='word_1_128' title='bbox 375 1359 586 1407; x_wconf 89' lang='lat' dir='ltr'>crudelis</span> <span class='ocrx_word' id='word_1_129' title='bbox 627 1362 676 1406; x_wconf 92' lang='lat' dir='ltr'>et</span> <span class='ocrx_word' id='word_1_130' title='bbox 715 1374 876 1408; x_wconf 83' lang='lat' dir='ltr'>saeva.</span> <span class='ocrx_word' id='word_1_131' title='bbox 947 1362 1145 1407; x_wconf 72' lang='lat' dir='ltr'>extinoeti</span> <span class='ocrx_word' id='word_1_132' title='bbox 1186 1363 1226 1408; x_wconf 73' lang='lat' dir='ltr'>te</span> <span class='ocrx_word' id='word_1_133' title='bbox 1264 1375 1441 1420; x_wconf 78' lang='lat' dir='ltr'>meque,</span> <span class='ocrx_word' id='word_1_134' title='bbox 1480 1375 1630 1422; x_wconf 61' lang='lat' dir='ltr'>soror,</span> <span class='ocrx_word' id='word_1_135' title='bbox 1661 1377 1819 1421; x_wconf 77' lang='lat' dir='ltr'>popu-</span> 
     </span>
     <span class='ocr_line' id='line_1_17' title="bbox 130 1433 1817 1494; baseline 0.002 -14"><span class='ocrx_word' id='word_1_136' title='bbox 130 1434 324 1493; x_wconf 78' lang='lat' dir='ltr'>lwmque</span> <span class='ocrx_word' id='word_1_137' title='bbox 368 1437 624 1494; x_wconf 78' lang='lat' dir='ltr'>patresque</span> <span class='ocrx_word' id='word_1_138' title='bbox 672 1433 898 1481; x_wconf 75' lang='lat' dir='ltr'>Sidonios</span> <span class='ocrx_word' id='word_1_139' title='bbox 943 1434 1201 1493; x_wconf 77' lang='lat' dir='ltr'>urbemque</span> <span class='ocrx_word' id='word_1_140' title='bbox 1250 1438 1409 1482; x_wconf 82' lang='lat' dir='ltr'>tuam:</span> <span class='ocrx_word' id='word_1_141' title='bbox 1470 1436 1521 1481; x_wconf 88' lang='lat' dir='ltr'>in</span> <span class='ocrx_word' id='word_1_142' title='bbox 1577 1450 1817 1483; x_wconf 88' lang='lat' dir='ltr'>summam</span> 
     </span>
     <span class='ocr_line' id='line_1_18' title="bbox 131 1507 1815 1571; baseline 0 -16"><span class='ocrx_word' id='word_1_143' title='bbox 131 1507 334 1571; x_wconf 87' lang='lat' dir='ltr'>collegit</span> <span class='ocrx_word' id='word_1_144' title='bbox 384 1523 510 1570; x_wconf 90' lang='lat' dir='ltr'>quae</span> <span class='ocrx_word' id='word_1_145' title='bbox 562 1507 698 1554; x_wconf 90' lang='lat' dir='ltr'>mala</span> <span class='ocrx_word' id='word_1_146' title='bbox 753 1509 923 1554; x_wconf 86' lang='lat' dir='ltr'>exorta</span> <span class='ocrx_word' id='word_1_147' title='bbox 978 1508 1078 1555; x_wconf 90' lang='lat' dir='ltr'>sint</span> <span class='ocrx_word' id='word_1_148' title='bbox 1130 1507 1220 1554; x_wconf 89' lang='lat' dir='ltr'>illa</span> <span class='ocrx_word' id='word_1_149' title='bbox 1272 1511 1491 1568; x_wconf 83' lang='lat' dir='ltr'>mortua,</span> <span class='ocrx_word' id='word_1_150' title='bbox 1546 1509 1815 1570; x_wconf 78' lang='lat' dir='ltr'>extinxisti,</span> 
     </span>
     <span class='ocr_line' id='line_1_19' title="bbox 128 1581 1815 1644; baseline 0.001 -16"><span class='ocrx_word' id='word_1_151' title='bbox 128 1582 308 1644; x_wconf 90' lang='lat' dir='ltr'>inquit,</span> <span class='ocrx_word' id='word_1_152' title='bbox 339 1583 403 1644; x_wconf 90' lang='lat' dir='ltr'>te,</span> <span class='ocrx_word' id='word_1_153' title='bbox 435 1597 588 1642; x_wconf 89' lang='lat' dir='ltr'>soror,</span> <span class='ocrx_word' id='word_1_154' title='bbox 621 1584 670 1629; x_wconf 91' lang='lat' dir='ltr'>et</span> <span class='ocrx_word' id='word_1_155' title='bbox 699 1597 793 1643; x_wconf 91' lang='lat' dir='ltr'>me,</span> <span class='ocrx_word' id='word_1_156' title='bbox 827 1581 1079 1629; x_wconf 87' lang='lat' dir='ltr'>extinxisti</span> <span class='ocrx_word' id='word_1_157' title='bbox 1106 1582 1360 1642; x_wconf 88' lang='lat' dir='ltr'>populum,</span> <span class='ocrx_word' id='word_1_158' title='bbox 1384 1582 1476 1629; x_wconf 89' lang='lat' dir='ltr'>hoc</span> <span class='ocrx_word' id='word_1_159' title='bbox 1512 1585 1586 1630; x_wconf 90' lang='lat' dir='ltr'>est</span> <span class='ocrx_word' id='word_1_160' title='bbox 1608 1582 1815 1643; x_wconf 83' lang='lat' dir='ltr'>plebem,</span> 
     </span>
     <span class='ocr_line' id='line_1_20' title="bbox 128 1655 1814 1718; baseline 0.001 -16"><span class='ocrx_word' id='word_1_161' title='bbox 128 1658 394 1718; x_wconf 89' lang='lat' dir='ltr'>patresque</span> <span class='ocrx_word' id='word_1_162' title='bbox 427 1655 656 1704; x_wconf 85' lang='lat' dir='ltr'>Sidonios</span> <span class='ocrx_word' id='word_1_163' title='bbox 695 1656 965 1716; x_wconf 89' lang='lat' dir='ltr'>urbemque</span> <span class='ocrx_word' id='word_1_164' title='bbox 1004 1659 1142 1702; x_wconf 88' lang='lat' dir='ltr'>tuam</span> <span class='ocrx_word' id='word_1_165' title='bbox 1180 1657 1266 1703; x_wconf 89' lang='lat' dir='ltr'>tuo</span> <span class='ocrx_word' id='word_1_166' title='bbox 1305 1657 1511 1702; x_wconf 87' lang='lat' dir='ltr'>interitu</span> <span class='ocrx_word' id='word_1_167' title='bbox 1541 1655 1814 1717; x_wconf 86' lang='lat' dir='ltr'>perdidisti.</span> 
     </span>
     <span class='ocr_line' id='line_1_21' title="bbox 61 1729 1813 1793; baseline -0.002 -14"><span class='ocrx_word' id='word_1_168' title='bbox 61 1747 104 1779; x_wconf 72' lang='lat'>20</span> <span class='ocrx_word' id='word_1_169' title='bbox 127 1745 262 1777; x_wconf 90' lang='lat' dir='ltr'>more</span> <span class='ocrx_word' id='word_1_170' title='bbox 300 1731 517 1778; x_wconf 90' lang='lat' dir='ltr'>humano</span> <span class='ocrx_word' id='word_1_171' title='bbox 544 1729 797 1793; x_wconf 91' lang='lat' dir='ltr'>Vergilius</span> <span class='ocrx_word' id='word_1_172' title='bbox 837 1730 1119 1793; x_wconf 89' lang='lat' dir='ltr'>plangentis</span> <span class='ocrx_word' id='word_1_173' title='bbox 1159 1729 1418 1790; x_wconf 87' lang='lat' dir='ltr'>descripsit</span> <span class='ocrx_word' id='word_1_174' title='bbox 1457 1729 1703 1777; x_wconf 87' lang='lat' dir='ltr'>adfectum</span> <span class='ocrx_word' id='word_1_175' title='bbox 1742 1729 1813 1776; x_wconf 85' lang='lat' dir='ltr'>di-</span> 
     </span>
     <span class='ocr_line' id='line_1_22' title="bbox 127 1802 1816 1864; baseline 0 -14"><span class='ocrx_word' id='word_1_176' title='bbox 127 1803 280 1852; x_wconf 89' lang='lat' dir='ltr'>cendo</span> <span class='ocrx_word' id='word_1_177' title='bbox 320 1804 491 1852; x_wconf 89' lang='lat' dir='ltr'>eadem</span> <span class='ocrx_word' id='word_1_178' title='bbox 530 1819 607 1852; x_wconf 94' lang='lat' dir='ltr'>me</span> <span class='ocrx_word' id='word_1_179' title='bbox 644 1803 707 1851; x_wconf 86' lang='lat' dir='ltr'>ad</span> <span class='ocrx_word' id='word_1_180' title='bbox 737 1804 846 1851; x_wconf 90' lang='lat' dir='ltr'>fata</span> <span class='ocrx_word' id='word_1_181' title='bbox 876 1818 1116 1864; x_wconf 86' lang='lat' dir='ltr'>vocasses,</span> <span class='ocrx_word' id='word_1_182' title='bbox 1146 1802 1278 1850; x_wconf 90' lang='lat' dir='ltr'>idem</span> <span class='ocrx_word' id='word_1_183' title='bbox 1310 1802 1481 1851; x_wconf 90' lang='lat' dir='ltr'>ambas</span> <span class='ocrx_word' id='word_1_184' title='bbox 1514 1804 1642 1850; x_wconf 88' lang='lat' dir='ltr'>ferro</span> <span class='ocrx_word' id='word_1_185' title='bbox 1674 1803 1816 1851; x_wconf 92' lang='lat' dir='ltr'>dolor</span> 
     </span>
     <span class='ocr_line' id='line_1_23' title="bbox 127 1876 1814 1939; baseline 0 -14"><span class='ocrx_word' id='word_1_186' title='bbox 127 1880 278 1939; x_wconf 90' lang='lat' dir='ltr'>atque</span> <span class='ocrx_word' id='word_1_187' title='bbox 325 1877 498 1926; x_wconf 85' lang='lat' dir='ltr'>eadem</span> <span class='ocrx_word' id='word_1_188' title='bbox 542 1878 667 1926; x_wconf 90' lang='lat' dir='ltr'>hora</span> <span class='ocrx_word' id='word_1_189' title='bbox 710 1878 932 1925; x_wconf 89' lang='lat' dir='ltr'>tulisset:</span> <span class='ocrx_word' id='word_1_190' title='bbox 994 1877 1120 1924; x_wconf 85' lang='lat' dir='ltr'>dixit</span> <span class='ocrx_word' id='word_1_191' title='bbox 1163 1877 1254 1924; x_wconf 89' lang='lat' dir='ltr'>illa</span> <span class='ocrx_word' id='word_1_192' title='bbox 1300 1876 1430 1938; x_wconf 85' lang='lat' dir='ltr'>quod</span> <span class='ocrx_word' id='word_1_193' title='bbox 1476 1878 1670 1924; x_wconf 85' lang='lat' dir='ltr'>factura</span> <span class='ocrx_word' id='word_1_194' title='bbox 1715 1892 1814 1925; x_wconf 91' lang='lat' dir='ltr'>non</span> 
     </span>
     <span class='ocr_line' id='line_1_24' title="bbox 125 1950 1814 2014; baseline 0 -16"><span class='ocrx_word' id='word_1_195' title='bbox 125 1952 311 2013; x_wconf 88' lang='lat' dir='ltr'>fuerat,</span> <span class='ocrx_word' id='word_1_196' title='bbox 360 1954 599 2014; x_wconf 86' lang='lat' dir='ltr'>ceterum,</span> <span class='ocrx_word' id='word_1_197' title='bbox 646 1953 690 2001; x_wconf 92' lang='lat' dir='ltr'>si</span> <span class='ocrx_word' id='word_1_198' title='bbox 734 1952 960 1999; x_wconf 88' lang='lat' dir='ltr'>futurum</span> <span class='ocrx_word' id='word_1_199' title='bbox 1006 1950 1210 2012; x_wconf 89' lang='lat' dir='ltr'>diceret,</span> <span class='ocrx_word' id='word_1_200' title='bbox 1259 1966 1372 1998; x_wconf 91' lang='lat' dir='ltr'>mox</span> <span class='ocrx_word' id='word_1_201' title='bbox 1419 1965 1522 1998; x_wconf 90' lang='lat' dir='ltr'>sese</span> <span class='ocrx_word' id='word_1_202' title='bbox 1566 1950 1814 2014; x_wconf 80' lang='lat' dir='ltr'>iugularet</span> 
     </span>
     <span class='ocr_line' id='line_1_25' title="bbox 124 2023 1813 2090; baseline -0.001 -17"><span class='ocrx_word' id='word_1_203' title='bbox 124 2025 312 2074; x_wconf 90' lang='lat' dir='ltr'>habens</span> <span class='ocrx_word' id='word_1_204' title='bbox 353 2026 660 2074; x_wconf 86' lang='lat' dir='ltr'>occasionem</span> <span class='ocrx_word' id='word_1_205' title='bbox 700 2025 857 2090; x_wconf 85' lang='lat' dir='ltr'>gladii</span> <span class='ocrx_word' id='word_1_206' title='bbox 905 2040 1001 2086; x_wconf 94' lang='lat' dir='ltr'>quo</span> <span class='ocrx_word' id='word_1_207' title='bbox 1047 2026 1264 2087; x_wconf 87' lang='lat' dir='ltr'>perierat</span> <span class='ocrx_word' id='word_1_208' title='bbox 1311 2039 1461 2072; x_wconf 89' lang='lat' dir='ltr'>soror.</span> <span class='ocrx_word' id='word_1_209' title='bbox 1540 2023 1670 2079; x_wconf 79' lang='lat' dir='ltr'>date,</span> <span class='ocrx_word' id='word_1_210' title='bbox 1708 2025 1813 2072; x_wconf 79' lang='lat' dir='ltr'>vul-</span> 
     </span>
     <span class='ocr_line' id='line_1_26' title="bbox 58 2098 1810 2162; baseline -0.003 -13"><span class='ocrx_word' id='word_1_211' title='bbox 58 2117 100 2150; x_wconf 78' lang='lat'>25</span> <span class='ocrx_word' id='word_1_212' title='bbox 124 2114 245 2148; x_wconf 75' lang='lat' dir='ltr'>nera</span> <span class='ocrx_word' id='word_1_213' title='bbox 291 2101 500 2162; x_wconf 71' lang='lat' dir='ltr'>lymphis</span> <span class='ocrx_word' id='word_1_214' title='bbox 545 2100 771 2148; x_wconf 58' lang='lat' dir='ltr'>abluam.-</span> <span class='ocrx_word' id='word_1_215' title='bbox 823 2099 916 2147; x_wconf 93' lang='lat' dir='ltr'>hoc</span> <span class='ocrx_word' id='word_1_216' title='bbox 955 2099 1053 2146; x_wconf 82' lang='lat' dir='ltr'>fuit</span> <span class='ocrx_word' id='word_1_217' title='bbox 1092 2098 1224 2160; x_wconf 91' lang='lat' dir='ltr'>quod</span> <span class='ocrx_word' id='word_1_218' title='bbox 1261 2098 1493 2146; x_wconf 85' lang='lat' dir='ltr'>morienti</span> <span class='ocrx_word' id='word_1_219' title='bbox 1531 2098 1696 2159; x_wconf 88' lang='lat' dir='ltr'>potuit</span> <span class='ocrx_word' id='word_1_220' title='bbox 1733 2113 1810 2146; x_wconf 81' lang='lat' dir='ltr'>ex-</span> 
     </span>
     <span class='ocr_line' id='line_1_27' title="bbox 124 2171 1813 2236; baseline -0.001 -15"><span class='ocrx_word' id='word_1_221' title='bbox 124 2173 297 2236; x_wconf 90' lang='lat' dir='ltr'>hiberi,</span> <span class='ocrx_word' id='word_1_222' title='bbox 335 2174 506 2222; x_wconf 83' lang='lat' dir='ltr'>lavare</span> <span class='ocrx_word' id='word_1_223' title='bbox 546 2174 753 2222; x_wconf 90' lang='lat' dir='ltr'>vulnera</span> <span class='ocrx_word' id='word_1_224' title='bbox 790 2175 907 2235; x_wconf 87' lang='lat' dir='ltr'>post</span> <span class='ocrx_word' id='word_1_225' title='bbox 947 2172 1206 2221; x_wconf 89' lang='lat' dir='ltr'>verborum</span> <span class='ocrx_word' id='word_1_226' title='bbox 1244 2171 1405 2219; x_wconf 90' lang='lat' dir='ltr'>finem.</span> <span class='ocrx_word' id='word_1_227' title='bbox 1481 2174 1535 2225; x_wconf 83' lang='lat' dir='ltr'>et,</span> <span class='ocrx_word' id='word_1_228' title='bbox 1577 2175 1813 2219; x_wconf 75' lang='lat' dir='ltr'>extremus</span> 
     </span>
     <span class='ocr_line' id='line_1_28' title="bbox 32 2245 1898 2308; baseline -0.003 -13"><span class='ocrx_word' id='word_1_229' title='bbox 32 2263 34 2265; x_wconf 70' lang='grc'>’</span> <span class='ocrx_word' id='word_1_230' title='bbox 123 2250 276 2308; x_wconf 76' lang='lat' dir='ltr'>siquis</span> <span class='ocrx_word' id='word_1_231' title='bbox 314 2262 462 2308; x_wconf 72' lang='lat' dir='ltr'>super</span> <span class='ocrx_word' id='word_1_232' title='bbox 497 2249 679 2296; x_wconf 78' lang='lat' dir='ltr'>halitus</span> <span class='ocrx_word' id='word_1_233' title='bbox 718 2251 863 2303; x_wconf 80' lang='lat' dir='ltr'>errat,</span> <span class='ocrx_word' id='word_1_234' title='bbox 896 2261 978 2295; x_wconf 86' lang='lat' dir='ltr'>ore</span> <span class='ocrx_word' id='word_1_235' title='bbox 1009 2248 1187 2306; x_wconf 75' lang='lat' dir='ltr'>leyam:</span> <span class='ocrx_word' id='word_1_236' title='bbox 1225 2246 1483 2294; x_wconf 87' lang='lat' dir='ltr'>observare</span> <span class='ocrx_word' id='word_1_237' title='bbox 1515 2246 1645 2292; x_wconf 88' lang='lat' dir='ltr'>enim</span> <span class='ocrx_word' id='word_1_238' title='bbox 1680 2245 1794 2293; x_wconf 89' lang='lat' dir='ltr'>volo</span> <span class='ocrx_word' id='word_1_239' title='bbox 1813 2250 1898 2291; x_wconf 83' lang='lat'>685</span> 
     </span>
     <span class='ocr_line' id='line_1_29' title="bbox 124 2319 1810 2384; baseline -0.001 -16.108"><span class='ocrx_word' id='word_1_240' title='bbox 124 2324 382 2370; x_wconf 84' lang='lat' dir='ltr'>exeuntem</span> <span class='ocrx_word' id='word_1_241' title='bbox 429 2323 681 2384; x_wconf 85' lang='lat' dir='ltr'>spiritum:</span> <span class='ocrx_word' id='word_1_242' title='bbox 742 2322 854 2370; x_wconf 89' lang='lat' dir='ltr'>ideo</span> <span class='ocrx_word' id='word_1_243' title='bbox 900 2321 994 2369; x_wconf 89' lang='lat' dir='ltr'>hoc</span> <span class='ocrx_word' id='word_1_244' title='bbox 1040 2320 1187 2380; x_wconf 84' lang='lat' dir='ltr'>dixit,</span> <span class='ocrx_word' id='word_1_245' title='bbox 1235 2321 1353 2381; x_wconf 82' lang='lat' dir='ltr'>quia</span> <span class='ocrx_word' id='word_1_246' title='bbox 1398 2319 1527 2366; x_wconf 88' lang='lat' dir='ltr'>hunc</span> <span class='ocrx_word' id='word_1_247' title='bbox 1569 2319 1810 2367; x_wconf 83' lang='lat' dir='ltr'>carissimi</span> 
     </span>
     <span class='ocr_line' id='line_1_30' title="bbox 29 2393 1806 2478; baseline -0.002 -35.002"><span class='ocrx_word' id='word_1_248' title='bbox 29 2409 40 2478; x_wconf 55' lang='grc' dir='ltr'><strong><em>ἰ</em></strong></span> <span class='ocrx_word' id='word_1_249' title='bbox 123 2396 355 2460; x_wconf 86' lang='lat' dir='ltr'>colligere</span> <span class='ocrx_word' id='word_1_250' title='bbox 409 2411 460 2444; x_wconf 85' lang='lat' dir='ltr'>se</span> <span class='ocrx_word' id='word_1_251' title='bbox 514 2411 658 2458; x_wconf 87' lang='lat' dir='ltr'>posse</span> <span class='ocrx_word' id='word_1_252' title='bbox 712 2395 1043 2456; x_wconf 88' lang='lat' dir='ltr'>arbitrantur,</span> <span class='ocrx_word' id='word_1_253' title='bbox 1106 2394 1224 2442; x_wconf 88' lang='lat' dir='ltr'>licet</span> <span class='ocrx_word' id='word_1_254' title='bbox 1275 2393 1433 2441; x_wconf 86' lang='lat' dir='ltr'>teneri</span> <span class='ocrx_word' id='word_1_255' title='bbox 1487 2408 1584 2440; x_wconf 92' lang='lat' dir='ltr'>non</span> <span class='ocrx_word' id='word_1_256' title='bbox 1637 2393 1806 2454; x_wconf 86' lang='lat' dir='ltr'>possit.</span> 
     </span>
     <span class='ocr_line' id='line_1_31' title="bbox 54 2466 1807 2534; baseline -0.004 -14"><span class='ocrx_word' id='word_1_257' title='bbox 54 2487 99 2520; x_wconf 69' lang='lat' dir='ltr'>zo</span> <span class='ocrx_word' id='word_1_258' title='bbox 122 2485 207 2518; x_wconf 89' lang='lat' dir='ltr'>ore</span> <span class='ocrx_word' id='word_1_259' title='bbox 251 2470 417 2534; x_wconf 91' lang='lat' dir='ltr'>legam</span> <span class='ocrx_word' id='word_1_260' title='bbox 463 2469 668 2518; x_wconf 87' lang='lat' dir='ltr'>dubium</span> <span class='ocrx_word' id='word_1_261' title='bbox 714 2472 789 2518; x_wconf 89' lang='lat' dir='ltr'>est</span> <span class='ocrx_word' id='word_1_262' title='bbox 833 2472 1002 2517; x_wconf 89' lang='lat' dir='ltr'>utrum</span> <span class='ocrx_word' id='word_1_263' title='bbox 1049 2483 1132 2516; x_wconf 89' lang='lat' dir='ltr'>ore</span> <span class='ocrx_word' id='word_1_264' title='bbox 1178 2482 1266 2516; x_wconf 91' lang='lat' dir='ltr'>suo</span> <span class='ocrx_word' id='word_1_265' title='bbox 1305 2482 1370 2514; x_wconf 90' lang='lat' dir='ltr'>an</span> <span class='ocrx_word' id='word_1_266' title='bbox 1410 2482 1492 2514; x_wconf 89' lang='lat' dir='ltr'>ore</span> <span class='ocrx_word' id='word_1_267' title='bbox 1531 2466 1807 2514; x_wconf 83' lang='lat' dir='ltr'>morientis:</span> 
     </span>
    </p>
   </div>
   <div class='ocr_carea' id='block_1_3' title="bbox 119 2577 475 2586">
    <p class='ocr_par' dir='ltr' id='par_1_3' title="bbox 119 2577 475 2586">
     <span class='ocr_line' id='line_1_32' title="bbox 119 2577 475 2586; baseline 0 0"><span class='ocrx_word' id='word_1_268' title='bbox 119 2577 475 2586; x_wconf 95' lang='lat' dir='ltr'> </span> 
     </span>
    </p>
   </div>
   <div class='ocr_carea' id='block_1_4' title="bbox 58 2633 1804 3104">
    <p class='ocr_par' dir='ltr' id='par_1_4' title="bbox 243 2633 1804 2686">
     <span class='ocr_line' id='line_1_33' title="bbox 243 2633 1804 2686; baseline -0.004 -2"><span class='ocrx_word' id='word_1_269' title='bbox 243 2646 263 2684; x_wconf 92' lang='lat'>1</span> <span class='ocrx_word' id='word_1_270' title='bbox 306 2642 523 2686; x_wconf 76' lang='lat' dir='ltr'>venissem</span> <span class='ocrx_word' id='word_1_271' title='bbox 560 2641 631 2684; x_wconf 90' lang='lat' dir='ltr'>ed.</span> <span class='ocrx_word' id='word_1_272' title='bbox 814 2645 840 2682; x_wconf 89' lang='lat'><strong>3</strong></span> <span class='ocrx_word' id='word_1_273' title='bbox 878 2653 1002 2682; x_wconf 79' lang='lat' dir='ltr'>unus</span> <span class='ocrx_word' id='word_1_274' title='bbox 1039 2637 1112 2681; x_wconf 83' lang='lat' dir='ltr'>bis</span> <span class='ocrx_word' id='word_1_275' title='bbox 1147 2636 1234 2680; x_wconf 87' lang='lat' dir='ltr'>LR</span> <span class='ocrx_word' id='word_1_276' title='bbox 1273 2636 1472 2680; x_wconf 79' lang='lat' dir='ltr'>alterum</span> <span class='ocrx_word' id='word_1_277' title='bbox 1512 2633 1661 2678; x_wconf 85' lang='lat' dir='ltr'>delevi</span> <span class='ocrx_word' id='word_1_278' title='bbox 1699 2647 1804 2678; x_wconf 89' lang='lat' dir='ltr'>cum</span> 
     </span>
    </p>

    <p class='ocr_par' dir='ltr' id='par_1_5' title="bbox 117 2692 1804 3042">
     <span class='ocr_line' id='line_1_34' title="bbox 118 2692 1803 2756; baseline -0.005 -12"><span class='ocrx_word' id='word_1_279' title='bbox 118 2714 144 2743; x_wconf 90' lang='lat'>1·</span> <span class='ocrx_word' id='word_1_280' title='bbox 173 2699 244 2744; x_wconf 84' lang='lat' dir='ltr'>ed.</span> <span class='ocrx_word' id='word_1_281' title='bbox 289 2702 295 2756; x_wconf 91' lang='grc' dir='ltr'>Ι</span> <span class='ocrx_word' id='word_1_282' title='bbox 346 2701 564 2744; x_wconf 77' lang='lat' dir='ltr'>iwnxerat</span> <span class='ocrx_word' id='word_1_283' title='bbox 595 2699 668 2744; x_wconf 87' lang='lat' dir='ltr'>ed.</span> <span class='ocrx_word' id='word_1_284' title='bbox 819 2703 846 2742; x_wconf 84' lang='lat'>5</span> <span class='ocrx_word' id='word_1_285' title='bbox 878 2699 994 2742; x_wconf 84' lang='lat' dir='ltr'>alter</span> <span class='ocrx_word' id='word_1_286' title='bbox 1023 2696 1109 2739; x_wconf 88' lang='lat' dir='ltr'>LR</span> <span class='ocrx_word' id='word_1_287' title='bbox 1139 2697 1284 2740; x_wconf 80' lang='lat' dir='ltr'>altera</span> <span class='ocrx_word' id='word_1_288' title='bbox 1316 2708 1428 2738; x_wconf 88' lang='lat' dir='ltr'>corr.</span> <span class='ocrx_word' id='word_1_289' title='bbox 1454 2693 1524 2737; x_wconf 85' lang='lat' dir='ltr'>ed.</span> <span class='ocrx_word' id='word_1_290' title='bbox 1664 2697 1691 2736; x_wconf 79' lang='lat'><strong>6</strong></span> <span class='ocrx_word' id='word_1_291' title='bbox 1721 2692 1803 2737; x_wconf 82' lang='lat' dir='ltr'>ad·</span> 
     </span>
     <span class='ocr_line' id='line_1_35' title="bbox 118 2750 1804 2810; baseline -0.006 -6"><span class='ocrx_word' id='word_1_292' title='bbox 118 2760 255 2810; x_wconf 75' lang='lat' dir='ltr'>italia</span> <span class='ocrx_word' id='word_1_293' title='bbox 285 2759 335 2803; x_wconf 91' lang='lat' dir='ltr'>L.</span> <span class='ocrx_word' id='word_1_294' title='bbox 489 2763 516 2803; x_wconf 92' lang='lat'>8</span> <span class='ocrx_word' id='word_1_295' title='bbox 547 2759 630 2803; x_wconf 75' lang='lat' dir='ltr'>ubi</span> <span class='ocrx_word' id='word_1_296' title='bbox 658 2757 747 2801; x_wconf 84' lang='lat' dir='ltr'>LR</span> <span class='ocrx_word' id='word_1_297' title='bbox 775 2757 863 2803; x_wconf 80' lang='lat' dir='ltr'>tibi</span> <span class='ocrx_word' id='word_1_298' title='bbox 894 2770 1009 2800; x_wconf 89' lang='lat' dir='ltr'>corr.</span> <span class='ocrx_word' id='word_1_299' title='bbox 1042 2770 1066 2798; x_wconf 90' lang='lat' dir='ltr'>r</span> <span class='ocrx_word' id='word_1_300' title='bbox 1096 2755 1168 2799; x_wconf 85' lang='lat' dir='ltr'>ed.</span> <span class='ocrx_word' id='word_1_301' title='bbox 1315 2758 1370 2797; x_wconf 84' lang='lat'>14</span> <span class='ocrx_word' id='word_1_302' title='bbox 1400 2754 1471 2797; x_wconf 79' lang='lat' dir='ltr'>his</span> <span class='ocrx_word' id='word_1_303' title='bbox 1502 2759 1541 2797; x_wconf 82' lang='lat' dir='ltr'>te</span> <span class='ocrx_word' id='word_1_304' title='bbox 1572 2750 1657 2795; x_wconf 83' lang='lat' dir='ltr'>LR</span> <span class='ocrx_word' id='word_1_305' title='bbox 1684 2751 1804 2795; x_wconf 69' lang='lat' dir='ltr'>hisce</span> 
     </span>
     <span class='ocr_line' id='line_1_36' title="bbox 119 2808 1804 2868; baseline -0.006 -6"><span class='ocrx_word' id='word_1_306' title='bbox 119 2817 191 2862; x_wconf 88' lang='lat' dir='ltr'>ed.</span> <span class='ocrx_word' id='word_1_307' title='bbox 346 2822 401 2862; x_wconf 85' lang='lat'>15</span> <span class='ocrx_word' id='word_1_308' title='bbox 433 2818 624 2863; x_wconf 74' lang='lat' dir='ltr'>extincti</span> <span class='ocrx_word' id='word_1_309' title='bbox 652 2816 689 2860; x_wconf 90' lang='lat' dir='ltr'>L</span> <span class='ocrx_word' id='word_1_310' title='bbox 718 2815 768 2860; x_wconf 87' lang='lat' dir='ltr'>in</span> <span class='ocrx_word' id='word_1_311' title='bbox 801 2816 999 2861; x_wconf 65' lang='lat' dir='ltr'>extima-ti</span> <span class='ocrx_word' id='word_1_312' title='bbox 1029 2827 1143 2859; x_wconf 85' lang='lat' dir='ltr'>corr.</span> <span class='ocrx_word' id='word_1_313' title='bbox 1177 2813 1230 2857; x_wconf 87' lang='lat' dir='ltr'>R.</span> <span class='ocrx_word' id='word_1_314' title='bbox 1384 2815 1439 2856; x_wconf 87' lang='lat'>18</span> <span class='ocrx_word' id='word_1_315' title='bbox 1464 2811 1685 2868; x_wconf 78' lang='lat' dir='ltr'>populum</span> <span class='ocrx_word' id='word_1_316' title='bbox 1717 2808 1804 2852; x_wconf 82' lang='lat' dir='ltr'>LR.</span> 
     </span>
     <span class='ocr_line' id='line_1_37' title="bbox 117 2866 1804 2934; baseline -0.007 -12"><span class='ocrx_word' id='word_1_317' title='bbox 117 2883 159 2922; x_wconf 83' lang='lat' dir='ltr'>et</span> <span class='ocrx_word' id='word_1_318' title='bbox 179 2891 231 2934; x_wconf 80' lang='lat' dir='ltr'>p.</span> <span class='ocrx_word' id='word_1_319' title='bbox 265 2877 336 2922; x_wconf 87' lang='lat' dir='ltr'>ed.</span> <span class='ocrx_word' id='word_1_320' title='bbox 477 2881 531 2920; x_wconf 86' lang='lat'>21</span> <span class='ocrx_word' id='word_1_321' title='bbox 566 2876 696 2922; x_wconf 83' lang='lat' dir='ltr'>dolor</span> <span class='ocrx_word' id='word_1_322' title='bbox 726 2888 815 2920; x_wconf 87' lang='lat' dir='ltr'>om.</span> <span class='ocrx_word' id='word_1_323' title='bbox 841 2874 929 2918; x_wconf 83' lang='lat' dir='ltr'>LR</span> <span class='ocrx_word' id='word_1_324' title='bbox 961 2873 1067 2917; x_wconf 83' lang='lat' dir='ltr'>add.</span> <span class='ocrx_word' id='word_1_325' title='bbox 1099 2887 1124 2916; x_wconf 89' lang='lat' dir='ltr'>r</span> <span class='ocrx_word' id='word_1_326' title='bbox 1154 2872 1226 2916; x_wconf 87' lang='lat' dir='ltr'>ed.</span> <span class='ocrx_word' id='word_1_327' title='bbox 1370 2874 1428 2915; x_wconf 76' lang='lat'>23</span> <span class='ocrx_word' id='word_1_328' title='bbox 1458 2874 1731 2925; x_wconf 68' lang='lat' dir='ltr'>ceteramque</span> <span class='ocrx_word' id='word_1_329' title='bbox 1762 2866 1804 2910; x_wconf 79' lang='lat' dir='ltr'><strong>R</strong></span> 
     </span>
     <span class='ocr_line' id='line_1_38' title="bbox 118 2925 1801 2993; baseline -0.007 -12"><span class='ocrx_word' id='word_1_330' title='bbox 118 2950 202 2993; x_wconf 74' lang='lat' dir='ltr'>que</span> <span class='ocrx_word' id='word_1_331' title='bbox 233 2935 321 2980; x_wconf 87' lang='lat' dir='ltr'>del.</span> <span class='ocrx_word' id='word_1_332' title='bbox 355 2951 391 2980; x_wconf 92' lang='lat' dir='ltr'>r.</span> <span class='ocrx_word' id='word_1_333' title='bbox 530 2939 587 2980; x_wconf 80' lang='lat'>26</span> <span class='ocrx_word' id='word_1_334' title='bbox 618 2940 660 2980; x_wconf 83' lang='lat' dir='ltr'>et</span> <span class='ocrx_word' id='word_1_335' title='bbox 689 2935 739 2978; x_wconf 92' lang='lat' dir='ltr'>in</span> <span class='ocrx_word' id='word_1_336' title='bbox 769 2933 990 2978; x_wconf 81' lang='lat' dir='ltr'>lemmate</span> <span class='ocrx_word' id='word_1_337' title='bbox 1022 2946 1109 2976; x_wconf 89' lang='lat' dir='ltr'>om.</span> <span class='ocrx_word' id='word_1_338' title='bbox 1144 2931 1243 2975; x_wconf 84' lang='lat' dir='ltr'>LR.</span> <span class='ocrx_word' id='word_1_339' title='bbox 1379 2932 1434 2972; x_wconf 77' lang='lat'>27</span> <span class='ocrx_word' id='word_1_340' title='bbox 1467 2929 1610 2973; x_wconf 68' lang='lat' dir='ltr'>alim</span> <span class='ocrx_word' id='word_1_341' title='bbox 1638 2931 1734 2972; x_wconf 74' lang='lat' dir='ltr'>erat</span> <span class='ocrx_word' id='word_1_342' title='bbox 1765 2925 1801 2970; x_wconf 91' lang='lat' dir='ltr'>L</span> 
     </span>
     <span class='ocr_line' id='line_1_39' title="bbox 117 2994 382 3042; baseline -0.004 -2"><span class='ocrx_word' id='word_1_343' title='bbox 117 3010 159 3040; x_wconf 87' lang='lat' dir='ltr'>a.</span> <span class='ocrx_word' id='word_1_344' title='bbox 193 2999 296 3042; x_wconf 85' lang='lat' dir='ltr'>orat</span> <span class='ocrx_word' id='word_1_345' title='bbox 326 2994 382 3039; x_wconf 82' lang='lat' dir='ltr'>R.</span> 
     </span>
    </p>

    <p class='ocr_par' dir='ltr' id='par_1_6' title="bbox 58 3060 1448 3104">
     <span class='ocr_line' id='line_1_40' title="bbox 58 3060 1448 3104; baseline 0.008 -26"><span class='ocrx_word' id='word_1_346' title='bbox 58 3075 59 3078; x_wconf 75' lang='grc'>,</span> <span class='ocrx_word' id='word_1_347' title='bbox 1356 3060 1448 3104; x_wconf 71' lang='lat'>2⁷*</span> 
     </span>
    </p>
   </div>
  </div>
 </body>
</html>
