2014 3226
814 145 1114 190 AENEIDOS
1148 148 1188 190 V
1742 158 1845 206 447

169 277 421 341 spatioque
451 283 580 329 subit
609 282 854 343 Seryestus
890 286 1065 343 linquo,
1098 288 1269 346 inselioe
1306 291 1439 337 saaeis
1480 293 1526 337 e'n
1560 307 1847 351 procurren-

170 355 295 402 tibus
336 356 512 403 haesit:
550 355 666 402 dum
698 357 829 403 inter
861 373 1030 405 saxum
1064 362 1111 406 et
1143 377 1318 409 navem
1353 362 1607 427 Sergestus
1640 369 1847 414 transire

39 419 48 495 ξ
170 428 443 488 contendit,
496 445 594 476 non
650 429 776 477 vidit
831 447 946 478 saxa
1002 438 1340 494 procurrentia
1396 441 1443 484 et
1498 438 1572 485 his
1624 439 1847 487 inhaesit.

40 500 43 515 ¹
168 503 511 564 procurrentia
565 518 684 550 saxa
739 507 853 551 sunt
909 522 1034 566 quae
1093 508 1303 556 latenter
1357 526 1385 556 a
1439 511 1686 560 radicibus
1733 516 1848 561 emi-

36 555 45 604 9
124 592 144 624 5
168 577 330 624 nentis
378 578 485 624 saxi
531 576 581 623 in
629 593 764 625 mare
811 578 1091 627 tenduntur.
1169 582 1288 630 haec
1334 584 1418 631 ille
1468 588 1636 646 utpote
1684 587 1847 635 furens

35 606 46 707 ‚i
167 649 334 698 videre
379 666 478 698 non
523 652 691 712 potuit
737 653 807 712 et,
854 655 910 698 ut
956 652 1142 702 dictum
1189 659 1281 716 est,
1331 658 1500 706 haesit.
1578 674 1833 707 concussae
1852 667 1936 704 ‘205

35 710 40 742 ¹
167 727 350 772 cautes:
404 726 574 772 tantus
622 726 763 772 navis
812 726 1025 786 impetus
1072 730 1283 777 incautis
1324 732 1589 794 remigibus
1628 734 1746 793 fuit,
1793 740 1846 781 ut

166 812 423 859 percussae
473 800 640 846 cautes
688 799 1070 848 intremuissent.
1150 807 1189 850 et
1229 807 1365 851 acuto
1403 807 1453 852 in
1503 809 1683 854 murice
1729 811 1847 855 remi

167 872 330 919 obnixi
376 887 622 932 crepuere:
677 887 787 919 cum
835 872 1002 921 obnixi
1047 877 1193 924 remis
1240 878 1539 927 luctantibus
1578 880 1847 940 tenderent,

100 961 144 994 ιο
169 945 369 1007 inpulsa
415 947 534 993 navi
579 946 855 1007 meritoque
903 964 999 995 non
1050 949 1330 998 cedentibus
1378 954 1507 1000 saxis
1555 959 1847 1015 crepuerunt

165 1020 304 1067 remi.
378 1020 621 1080 inlisaque
672 1035 832 1079 prora
883 1023 1134 1081 pependit:
1195 1041 1362 1084 prora,
1416 1026 1506 1074 hoc
1561 1031 1633 1075 est
1687 1029 1846 1088 prima

164 1108 280 1154 pars
319 1094 477 1154 navis,
517 1109 690 1141 saxum
730 1095 1011 1143 conscendit
1050 1099 1211 1144 cetera
1250 1104 1390 1159 parte
1430 1115 1676 1161 suspensa.
1740 1116 1846 1148 eon-

163 1170 374 1227 surqunt
402 1171 584 1215 nautae
624 1171 667 1214 <t
702 1183 878 1230 niaque
911 1169 1117 1218 clamore
1147 1176 1424 1219 morantur:
1462 1173 1574 1220 dum
1616 1174 1844 1235 clamant,

163 1241 388 1289 fecerunt
410 1257 574 1290 moras
606 1241 723 1289 navi
753 1241 1051 1291 liberandae.
1104 1245 1408 1305 ferratasque
1439 1248 1599 1294 trudes
1631 1252 1672 1295 et
1703 1252 1843 1296 acuta

98 1331 140 1365 1⁶
164 1315 362 1375 cuspide
400 1318 558 1363 contos
591 1316 850 1375 expediunt
877 1319 1149 1378 fractosque
1181 1320 1341 1379 Ieyunt
1370 1321 1420 1367 in
1448 1323 1635 1380 ,quryile
1666 1336 1844 1368 remos:

162 1405 262 1437 non
292 1388 424 1437 idem
456 1390 624 1438 omnia
654 1390 927 1438 faciebant:
966 1407 1178 1453 namque
1211 1393 1298 1440 alii
1331 1393 1652 1455 expediebant
1675 1399 1843 1444 contos

162 1462 447 1511 liberationi
494 1465 636 1512 navis
683 1466 982 1513 necessarios
1022 1469 1070 1513 et
1107 1466 1274 1514 trudes
1315 1467 1404 1514 hoc
1444 1471 1518 1515 est
1557 1467 1732 1530 quibus
1772 1468 1842 1516 in-

161 1536 368 1584 haerens
416 1552 533 1585 saxo
582 1538 777 1585 excludi
814 1539 1069 1602 navigium
1109 1543 1157 1587 et
1194 1543 1462 1589 retrorsum
1500 1544 1719 1589 revocari
1758 1558 1843 1603 po·

162 1612 361 1671 tuisset,
408 1612 497 1659 alii
536 1611 767 1676 legebant
805 1629 1051 1661 remorum
1091 1614 1383 1677 fragmenta.
1459 1614 1605 1662 verbo
1646 1616 1842 1663 nautico

95 1702 140 1734 eo
163 1687 220 1732 ut
258 1685 487 1746 plurimis
526 1686 648 1734 locis
680 1702 796 1735 usus
830 1689 926 1734 est:
965 1703 1080 1734 nam
1111 1687 1273 1750 legere
1304 1688 1472 1735 dicunt
1505 1689 1733 1751 colligere
1766 1690 1842 1736 vel

163 1758 334 1820 aliqua
379 1759 490 1808 loca
536 1760 820 1824 navigando
859 1762 1084 1821 transire,
1122 1764 1178 1809 ut
1219 1755 1291 1828 (3,
1325 1756 1453 1828 532)
1494 1763 1633 1822 „vela
1672 1762 1843 1825 legunt

162 1831 328 1894 socii“‚
358 1833 482 1881 item
513 1827 588 1900 (3,
614 1828 746 1900 292)
772 1835 1054 1896 „litoraque
1085 1835 1227 1896 Epiri
1261 1834 1513 1898 legimus“.
1587 1840 1637 1883 at
1674 1836 1827 1884 laetus
1845 1843 1931 1880 ‘210

160 1900 444 1956 Mnestheus
487 1922 801 1969 successuque
846 1911 1006 1956 acrior
1050 1910 1178 1968 ipso:
1231 1909 1389 1957 laetus
1427 1908 1522 1956 fuit
1561 1909 1841 1957 Mnestheus

163 1980 295 2042 quod
341 1983 516 2043 optata
556 1983 799 2031 tenuisset
845 1985 895 2030 et
938 1981 1053 2030 inde
1099 1983 1280 2046 magis,
1329 1983 1446 2045 quia
1491 1985 1710 2030 senserat
1747 1982 1840 2030 sibi

95 2072 138 2105 25
161 2055 345 2104 favisse
383 2056 650 2105 fortunam.
705 2071 954 2105 successus
995 2058 1160 2104 autem
1197 2057 1303 2118 ipse
1342 2072 1440 2104 non
1479 2056 1708 2104 veniebat
1745 2056 1841 2104 nisi

161 2144 219 2176 ex
258 2129 402 2178 malis
442 2130 633 2178 alienis,
699 2132 890 2192 aymine
927 2143 1168 2178 remorum
1207 2130 1346 2178 celeri
1383 2132 1626 2190 ventisque
1663 2132 1841 2178 vocatis

32 839 37 863 1

30 994 37 1052 i

30 1051 37 1094 ἒ

31 1101 37 1129 Υ

30 1138 35 1155 ι

28 1185 38 1204 ὓ

28 1220 38 1269 ἴ

150 2217 317 2262 prona
345 2205 471 2264 petit
505 2205 668 2252 maria
709 2208 752 2253 et
778 2205 953 2265 pelayo
993 2203 1204 2251 decurrit
1242 2206 1430 2264 aperto:
1474 2218 1631 2265 prona
1667 2203 1840 2263 maria,

62 2322 65 2325 Α
158 2276 339 2338 inquit,
379 2279 524 2339 quasi
561 2293 659 2326 non
697 2279 809 2340 ipsa
848 2280 1009 2326 essent
1046 2292 1135 2340 per
1172 2292 1300 2340 quae
1340 2279 1388 2325 et
1424 2277 1723 2325 transierant
1754 2279 1842 2325 aut

158 2350 317 2412 possit
362 2350 470 2399 fieri
514 2354 571 2400 ut
617 2353 718 2400 sint
762 2353 921 2399 maria
967 2351 1163 2398 devexa.
1239 2367 1339 2400 non
1383 2351 1476 2399 hoc
1530 2351 1700 2411 sensit,
1755 2349 1838 2399 sed

92 2442 137 2475 80
159 2425 456 2473 facilitatem
494 2425 682 2474 reditus
720 2425 879 2474 voluit
910 2425 1258 2473 demonstrare.
1319 2440 1529 2486 pronum
1561 2425 1691 2472 enim
1723 2423 1839 2471 dici·

158 2513 268 2546 mus
307 2499 544 2561 quicquid
583 2499 930 2548 difficultatem
968 2514 1066 2546 non
1104 2492 1254 2547 habet
1285 2500 1335 2545 et
1366 2497 1572 2546 arduum
1605 2495 1839 2559 quicquid

159 2571 359 2621 difficile
381 2576 659 2636 superatur.
713 2574 874 2634 qualis
902 2573 1132 2633 spelunca
1161 2572 1317 2620 subito
1349 2574 1578 2620 commota
1606 2570 1839 2626 columba,

101 2659 109 2668 ·
158 2648 237 2694 cui
282 2646 454 2695 domus
500 2651 543 2695 et
587 2647 749 2696 dulces
794 2646 1026 2695 latebroso
1070 2646 1124 2693 in
1162 2646 1355 2706 pumice
1397 2645 1526 2700 nidi,
1570 2645 1727 2704 fertur
1769 2644 1822 2692 in
1840 2648 1927 2687 215

114 2789 118 2793 ·
277 2776 305 2817 8
335 2773 676 2818 intremuissem
703 2771 792 2816 LR
821 2771 1165 2817 intervenissent
1195 2769 1238 2815 U
1269 2769 1341 2815 ed.
1485 2772 1540 2812 14
1571 2767 1725 2813 trudes
1752 2765 1839 2836 1⁴3³

155 2831 291 2877 sudes
319 2831 362 2876 U
394 2831 466 2877 ed.
495 2827 630 2887 (item
659 2830 815 2888 infra).
916 2834 970 2875 18
1001 2830 1181 2875 includi
1210 2828 1296 2873 LR
1326 2828 1398 2873 ed.
1430 2827 1611 2873 excludi
1639 2839 1723 2870 noe
1754 2827 1838 2880 (sic

156 2890 210 2934 in
245 2903 330 2948 pro
369 2905 426 2936 ex
457 2894 543 2936 179
581 2893 630 2936 et
667 2890 850 2936 excludi
884 2902 970 2947 pro
1000 2889 1200 2934 amoveri
1229 2889 1287 2945 2).
1475 2890 1531 2931 28
1562 2899 1652 2943 qua
1682 2889 1722 2931 et
1753 2883 1840 2928 La

157 2963 273 3006 quae
303 2949 404 2995 sine
433 2954 476 2996 et
506 2949 578 2995 ed.
700 2953 757 2994 30
787 2949 993 2994 redditus
1022 2946 1122 2992 LR.
1244 2951 1300 2991 82
1331 2945 1578 3001 difficulter
1607 2942 1678 2989 ed.
