2014 3226
211 164 320 216 486
681 163 913 207 DONATI
944 163 1225 208 INTERPR.
1257 163 1436 208 VERG.

210 306 432 365 Zonyaevi
456 306 540 352 hoc
571 319 750 351 munus
781 304 991 359 habebis,
1031 307 1221 351 cratera
1251 306 1528 364 inpressum
1558 305 1727 365 siqui-3,
1766 319 1905 364 quem

212 380 451 427 Thracius
491 379 605 426 clini
640 376 885 425 Anchisae
920 379 1128 438 yenitori
1165 380 1220 426 in
1258 392 1433 438 rnaqno
1476 393 1674 426 munere
1712 378 1905 426 Cisseus

208 455 336 512 ferre
359 455 440 500 sui
472 452 670 500 dederat
699 455 1062 498 monumentum
1086 455 1128 499 et
1141 453 1328 512 piynus
1353 454 1560 500 amoris:
1589 452 1697 512 hoc,
1725 453 1902 513 inquit,

210 542 387 573 munus
422 526 553 587 apud
585 527 634 573 te
668 525 812 577 debet
844 540 946 573 esse
978 527 1315 587 praecipuum,
1357 525 1488 587 quod
1529 525 1687 574 amico
1728 528 1815 572 tuo
1855 527 1905 573 et

211 615 460 661 aequaevo
523 599 769 647 Anchisae
832 599 963 646 inter
1023 615 1206 662 magna
1259 615 1466 647 munera
1527 599 1905 662 praeferendum
1948 618 1968 653 5

211 672 405 721 Cisseus
460 674 670 736 largitor
728 674 777 720 et
831 673 968 720 dives
1027 673 1156 721 dono
1208 673 1501 721 contulerat.
1588 675 1780 720 cratera
1829 672 1902 720 in-

207 763 429 808 pressum
469 747 643 811 signis,
683 746 776 795 hoc
816 748 891 794 est
929 748 1202 808 pretiosum
1241 748 1348 795 arte
1388 749 1438 794 et
1475 748 1705 809 pondere.
1782 762 1903 808 pon-

209 822 338 868 deris
380 821 579 883 quidem
618 822 768 882 poeta
806 837 905 868 non
945 821 1193 881 meminit,
1242 821 1324 869 sed
1373 821 1579 869 dicendo
1625 823 1905 882 inpressum
1982 826 1986 883 ξ

208 895 363 958 signis
406 897 557 943 etiam
595 895 788 958 pondus
828 894 1026 942 videtur
1063 895 1310 958 tetigisse,
1362 896 1597 956 quoniam
1637 896 1791 958 signis
1830 896 1903 941 in-
1967 916 1988 932 v

206 970 359 1030 primi
398 985 496 1016 non
535 971 702 1031 potest
740 970 838 1016 nisi
878 969 1009 1030 quod
1041 969 1194 1016 fuerit
1223 969 1554 1030 ponderosum
1587 971 1636 1016 et
1667 968 1902 1016 validum.
1928 958 1989 1038 ιζ·

207 1043 342 1105 quod
381 1043 537 1106 igitur
577 1045 764 1091 amicus
795 1043 1057 1106 religiosus
1090 1044 1250 1091 amico
1282 1042 1535 1091 carissimo
1569 1043 1781 1091 contulit
1812 1043 1904 1090 hoc

206 1117 399 1165 Aeneas
439 1117 633 1165 Acestis
680 1116 786 1164 fieri
833 1116 1157 1165 libentissime
1204 1117 1385 1177 voluit,
1435 1133 1581 1178 quem
1629 1117 1905 1179 appellavit
1960 1125 1990 1174 ,1

206 1193 400 1254 patrem
441 1207 496 1239 eo
538 1191 759 1252 adfectu,
809 1192 952 1252 quasi
991 1192 1177 1252 species
1216 1191 1306 1238 illa
1346 1191 1599 1239 dominum
1638 1207 1732 1238 non
1777 1194 1905 1238 esset
1971 1171 1991 1222 ἐξ

118 1269 203 1309 540
221 1267 489 1313 mutatura
586 1267 657 1313 sic
710 1267 845 1325 fatus
899 1267 1049 1326 cinyit
1100 1265 1338 1313 viridanti
1396 1269 1612 1325 tempora
1666 1266 1808 1312 Zau-ro
1863 1268 1906 1312 ct
1963 1234 1991 1326 ξ

197 1341 422 1399 primurn
461 1343 572 1387 ante
619 1341 775 1387 omnis
822 1340 1047 1387 victorem
1094 1339 1309 1398 appellat
1346 1337 1579 1387 Acesten:
1627 1339 1761 1400 quod
1806 1339 1904 1386 fuit
1927 1323 2000 1393 ιὲἰ

203 1414 399 1477 insigne
432 1414 687 1474 victoriae,
719 1414 1010 1475 postpositis
1045 1415 1129 1474 qui
1160 1413 1355 1461 ratione
1387 1415 1640 1477 gestorum
1664 1413 1904 1474 praeponi
1987 1424 1991 1429 ’

205 1487 489 1535 debuissent
551 1489 791 1535 victorem
853 1487 1067 1535 Acesten
1135 1488 1496 1548 pronuntiavit.
1603 1501 1689 1535 nec
1751 1487 1904 1534 bonus
1988 1510 1990 1512 >

204 1562 451 1623 Eurytion
480 1562 707 1622 praelato
745 1562 925 1609 invidit
953 1563 1140 1617 honori,
1180 1563 1403 1622 quamvis
1439 1562 1573 1609 solus
1605 1575 1742 1608 aveni
1774 1561 1903 1608 caelo

205 1636 374 1684 deiecit
413 1637 473 1684 ab
514 1637 641 1684 alto:
686 1651 775 1684 1100
813 1635 998 1684 invidit
1035 1636 1192 1683 bonus
1233 1635 1481 1698 Eurytion
1527 1636 1764 1683 honorem
1802 1636 1903 1682 vic·
1962 1694 1967 1696 ⁷

204 1710 364 1758 toriae
406 1709 500 1759 sibi
533 1709 759 1758 debitum
799 1709 861 1756 ad
892 1709 1104 1758 Acesten
1136 1709 1336 1757 Aeneae
1374 1710 1559 1758 iudicio
1599 1725 1703 1757 esse
1742 1711 1902 1756 trans·
1925 1715 2001 1772 nq-

204 1784 389 1846 latum3
430 1784 594 1831 solum
620 1785 752 1831 enim
775 1783 1012 1831 honorem
1035 1785 1295 1845 primatus,
1327 1799 1427 1832 non
1451 1783 1602 1831 etiam
1626 1783 1903 1846 praemium
1947 1822 1951 1834 .

207 1857 269 1904 ab
310 1873 367 1906 eo
408 1858 670 1906 constabat
717 1859 993 1905 avocatum.
1061 1860 1322 1918 proximus
1360 1858 1648 1918 inyreditur,
1695 1857 1788 1904 hoc
1827 1858 1904 1904 est

208 1932 271 1979 ad
310 1932 650 1994 accipiendum
688 1933 967 1993 praemium
1007 1931 1246 1992 succedit,
1294 1931 1457 1987 donis,
1503 1933 1560 1978 ut
1599 1931 1784 1979 donum
1823 1945 1901 1978 su·
1965 1944 1970 1947 ’

205 2008 376 2066 meret,
416 2008 499 2066 qui
530 2006 730 2054 vincula
763 2008 923 2067 rupit:
961 2021 1061 2053 non
1101 2006 1242 2054 donis
1281 2005 1576 2068 ingreditur,
1615 2005 1701 2053 sed
1738 2005 1901 2068 ingre·
1959 2030 1965 2052 .-

205 2079 341 2127 ditur
371 2079 424 2126 id
456 2083 532 2128 est
564 2079 864 2127 ambulando
897 2079 1138 2140 succedit,
1177 2082 1235 2127 ut
1266 2079 1395 2127 dona
1433 2080 1698 2141 percipiat,
1749 2094 1900 2140 quon·
1924 2091 1993 2145 ¹⁸3?

203 2154 305 2201 iam
343 2155 450 2216 ipse
487 2156 692 2216 ruperat
730 2154 949 2215 vincula,
998 2153 1176 2216 quibus
1217 2154 1324 2202 avis
1364 2169 1604 2215 suspensa
1641 2152 1900 2216 pendebat.
1962 2182 1969 2210 2

205 2231 442 2276 eoetre‘mus
487 2228 674 2276 volucri
719 2229 804 2288 qui
848 2229 959 2287 ftoeit
1003 2228 1281 2276 harundine
1319 2228 1533 2275 malum:
1585 2226 1900 2289 Hippocoon-
1961 2235 1994 2293 s}

204 2303 306 2349 tem
345 2301 484 2349 dixit.
1960 2293 1995 2316 '¹‘

114 2377 203 2418 545
319 2373 391 2422 At
417 2378 566 2435 pater
595 2373 789 2424 Aeneas
811 2377 1032 2423 nondum
1055 2377 1315 2424 certamine
1353 2377 1524 2432 missu,
1571 2375 1625 2421 id
1649 2376 1724 2423 est
1763 2376 1899 2423 ante·
1963 2381 1966 2388 '
1993 2426 2010 2434 ¹,

206 2465 356 2511 quam
388 2451 638 2497 certamen
669 2450 891 2511 equitum
919 2450 1216 2510 mitteretur,
1257 2450 1497 2497 custodem
1529 2450 1595 2498 ad
1624 2463 1726 2497 sese
1756 2450 1899 2497 comi·
1921 2466 1970 2504 ω
1997 2455 2014 2512 1

204 2527 388 2583 temque
441 2523 641 2583 inpubis
691 2523 798 2571 Iuli
849 2524 1099 2584 Epytiden
1143 2527 1306 2571 vocat:
1371 2523 1498 2572 dixit
1560 2538 1760 2572 causam
1815 2538 1901 2570 cur
1967 2580 1969 2582 ,
2011 2525 2014 2539 “

200 2596 448 2646 Ascanius
486 2596 741 2645 habuisset
779 2597 1011 2646 comitem
1051 2599 1200 2659 atque
1241 2597 1516 2645 custodem:
1554 2596 1786 2660 inpubes»,
1824 2597 1898 2644 in·
1963 2610 1970 2615 ”

325 2801 348 2840 1
389 2798 563 2855 siquem
601 2811 683 2853 que
722 2796 770 2840 L.
901 2802 927 2840 3
965 2798 1294 2842 monimentum
1332 2796 1374 2840 R
1411 2811 1445 2840 u
1483 2810 1710 2854 superscr.
1742 2811 1778 2840 r.
1955 2820 1973 2854 p
2011 2836 2014 2842 .

205 2860 259 2899 12
292 2857 452 2901 acestis
474 2855 511 2900 L
542 2856 681 2901 acesti
703 2855 744 2898 R
769 2855 839 2899 ed.
947 2860 1001 2899 18
1033 2858 1196 2901 eurion
1225 2855 1350 2900 infra.
1379 2857 1558 2914 erytion
1580 2855 1630 2900 L.
1735 2860 1790 2899 27
1823 2868 1898 2900 em·
1944 2861 2014 2912 ’τ”Ἶ

199 2919 341 2960 ⁴tremo
374 2915 446 2959 ed.
497 2916 504 2973 Ι
561 2916 691 2959 voluc
721 2914 770 2958 L.
893 2918 950 2958 30
975 2916 1184 2975 comitem
1216 2914 1316 2959 sine
1348 2929 1431 2972 que
1461 2915 1559 2959 LR.
1691 2919 1747 2958 32
1778 2915 1898 2959 hwnc

197 2974 434 3019 habuisset
464 2974 535 3018 ed.
580 2975 586 3031 Ι
635 2973 828 3030 inpubes
857 2973 893 3017 L
924 2974 1015 3019 -bis
1043 2973 1099 3018 R.
1970 2973 2014 3019 ,³⁴¹
