2014 3226
223 185 328 236 160
687 182 917 226 DONATI
949 182 1228 226 INTERPR.
1261 182 1440 226 VERG.

221 328 420 372 auctore
455 325 678 370 futurum
711 338 814 369 esse
846 321 1084 368 iudicium
1115 338 1289 384 meque
1321 324 1485 383 ipsum
1518 324 1588 370 sic
1619 322 1909 369 adfuturum

221 414 417 456 causae,
472 400 529 443 ut
583 396 787 443 admissi
841 396 1037 443 sceleris
1086 396 1211 442 ultio
1259 396 1558 457 proveniret.
1634 396 1719 444 sed
1765 412 1907 444 omne

220 472 342 518 illud
392 470 521 531 quod
570 470 767 517 incauto
817 470 984 516 dolore
1037 469 1329 516 diffuderam
1383 469 1664 517 insidiantis
1719 470 1909 517 inimici

220 546 628 608 tergiversatione
675 545 1001 604 praeventum
1049 545 1145 603 est,
1193 543 1305 591 odio
1354 543 1542 591 scilicet
1579 546 1631 590 in
1671 560 1748 590 me
1787 546 1908 591 meis

220 617 608 680 professionibus
641 619 889 664 concitato
929 633 1087 678 neque
1126 619 1234 678 ipso
1274 617 1387 676 levi,
1420 616 1504 664 sed
1543 617 1748 664 exitium
1787 618 1911 664 mihi
1956 633 1976 665 5

221 693 397 738 salutis
446 690 741 752 adquirenti.
821 691 941 752 quid
988 690 1117 738 enim
1173 693 1393 754 cogitare
1447 694 1613 752 posset
1666 691 1908 750 inimicus,

221 766 304 827 qui
353 781 402 812 se
450 764 681 825 sperabat
727 781 825 812 non
873 780 977 812 esse
1016 765 1287 824 victurum,
1335 764 1376 812 si
1417 780 1505 827 ego
1545 766 1807 827 incolumis
1848 764 1909 811 ad

219 841 437 900 patriam
482 837 810 886 remeassem?
894 840 1005 886 hinc
1050 840 1169 885 muns
1207 841 1379 898 prima
1425 839 1543 885 mali
1589 840 1742 892 labes,
1784 830 1909 885 'hinc

220 928 402 972 semper
451 913 618 960 Ulixes
656 913 936 959 criminibus
976 916 1151 960 terrere.
1189 914 1342 967 uocis,
1372 913 1483 959 leiuc
1515 926 1744 972 spui-aere
1774 913 1908 960 ‘voces
1954 945 1962 954 .

222 990 271 1034 m
312 987 509 1046 vulyum
548 987 805 1046 (cvnbv‘yuas
844 990 886 1034 ct
923 1000 1152 1046 quaerere
1191 988 1408 1033 conscius
1455 1001 1620 1033 arma:
1674 985 1909 1033 notabilis
1934 1002 1976 1033 ιο

220 1076 431 1122 persona
463 1062 536 1107 est
568 1060 672 1107 eius
706 1062 792 1121 qui
823 1062 893 1107 sic
925 1061 1083 1106 vitam
1116 1076 1255 1108 suam
1287 1060 1450 1120 ducat,
1482 1062 1539 1107 ut
1571 1060 1664 1107 sibi
1697 1060 1910 1107 concitet

220 1134 459 1181 inimicos.
535 1134 628 1181 hoc
675 1149 791 1197 ergo
840 1134 994 1181 Sinon
1039 1135 1170 1180 inter
1213 1135 1374 1181 multa
1421 1134 1548 1182 falsa
1596 1133 1808 1181 adstruit
1863 1136 1910 1180 et

220 1210 426 1270 purgat,
479 1210 537 1254 ut
590 1207 744 1255 dicat:
807 1223 897 1271 ego
952 1207 1151 1269 quidem
1212 1208 1343 1255 iusto
1407 1207 1575 1255 dolore
1637 1211 1909 1255 commotus

221 1281 507 1329 inimicitias
546 1282 794 1342 professus
834 1297 942 1328 sum
981 1297 1070 1328 nec
1108 1283 1377 1343 provocavi
1417 1282 1652 1341 alterum,
1699 1281 1785 1329 sed
1823 1281 1908 1328 ille

221 1372 312 1415 me,
352 1355 470 1402 dum
508 1357 561 1402 in
601 1357 814 1402 amicum
853 1371 1016 1402 meum
1056 1356 1212 1403 scelus
1253 1356 1561 1415 admitteret,
1606 1355 1911 1417 provocavit,
1937 1369 1990 1402 15·

221 1430 306 1476 ille
353 1430 563 1477 iniustas
611 1429 871 1477 adversum
917 1445 995 1476 me
1041 1429 1330 1477 inimicitias
1371 1431 1609 1490 suscepit,
1656 1431 1713 1476 ut
1753 1431 1910 1477 occiso

222 1505 421 1551 innoxio
461 1519 539 1550 me
581 1519 775 1565 quoque
818 1505 904 1564 qui
942 1503 1115 1551 mortis
1157 1502 1261 1550 eius
1300 1503 1481 1550 vindex
1516 1518 1620 1550 esse
1651 1506 1912 1565 potueram
1980 1522 1984 1554 ι

222 1580 421 1638 putaret
460 1578 852 1638 opprimendum.
932 1592 1041 1624 cum
1080 1578 1237 1639 igitur
1276 1593 1353 1623 me
1393 1577 1608 1624 ultorem
1654 1579 1910 1634 metueret,

223 1650 489 1715 spargebat
534 1652 598 1698 in'
631 1652 838 1714 vulgum
886 1667 1071 1698 novum
1118 1650 1177 1698 de
1223 1667 1300 1698 me
1349 1652 1612 1698 criminum
1661 1665 1814 1714 genus
1864 1653 1912 1697 et
1972 1645 1979 1727 ᾗ

224 1726 391 1772 omnia
428 1725 649 1773 iactabat
689 1724 944 1787 ambigua,
985 1724 1102 1787 quia
1142 1740 1260 1772 vera
1301 1740 1428 1786 quae
1467 1725 1650 1772 diceret
1688 1740 1787 1771 non
1825 1724 1910 1771 ha-
1935 1740 1956 1772 2

222 1798 394 1859 bebat,
441 1799 714 1860 quaerebat
759 1799 1078 1847 consiliorum
1125 1799 1229 1846 tela
1276 1798 1454 1860 quibus
1505 1815 1583 1846 me
1630 1798 1912 1847 confoderet
1972 1829 1976 1854 ς

137 1877 221 1915 100
240 1874 614 1934 occasionesque
669 1872 916 1934 captabat.
992 1887 1079 1920 uec
1123 1874 1355 1932 requievit
1401 1874 1548 1927 cuim,
1604 1874 1751 1920 donec
1801 1871 1911 1920 Cal·
1972 1901 1977 1930 5

224 1947 392 1994 chame
427 1948 673 1994 ministro:
720 1949 951 2008 coeperat
988 1947 1170 1994 referre
1211 1948 1483 2007 sequentia,
1522 1946 1608 1994 sed
1645 1946 1766 1994 haec
1805 1948 1935 1994 arte.

224 2021 351 2066 mira
410 2020 619 2067 fallendi
679 2021 976 2082 suppressit,
1035 2023 1093 2067 ut
1147 2020 1387 2068 Troianos
1449 2021 1609 2084 magis
1669 2019 1912 2068 desiderio
1971 2020 1973 2022 ’

226 2093 456 2140 audiendi
488 2094 775 2142 accenderet
806 2097 856 2142 et
886 2095 980 2142 hac
1010 2095 1203 2142 ratione
1236 2094 1331 2141 sibi
1362 2095 1676 2155 conquireret
1698 2095 1911 2151 veniam,

223 2166 405 2215 idcirco
454 2169 525 2215 ait
569 2169 654 2215 scd
699 2170 816 2228 quid
862 2183 944 2229 eqo
987 2169 1104 2216 hacc
1150 2172 1310 2215 autem
1355 2169 1672 2227 nequicquam
1717 2170 1913 2228 inyrata

224 2242 446 2288 revolvo?
508 2243 681 2301 quidve
717 2256 894 2297 moror,
933 2243 978 2290 si
1015 2243 1172 2289 omnis
1210 2256 1307 2289 uuo
1347 2242 1515 2290 ordine
1553 2243 1737 2289 habetis
1766 2241 1912 2288 Aehi-

128 2348 141 2361 ,
175 2319 179 2324 ’
226 2328 309 2361 vos
346 2315 489 2374 idque
527 2316 700 2364 aud-ire
737 2319 815 2363 sat
853 2318 951 2363 cst?
1011 2318 1114 2363 iam
1153 2316 1339 2363 dudum
1375 2317 1549 2363 sumite
1579 2330 1791 2376 poenas:
1829 2289 1969 2369 1100]

226 2388 426 2436 Ithacus
463 2389 576 2436 velit
614 2392 658 2436 ct
693 2404 868 2451 macno
907 2393 1176 2438 mercentur
1213 2388 1433 2437 Atridae.
1511 2389 1601 2436 ubi
1640 2389 1703 2437 ad
1748 2388 1914 2450 ipsum
1943 2389 1969 2457 {3}

227 2461 477 2509 cardinem
522 2463 660 2510 venit
704 2463 757 2510 in
803 2479 900 2525 quo
947 2463 1319 2511 mendaciorum
1358 2463 1659 2511 consistebat
1698 2463 1912 2522 effectus,
1948 2527 1949 2530 Ἰ

225 2537 430 2599 negavit
483 2550 533 2582 se
588 2536 855 2597 dicturum,
917 2553 977 2584 ne
1039 2538 1170 2584 ultro
1234 2538 1401 2585 omnia
1461 2535 1716 2585 referendo
1770 2536 1913 2583 daret
1938 2598 1950 2604 .‚

348 2696 371 2734 1
404 2696 631 2735 auctorem
662 2690 762 2746 LR,
794 2691 876 2735 sed
907 2707 949 2735 m
984 2692 1032 2735 in
1063 2692 1105 2734 R
1137 2692 1317 2736 abrasa..
1354 2693 1361 2748 Ι
1403 2693 1628 2736 iudicium
1659 2691 1745 2734 LR
1775 2691 1923 2736 ultio*

226 2750 301 2792 uis
332 2749 402 2795 ed.
432 2751 438 2807 Ι
465 2763 618 2806 meque
647 2749 733 2792 LR
763 2764 904 2806 neque
936 2751 1006 2795 ed.
1152 2756 1178 2795 3
1210 2753 1392 2795 incaute
1423 2751 1493 2794 ed.
1631 2755 1657 2794 5
1690 2751 1913 2795 concitato

227 2808 312 2851 LR
342 2809 582 2854 constituto
613 2809 686 2852 ed.
831 2813 854 2851 7
887 2810 1112 2854 victurum
1142 2809 1229 2853 LR
1258 2810 1470 2854 victorem
1498 2824 1579 2854 nec
1608 2811 1808 2853 inultum
1839 2808 1912 2853 ed.

319 2871 372 2911 11
406 2867 547 2911 damat
567 2867 654 2910 LR
683 2868 806 2925 deyit
835 2868 907 2913 ed.
936 2872 941 2923 1
971 2870 1160 2913 concitet
1181 2869 1267 2912 LR
1297 2870 1527 2913 contineat
1555 2868 1627 2914 ed.
1724 2873 1777 2911 12
1808 2879 1914 2926 erqo.

228 2925 314 2968 LR
344 2928 413 2970 ita
443 2941 477 2970 r.
602 2929 656 2969 16
687 2927 765 2971 ille
795 2926 882 2970 LR
912 2927 964 2971 id
993 2933 1059 2972 est
1085 2929 1163 2972 illc
1193 2928 1265 2971 ed.
1390 2931 1443 2970 17
1475 2927 1644 2972 vindam
1674 2927 1760 2969 1,ss
1789 2927 1918 2973 ultor-

171 2991 174 2994 ’
228 2984 299 3028 ed.
393 2989 448 3028 25
480 2985 712 3040 conquiret
742 2985 784 3028 R
815 2996 928 3029 corr.
960 3001 985 3029 r
1008 3009 1063 3023 =
1087 2986 1137 3029 L.
1180 3000 1184 3005 ¹
1231 2991 1286 3030 27
1319 2999 1486 3031 memor
1515 3001 1599 3043 pro
1630 2998 1782 3031 moror
1811 2983 1909 3033 LR„
