2014 3226
794 163 1095 206 AENEmos
1128 164 1190 207 111
1738 167 1844 217 269

149 322 257 353 ram
289 320 549 352 saevorum
580 304 839 350 hominum
872 304 1020 350 simul
1054 304 1355 366 ostenderet3
1391 305 1493 352 tela
1518 306 1649 352 enim
1674 306 1846 366 procul

150 379 299 426 (lubio
331 377 561 425 manibus
594 377 851 424 hominum
882 377 1227 438 portabantur,
1253 394 1360 425 cum
1392 381 1645 440 peteretur
1669 394 1846 439 corpus

148 453 372 500 insontis.
449 454 607 511 tanta,
634 451 826 512 inquit,
867 453 1077 498 saevitia
1118 455 1406 500 cunctorum
1445 452 1562 512 fuit,
1610 456 1686 512 ut,
1735 468 1847 499 011111

48 574 49 580 ,
148 543 302 573 unum
340 526 495 573 telum
534 524 676 587 pueri
708 540 877 571 necem
909 525 1139 586 perficere
1172 526 1435 587 potuisset,
1467 543 1624 573 unum
1656 528 1709 573 in
1742 542 1845 574 cor-

105 617 125 650 5
150 615 243 662 pus
292 615 460 647 omnes
509 599 676 647 omnia
722 599 824 646 tela
863 601 1157 659 pressissent
1195 626 1268 632 —
1308 627 1380 632 —
1420 627 1504 646 —.
1583 603 1632 648 et
1671 600 1846 647 iaculis

42 684 49 746 f
149 673 361 722 increvit
408 675 588 733 acutis,
636 676 691 719 ut
740 672 802 719 ad
849 672 985 720 1111113
1033 673 1181 721 11111113
1231 678 1461 722 accurato
1509 675 1639 721 ferro
1678 675 1847 722 multi-

40 747 46 759 ”
150 747 271 796 tudo
321 763 470 796 saeva
517 747 811 795 confluxisse
860 746 1125 794 videretur.
1204 748 1337 809 quod
1384 751 1551 795 autem
1598 748 1724 795 dixit
1770 750 1846 795 in-

151 824 318 884 crevit,
344 821 512 869 crebro
545 822 789 882 percussit
821 821 1164 882 accipiendum
1197 824 1285 882 est,
1309 824 1366 868 ut
1397 838 1495 869 non
1527 823 1846 870 remansisset

150 897 286 944 locus
333 896 550 942 inmunis
599 911 628 942 a
676 895 892 942 vulnere.
970 898 1071 941 tam
1110 910 1220 943 vero
1260 898 1462 956 ancipiti
1499 899 1701 944 mentem
1746 899 1846 956 for·

83 987 127 1019 10
149 971 332 1018 midine
361 984 565 1030 pressus
605 970 812 1029 obstipui
850 971 1169 1028 steteruntque
1207 984 1369 1017 coma-e
1409 973 1450 1016 et
1487 985 1579 1018 vox
1615 971 1844 1029 faucibus

150 1045 327 1092 haesit:
380 1046 645 1105 propterea
692 1043 819 1090 dixit
863 1045 971 1090 tum
1018 1059 1157 1103 vero,
1206 1044 1323 1105 quia
1371 1059 1520 1105 supra
1561 1044 1686 1091 dixit
1724 1044 1847 1091 mibi

151 1117 361 1182 frigidus
409 1118 584 1164 horror
628 1116 851 1164 membra
898 1118 1067 1179 quatit
1113 1118 1404 1180 gelidusque
1444 1120 1543 1165 coit
1583 1119 1845 1166 formidine

151 1193 367 1255 sangius.
444 1192 620 1239 horror
659 1193 791 1238 0111111
831 1193 918 1253 qui
958 1207 1017 1237 ex
1054 1193 1167 1240 visu
1206 1193 1461 1254 sanguinis
1502 1192 1741 1240 stillantis
1790 1208 1847 1240 ex

150 1267 287 1329 ligno
327 1266 492 1312 fuerat
532 1267 728 1313 exortus
768 1281 886 1313 voce
927 1265 1104 1313 (10111110
1143 1265 1381 1327 Polydori
1423 1267 1666 1328 gementis
1706 1281 1847 1314 casus

85 1357 127 1390 15
151 1355 264 1388 suos
312 1339 742 1387 vehementissime
790 1340 1070 1387 cumulatus
1111 1342 1206 1400 est,
1252 1355 1410 1401 usque
1451 1340 1571 1387 adeo
1611 1343 1671 1388 ut
1708 1355 1847 1388 mens

153 1413 311 1462 omnis
358 1415 412 1460 in
458 1413 808 1461 hebetudinem
847 1430 991 1462 versa
1031 1415 1098 1461 sit
1137 1416 1186 1462 et
1224 1413 1278 1461 in
1318 1414 1573 1461 silentium
1610 1415 1848 1462 transiret

149 1503 258 1548 vox,
291 1503 544 1535 comarum
581 1503 698 1535 vero
738 1488 977 1536 mollities
1017 1487 1262 1535 obdurata
1295 1488 1586 1536 constiterit.
1649 1488 1847 1536 rettulit

38 1615 41 1625 Ἴ,
150 1561 388 1623 Polydori
440 1561 613 1623 verba,
669 1562 847 1610 (10111110
895 1578 985 1611 sua
1031 1562 1300 1624 subnectit,
1346 1564 1404 1609 ut
1450 1562 1679 1609 ostendat
1727 1577 1846 1623 quo-

25 1646 39 1706 1
150 1635 296 1684 1110110
336 1636 523 1683 factum
563 1637 629 1684 sit
666 1638 726 1683 ut
765 1635 1012 1684 Troianus
1047 1652 1170 1698 puer
1201 1637 1253 1683 in
1285 1635 1461 1683 alienis
1492 1635 1638 1684 terris
1671 1637 1846 1683 fuisset

25 1723 29 1742 ¹*
84 1729 127 1761 20
151 1725 354 1758 occisus.

261 1785 412 1832 Hune
455 1784 751 1846 Polydorum
805 1786 920 1832 auri
972 1784 1217 1843 quondam
1264 1798 1373 1832 eum
1409 1784 1626 1844 pondere
1670 1797 1846 1844 magmo

148 1859 321 1917 infelix
357 1859 593 1906 Priamus
637 1860 812 1919 furtim
855 1860 1121 1907 mandarat
1167 1859 1396 1906 alendum
1438 1858 1692 1906 Thraeieio
1730 1859 1847 1918 reqi,

151 1947 260 1979 eum
303 1934 406 1980 iam
452 1932 698 1992 diffideret
743 1934 897 1980 armis
942 1933 1239 1981 Dardaniae
1285 1933 1503 1992 einyiqae
1547 1933 1715 1979 urbem
1769 1932 1847 1979 ob·

150 2007 336 2054 sidione
374 2006 574 2054 videret:
624 2006 773 2067 hunc,
811 2006 990 2068 inquit,
1029 2006 1349 2054 nutriendum
1386 2005 1560 2053 infelix
1599 2006 1758 2052 amico
1798 2008 1849 2052 et

28 2102 30 2106 ¹
85 2098 127 2131 25
150 2082 259 2144 regi
289 2080 493 2128 dederat
522 2080 753 2128 Priamus
793 2083 998 2143 cogente
1029 2081 1119 2128 1113
1151 2082 1462 2140 necessitate,
1495 2079 1626 2141 quod
1656 2079 1848 2127 videret

153 2153 408 2202 obsidione
438 2155 660 2216 perfecta
690 2155 882 2202 nullam
913 2171 1052 2216 spem
1082 2154 1265 2215 reliqui
1295 2155 1496 2215 factam,
1523 2154 1628 2202 vim
1659 2154 1848 2202 scilicet

150 2228 389 2290 temporis
427 2245 617 2290 passus,
657 2232 714 2276 ut
751 2229 1020 2291 posteritas
1059 2229 1187 2288 eius,
1227 2243 1354 2290 quae
1393 2229 1490 2275 fuit
1527 2229 1582 2275 in
1619 2222 1846 2289 pluribus

73 2326 75 2328 ·
151 2302 336 2363 liberis,
365 2303 419 2350 in
450 2319 549 2352 uno
581 2303 761 2351 saltem
792 2304 1059 2364 superstite
1089 2303 1415 2364 permaneret.
1475 2317 1532 2350 ac
1564 2317 1624 2349 ne
1657 2301 1848 2349 deesset

272 2508 298 2546 5
336 2505 445 2560 post
484 2503 755 2560 pressissent
798 2502 970 2546 lacuna
1017 2502 1180 2546 decem
1224 2501 1490 2545 litterarum
1537 2503 1585 2544 et
1623 2502 1849 2556 quattuor

28 2534 39 2591 1
152 2574 368 2606 versuum
397 2564 529 2607 extat
558 2562 608 2606 in
639 2561 675 2605 L
715 2567 757 2606 et
786 2562 1078 2616 confinxissent
1114 2560 1332 2617 interpol.
1365 2561 1436 2605 ed.
1477 2560 1539 2617 (H
1567 2559 1847 2605 tantundem

28 2604 45 2730 ᾖ
154 2619 298 2677 spatii
335 2620 605 2678 relinquens
644 2621 695 2664 in
732 2633 881 2679 marg.
915 2620 1115 2664 adnotat
1145 2619 1252 2674 „hic
1283 2620 1455 2664 desunt
1486 2619 1755 2676 carmina“).

155 2683 181 2723 6
213 2681 275 2724 ad
307 2679 393 2724 LR
423 2687 475 2725 ut
505 2680 569 2725 ad
599 2695 623 2723 r
653 2680 724 2724 011.
769 2684 775 2734 1
825 2685 1067 2724 aecwrrato
1098 2678 1185 2722 LR
1216 2685 1350 2724 acuto
1380 2693 1404 2722 r
1434 2678 1505 2722 ed.
1540 2683 1753 2723 accurato
1785 2677 1846 2721 ad

154 2737 594 2796 interpretationem
623 2739 781 2784 tendit
812 2752 934 2795 quae
966 2738 1025 2783 de
1048 2739 1239 2784 increvit
1262 2737 1484 2782 continuo
1508 2737 1755 2794 profertur.

158 2801 182 2840 ’1
213 2799 451 2854 confluis-se
480 2798 569 2842 LR
599 2812 714 2842 corr.
746 2813 782 2842 r.
946 2803 996 2841 12
1029 2811 1107 2842 cor
1135 2797 1223 2841 LR
1253 2798 1343 2842 coit
1371 2811 1396 2840 r
1426 2797 1497 2841 ed.
1657 2799 1712 2839 23
1745 2809 1847 2840 cum

155 2857 358 2911 deficeret
387 2857 475 2901 LR
503 2873 540 2903 0.
573 2858 668 2902 iam
700 2857 931 2912 diffideret
958 2871 993 2900 1.
1103 2861 1278 2900 24—25
1311 2861 1352 2900 et
1381 2855 1604 2901 reciderat
1634 2854 1721 2898 LR
1751 2858 1845 2900 tra-

155 2915 338 2961 diderat
365 2916 440 2960 vel
470 2917 788 2962 transmiserat
818 2931 842 2959 r
871 2921 914 2961 et
942 2916 1041 2973 reyi
1070 2916 1258 2960 dederat
1287 2914 1332 2958 H
1363 2915 1435 2959 ed.
1592 2918 1648 2958 26
1679 2914 1847 2970 reliqui

154 2973 330 3029 factam
358 2974 446 3018 LR
475 2977 743 3021 remansisse
774 2975 846 3019 011.
969 2979 1025 3019 28
1056 2978 1307 3019 remaneret
1335 2974 1408 3018 ed.

1880 1861 1936 1901 50
