2014 3226
719 171 1023 215 AENEIDOS
1054 171 1097 215 H
1648 174 1756 226 213

67 311 230 358 dinem
271 310 501 370 laederet,
535 311 618 357 sed
659 313 960 372 opprimeret
999 311 1228 373 pondere.
1296 314 1471 360 turrim
1509 315 1561 361 in
1593 328 1740 372 prae·
1760 318 1845 356 460

67 387 201 444 cipite:
246 389 449 432 stantem
495 388 792 444 summisque
836 385 926 432 sub
974 389 1110 433 astra
1157 387 1376 434 eductam
1422 389 1574 441 tectis,
1630 388 1759 435 unde

65 461 222 506 omnis
274 460 423 506 Troia
468 460 623 506 videri
671 463 714 506 et
756 460 997 506 Danaum
1042 461 1211 507 solitae
1256 475 1406 508 nac-es
1453 464 1496 509 et
1539 459 1758 508 Achaica

0 558 1 563 =
65 536 240 587 eastra,
275 534 494 592 aclyressi
524 535 655 592 ferro
690 535 870 580 eircum
902 547 998 591 qua
1029 548 1222 581 summa
1254 535 1466 582 labcmte's
1503 536 1759 583 iuncturas

0 582 40 668 11
65 607 283 654 tabulata
330 607 537 654 dabant:
589 609 823 653 meritum
869 608 1021 654 turris
1069 607 1274 667 dicitur,
1322 609 1408 655 sed
1454 611 1557 656 iam
1595 609 1757 657 solitis

0 681 2 693 ¹
65 680 240 729 officiis
279 697 378 728 1100
417 682 721 727 necessariae
764 674 947 746 (omnis
989 681 1120 728 60110
1152 682 1364 730 felicitas
1398 683 1614 731 Troiana
1645 698 1757 731 con-

64 749 274 820 ciderat)
291 792 303 814 ,
350 755 707 803 contemnenda
746 755 953 816 proinde
992 755 1157 802 fuerat
1196 772 1324 817 quae
1363 771 1475 803 cum
1514 757 1636 818 ipsis
1677 757 1757 804 de-

63 829 340 877 fensoribus
380 829 480 877 51115
520 844 633 876 10οΧ
674 829 848 877 fuisset
887 844 1074 876 arsura.
1137 830 1279 890 hanc,
1319 830 1500 892 inquit,
1539 832 1756 892 petimus

63 904 191 950 ferro
242 906 291 950 et
339 903 567 951 abscissis
614 903 856 951 iuncturis
905 902 1134 950 omnibus
1184 920 1310 965 quae
1361 905 1756 967 magnitudinem

19 990 41 1027 ο
61 979 233 1024 tantae
281 976 564 1025 altitudinis
611 977 893 1024 retinebant
932 978 1242 1024 convellimus
1283 979 1396 1026 altis
1434 979 1629 1027 sedibus
1667 981 1742 1027 in-
1759 983 1845 1021 465

52 1052 390 1111 pulimusque:
438 1066 494 1098 ea
533 1051 675 1111 lapsa
713 1054 905 1111 repenle
941 1054 1144 1099 ruinam
1182 1066 1290 1099 eum
1329 1055 1491 1100 sonitu
1529 1054 1679 1100 trahit
1716 1056 1760 1100 et

62 1125 300 1172 Danaum
345 1140 493 1184 super
540 1127 741 1185 agmina
788 1126 882 1173 late
919 1126 1104 1173 incidit.
1183 1141 1292 1174 ecce
1331 1127 1521 1188 profuit
1558 1127 1756 1174 Aeneae

63 1199 346 1259 consilium,
395 1199 527 1260 quod
564 1201 879 1261 repentinum
919 1202 969 1247 et
1006 1201 1317 1260 insperatum
1353 1202 1527 1248 ruinae
1565 1201 1756 1262 pondus

25 1321 34 1328 ,
62 1272 266 1321 adiuvit.
329 1274 491 1334 huius,
522 1274 703 1335 inquit,
736 1274 998 1322 concidens
1028 1274 1322 1336 magnitudo
1347 1274 1579 1322 Danaum
1609 1291 1758 1337 super

19 1356 39 1397 ⁸
62 1348 263 1411 agmina
303 1347 403 1395 late
441 1348 632 1395 incidit.
696 1347 828 1409 quod
868 1348 996 1395 dixit
1034 1349 1149 1408 late,
1180 1348 1348 1411 potuit
1386 1348 1494 1396 fieri
1524 1351 1581 1395 ut
1611 1349 1757 1396 ruina

61 1422 150 1470 illa
188 1437 336 1483 super
373 1422 617 1483 plurimos
659 1422 917 1470 cecidisset
954 1423 1258 1484 perindeque
1296 1439 1396 1470 non
1443 1437 1627 1484 paucos
1673 1438 1757 1469 ne-

61 1497 231 1544 casset.
320 1495 504 1544 idcirco
559 1498 729 1558 posuit
781 1496 1016 1544 Danaum
1069 1511 1216 1558 super
1270 1497 1493 1560 agmina,
1554 1499 1611 1544 ut
1662 1497 1755 1544 hoc

61 1569 266 1617 dicendo
307 1571 568 1618 consilium
607 1586 750 1619 suum
789 1572 1066 1632 praeferret
1105 1574 1155 1618 et
1192 1572 1465 1619 inventum.
1544 1574 1623 1619 ast
1666 1572 1757 1619 alii

60 1644 288 1692 subeunt:
326 1644 419 1692 hoc
456 1645 621 1706 ipsum
661 1645 980 1706 superfluens,
1016 1647 1196 1707 inquit,
1227 1645 1448 1693 hostium
1486 1645 1755 1692 multitudo

22 1718 301 1777 oft-nstrata
340 1721 430 1779 est,
470 1719 560 1766 alii
599 1720 783 1781 quippe
824 1721 1058 1767 continuo
1099 1721 1450 1767 successerunt.
1507 1733 1595 1766 nec
1632 1732 1758 1767 saxa

59 1806 146 1839 nec
182 1791 339 1839 ullum
377 1794 580 1840 telorum
617 1795 802 1841 interea
840 1798 994 1842 cessat
1028 1808 1194 1854 yenus,
1236 1794 1426 1842 scilieet
1464 1792 1643 1854 quibus
1676 1809 1756 1840 ex-

59 1868 366 1930 pugnaretur
403 1866 650 1915 recentior
687 1867 971 1916 multitudo.

182 1941 480 1989 Vestibulum
503 1945 615 1989 ante
636 1943 826 2000 ipsum:
861 1944 967 2004 ipse
994 1944 1195 2004 exponit
1219 1941 1338 2004 quid
1364 1943 1430 1989 sit
1452 1940 1755 1989 vestibulum

28 2011 32 2016 ’
61 2013 225 2062 dicens
262 2018 515 2075 primoque
551 2018 606 2063 in
644 2017 811 2064 limine
840 2017 1064 2078 Pyrrhus
1104 2017 1307 2064 exultat:
1344 2016 1556 2064 ferocem
1594 2017 1740 2062 natu·
1757 2019 1846 2058 470

26 2094 167 2142 v§ram
205 2089 421 2138 hominis
460 2092 708 2137 monstrat
746 2090 828 2138 vel
868 2091 973 2139 eius
1013 2092 1100 2152 qui
1137 2090 1315 2152 plenae
1353 2090 1594 2138 victoriae
1631 2088 1755 2136 fidu-

32 2189 39 2210 :
60 2161 189 2210 eiam
227 2166 434 2226 gereret.
498 2165 569 2212 sic
608 2163 741 2211 enim
779 2163 969 2212 Priami
1008 2164 1182 2212 domus
1221 2178 1448 2227 possessa
1485 2163 1665 2226 fuerat,
1696 2166 1756 2211 ut

33 2227 126 2284 'ud
161 2237 327 2299 ipsum
365 2237 517 2286 limen
557 2240 608 2285 et
638 2237 874 2286 vestibuli
904 2240 1086 2300 prioris
1116 2239 1396 2302 ingressum
1425 2252 1525 2284 non
1556 2238 1756 2285 tantum

32 2307 335 2373 :intrepidus
374 2327 547 2360 verum
580 2313 733 2360 etiam
766 2313 992 2360 exultans
1024 2311 1245 2374 Pyrrhus
1276 2311 1595 2375 pervenisset.
1650 2310 1755 2359 telis

22 2386 105 2432 *d
139 2384 244 2433 luce
281 2400 507 2434 coruscus
546 2401 696 2434 aena:
735 2388 927 2434 erectus
967 2387 1134 2434 animo
1174 2389 1225 2435 et
1270 2386 1563 2449 conspicuus
1594 2386 1754 2432 muni·
1818 2436 1823 2443 ,

112 2459 240 2507 ontis
286 2474 549 2508 armorum.
628 2461 790 2520 qualis
827 2461 914 2509 ubi
949 2461 1004 2508 in
1043 2461 1195 2509 lucem
1234 2461 1425 2509 coluber
1461 2459 1597 2508 mala
1636 2473 1755 2520 yra-

30 2533 197 2618 ᾊΜκα
240 2537 441 2592 pastae,
495 2535 685 2595 friyida
735 2535 827 2582 sub
885 2538 1017 2583 terra
1079 2535 1320 2584 tumidwm
1380 2548 1520 2595 quem
1581 2533 1756 2581 brwna

42 2698 101 2727 --‘
183 2693 236 2732 19
265 2691 551 2746 superfluens
580 2703 668 2734 om.
695 2690 766 2734 ed.
877 2695 933 2734 23
965 2704 1020 2734 ea
1042 2692 1181 2747 ponit
1209 2689 1298 2734 LR
1327 2690 1515 2747 exponit
1541 2703 1580 2734 r.
1607 2691 1616 2745 Ι
1641 2687 1755 2744 quid

27 2804 28 2807 Ἴ
56 2750 65 2791 3
129 2748 248 2804 quod
277 2747 321 2791 R
351 2762 466 2794 corr.
499 2763 523 2791 1·
546 2771 603 2786 =
627 2749 678 2792 L.
737 2752 743 2805 Ι
800 2751 909 2806 post
946 2751 1215 2795 vestibulum
1251 2748 1471 2793 lacunam
1509 2748 1754 2804 quattuor-

39 2809 79 2866 ,ζρ
94 2818 114 2841 ’.
133 2805 200 2843 ς’...
249 2805 347 2852 fere
384 2807 672 2864 litterarum,
719 2808 890 2852 deinde
926 2807 1100 2852 lemma
1137 2807 1370 2865 iucipiens
1409 2806 1469 2852 ab
1506 2807 1561 2852 in
1598 2806 1755 2851 limine

57 2862 208 2909 shelz
235 2865 272 2909 L
302 2866 420 2911 item
449 2867 550 2912 nine
580 2866 759 2911 lacuna.
784 2867 827 2911 R
857 2868 1012 2912 dicens
1033 2869 1278 2924 primoque
1307 2866 1484 2911 inserui
1514 2866 1756 2923 ipse—sit

64 2961 66 2964 .
106 2946 125 2958 -
168 2924 480 3026 ,ηὲἰθεέἰῦώιιω
502 2926 705 3029 0111081111
728 2927 900 2971 ianuae
922 2928 1107 2984 partem
1129 2926 1291 2984 posuit
1312 2926 1585 2983 primoque“
1610 2925 1757 2970 inter·

61 2989 252 3028 .·ει.6.
377 2986 717 3031 2961161166.
