2014 3226
194 206 304 256 414
662 203 893 247 DONATI
923 203 987 246 IN
992 203 1204 247 TERPR.
1237 203 1414 247 VERG.

192 345 483 404 recessisset,
523 360 620 391 non
662 344 846 390 diceret
885 343 1093 404 accipite
1132 343 1259 390 hanc
1293 343 1523 402 animam,
1558 359 1653 404 quo
1688 343 1885 391 adfectu

195 419 411 466 ostendit
450 434 563 464 cum
602 417 678 464 his
713 433 761 464 se
794 417 998 464 interire
1029 417 1247 464 voluisse
1281 432 1403 478 quas
1437 416 1650 464 amabat.
1715 432 1884 465 sensus

194 508 309 554 ergo
348 494 541 555 integer
580 493 650 539 sic
691 494 777 552 est,
819 506 915 552 quo
957 506 1185 552 expresso
1224 491 1329 552 ipse
1371 506 1419 538 se
1459 491 1739 538 intellectus
1779 492 1885 538 31113

193 569 485 627 cuiusquam
521 581 670 626 opera
703 564 1084 612 demonstrabit:
1125 564 1291 611 dulces
1325 565 1543 625 exuviae,
1575 566 1676 612 ‘vixi
1715 579 1885 626 quam—

195 640 277 686 diu
319 640 435 687 deus
477 641 526 686 et
564 639 671 686 fata
711 638 939 686 sinebant
978 642 1021 686 et
1058 653 1197 698 quem
1233 639 1431 686 dederat
1460 653 1656 685 cursum
1686 639 1886 697 fortuna
1933 655 1953 686 5

184 716 372 773 μιν-891,
437 715 634 772 accipite
687 713 812 759 hanc
866 714 1086 759 animam
1139 726 1305 772 meque
1357 713 1431 759 his
1493 713 1687 760 eoeolvite
1742 714 1885 759 curie.

195 789 443 848 quoniam,
475 787 653 847 inquit,
687 787 804 834 estis
846 786 1028 846 dulces,
1069 802 1156 833 vos
1198 785 1386 833 debetis
1427 787 1649 847 excipere
1689 787 1884 849 sangui—

192 877 303 908 nem
342 877 507 908 meum
547 863 596 907 et
637 861 804 907 anima
843 875 953 907 mea
999 859 1140 907 vobis
1190 860 1335 907 debet
1380 859 1591 907 infundi,
1671 863 1712 907 et
1757 874 1887 907 nunc

191 950 372 995 mamea
418 937 512 981 mei
558 935 646 982 sub
696 938 851 982 terras
897 935 984 981 ibit
1029 936 1212 993 imago:
1274 935 1347 980 fui
1400 949 1584 999 magna
1631 936 1680 980 et
1728 933 1886 981 adhuc

191 1025 373 1072 magna
407 1024 529 1069 sum,
563 1008 702 1055 decet
735 1007 1026 1055 deteriorem
1057 1009 1348 1070 praevenire
1381 1008 1650 1068 fortunam,
1680 1010 1738 1054 ut
1769 1007 1885 1054 felix
1912 1023 1954 1055 10

193 1083 254 1129 ad
293 1084 478 1130 inferos
518 1098 722 1145 pergam
757 1098 882 1143 quae
915 1081 1128 1128 feliciter
1159 1081 1274 1129 vixi.
1334 1081 1512 1142 incipit
1544 1081 1704 1129 dicere
1736 1083 1885 1142 atque

192 1172 477 1204 enumerare
534 1156 789 1204 felicitatis
846 1172 962 1204 31133
1015 1155 1166 1215 bona,
1231 1171 1358 1216 quae
1420 1156 1629 1202 ulterius
1686 1154 1887 1202 nolebat
1990 1120 1995 1244 ς

191 1231 401 1278 vivendo
441 1231 631 1294 vexari,
672 1233 880 1277 noverat
919 1230 1050 1276 enim
1090 1246 1215 1291 quae
1253 1231 1495 1276 metueret
1537 1231 1650 1290 post
1688 1228 1884 1276 Aeneae
1991 1252 1994 1282 ρ

103 1309 187 1348 655
205 1306 575 1368 navigationem
633 1306 683 1351 et
739 1319 863 1365 quae
918 1306 1120 1365 possent
1166 1303 1443 1351 infortunia
1489 1303 1641 1364 sequi.
1719 1303 1886 1350 urbem
1990 1305 1994 1410 1

181 1379 497 1438 praeclaram
533 1380 707 1426 statui:
761 1394 859 1425 non
899 1378 1026 1425 dixit
1063 1378 1271 1439 perfeci,
1311 1377 1396 1425 sed
1435 1378 1612 1438 statui3
1667 1379 1884 1425 statuere
1911 1393 1952 1424 15
1991 1413 1993 1421 .

191 1456 265 1501 331
313 1453 445 1499 3111111
490 1453 751 1500 instituere
801 1451 1005 1513 aliquod
1051 1468 1236 1499 novum
1283 1455 1332 1499 et
1378 1450 1511 1513 quod
1556 1451 1708 1498 fuerit
1746 1467 1883 1497 num·
1990 1422 1994 1508 f

191 1543 351 1588 quam.
417 1527 548 1588 quod
591 1527 816 1587 sequitur
854 1525 1176 1588 praeclaram,
1217 1525 1309 1572 hoc
1342 1527 1416 1572 est
1446 1540 1680 1588 magnam
1714 1527 1763 1571 et
1792 1524 1885 1572 hoc

190 1600 322 1648 idem
362 1603 437 1648 est
475 1600 607 1662 quod
647 1601 721 1647 ait
757 1614 866 1647 mea
900 1601 1091 1647 moenia
1121 1600 1238 1647 vidi.
1305 1599 1532 1648 nonnulli
1563 1600 1885 1646 inmemorem

190 1675 270 1722 hic
310 1675 482 1722 dicunt
514 1674 734 1722 extitisse
758 1674 1054 1736 Vergilium,
1086 1675 1144 1720 ut
1173 1673 1429 1721 induceret
1459 1671 1703 1720 Didonem
1742 1674 1886 1733 quasi

190 1748 250 1796 de
287 1749 508 1810 perfecta
538 1749 758 1796 locutam
790 1763 892 1795 esse
926 1748 1145 1807 civitate,
1179 1762 1329 1808 quam
1359 1749 1465 1809 ipse
1497 1746 1622 1793 dixit
1652 1748 1706 1794 in
1739 1762 1883 1807 opere
1908 1762 1951 1794 20

190 1823 355 1883 fuisse,
375 1837 486 1870 cum
511 1838 620 1870 eam
636 1822 834 1870 Aeneae
858 1823 911 1868 in
936 1821 1097 1884 primo
1121 1822 1250 1869 libro
1276 1821 1564 1869 subiecisset
1589 1819 1880 1882 aspectibus.

189 1896 242 1943 hi
280 1912 379 1944 non
419 1896 685 1944 attendunt
723 1896 824 1943 vim
864 1895 1023 1943 verbi:
1078 1911 1218 1956 nam,
1256 1897 1314 1942 ut
1353 1895 1544 1942 dictum
1584 1897 1679 1955 est,
1727 1895 1884 1942 statui

189 1970 386 2018 institui
440 1970 710 2034 significat,
764 1985 864 2017 non
917 1970 1115 2031 perfeci.
1203 1969 1378 2031 quodsi
1431 1970 1505 2017 ita
1561 1970 1655 2030 est,
1713 1970 1771 2015 ut
1824 1967 1883 2015 de

189 2045 411 2106 perfecta
457 2044 638 2092 dixerit
684 2044 862 2103 statui,
909 2045 1060 2091 etiam
1109 2044 1179 2091 sic
1226 2059 1316 2106 pro
1362 2042 1605 2103 qualitate
1645 2057 1884 2104 personae

191 2118 530 2180 accipiendum
584 2119 680 2179 est,
732 2120 791 2165 ut
844 2118 1196 2165 consolationis
1253 2132 1369 2165 suae
1417 2131 1566 2164 causa
1611 2116 1883 2178 perfectam
1907 2131 1949 2164 25

190 2191 370 2240 dixerit
415 2208 541 2255 quae
588 2192 753 2239 fuerat
797 2191 1085 2253 inperfecta.
1171 2206 1227 2239 eo
1276 2190 1441 2239 animo
1489 2190 1614 2237 dixit
1660 2191 1711 2237 et
1756 2190 1880 2238 vixi:

189 2265 282 2314 hoc
328 2267 403 2314 est
449 2265 578 2314 enim
625 2266 827 2327 vixisse,
874 2265 1097 2327 aliquam
1143 2266 1391 2314 factorum
1435 2265 1728 2312 memoriam
1768 2263 1881 2311 reli-

191 2340 355 2401 quisse
401 2342 516 2402 post
564 2341 787 2387 mortem.
866 2340 970 2387 ulta
1015 2340 1202 2386 virum:
1262 2338 1439 2387 similis
1486 2337 1736 2386 calumnia
1785 2338 1880 2384 est:

187 2415 372 2475 putant
402 2414 533 2461 enim
559 2412 771 2475 Sychaei
801 2416 1011 2461 mortem
1042 2412 1295 2461 defensam
1326 2427 1423 2460 non
1457 2427 1575 2472 esse,
1607 2412 1728 2474 quia
1750 2410 1881 2474 Pyg-

187 2488 374 2535 malion
414 2489 602 2536 occisus
641 2503 740 2534 non
781 2491 868 2548 est,
901 2503 1013 2536 cum
1053 2503 1151 2536 non
1193 2487 1260 2534 sit
1289 2503 1444 2533 unum
1474 2500 1628 2549 genus
1659 2484 1879 2533 ultionis.
1904 2500 1948 2533 30
1980 2490 1987 2547 g

308 2662 334 2701 5
366 2662 407 2702 et
437 2670 552 2713 quae
583 2657 768 2701 dederat
797 2657 895 2701 LR.
998 2660 1024 2699 6
1057 2655 1172 2700 Don.
1200 2669 1357 2701 versus
1383 2660 1467 2699 65⁶2
1502 2657 1548 2700 et
1580 2659 1665 2698 653
1698 2654 1879 2697 inverso
1964 2652 1986 2715 ''5ss

189 2717 351 2761 ordine
381 2715 553 2772 legisse
584 2716 781 2759 videtur.
918 2721 972 2759 12
1003 2716 1177 2760 volebat
1207 2714 1294 2758 LR
1324 2729 1437 2759 corr.
1463 2729 1486 2757 r
1517 2714 1588 2758 ed.
1728 2717 1782 2757 13
1813 2714 1880 2757 vi-
1959 2744 1986 2771 μ

189 2776 336 2820 dendo
368 2775 506 2820 edFI.
612 2779 664 2819 17
698 2776 902 2830 sequitur
925 2775 1046 2831 quod
1068 2774 1156 2817 LR
1186 2775 1307 2830 quod
1328 2775 1532 2830 sequitur
1559 2787 1646 2817 nos
1675 2773 1880 2828 sequitur
1946 2765 1987 2964 ξ

188 2835 335 2880 dicere
373 2834 492 2891 quod
531 2834 601 2878 ed.
651 2834 668 2892 1
725 2839 766 2878 et
802 2848 1016 2892 maynam
1055 2833 1142 2876 LR
1179 2848 1236 2878 m.
1270 2839 1311 2877 et
1348 2846 1432 2876 nos
1478 2838 1521 2876 et
1565 2846 1653 2876 om.
1687 2830 1758 2875 ed.

190 2898 365 2937 23—24
396 2894 451 2938 de
474 2894 680 2949 perfecta
709 2891 797 2936 LR
831 2894 885 2936 de
915 2892 1179 2948 imperfecta
1208 2891 1259 2936 r'.
1382 2896 1438 2935 25
1470 2904 1655 2936 causam
1686 2889 1774 2933 LR
1805 2889 1876 2933 ed.
1958 2916 1962 2938 5

188 2966 332 2998 causa
360 2966 459 2997 nos.
509 2953 516 3009 Ι
566 2952 772 3008 perfecta
802 2951 872 2995 ed.
1055 2955 1111 2994 26
1145 2950 1267 2996 dixit
1297 2957 1338 2996 et
1367 2949 1454 2994 LR
1491 2956 1533 2995 et
1563 2963 1651 2994 om.
1685 2949 1758 2994 ed.
1959 2957 1984 2994 ,1

189 3015 245 3054 29
271 3017 438 3068 potant
467 3012 588 3056 enim
618 3010 705 3054 LR
728 3014 903 3068 putant
933 3024 967 3054 e.
999 3024 1023 3053 r
1054 3015 1245 3067 propter
1274 3009 1344 3054 ed.

1955 2992 1982 3083 ἔ
