2014 3226
0 222 2 269 l

0 345 1 394 l

85 596 103 628 5

59 965 101 997 10

786 149 1088 194 AENEmos
1122 150 1163 193 v
1714 155 1821 206 515

131 288 374 350 praedicti
412 289 604 351 generis
645 290 884 336 animalia
923 290 1178 350 inmolari,
1225 292 1329 352 ipse
1369 291 1500 339 idem
1541 296 1653 339 exta
1692 310 1818 340 sum-

131 365 219 424 pta
258 378 314 409 ex
347 362 422 409 his
456 363 647 424 accepit
686 365 911 423 pateram
943 366 1114 412 tenens
1156 367 1204 412 et
1244 367 1380 413 stans
1420 365 1550 413 celsa
1580 367 1632 413 in
1664 368 1822 428 puppi

131 437 297 483 omnia
334 437 545 498 proiecit
583 436 633 481 in
674 436 851 485 fluctus
900 438 1082 486 addens
1123 439 1316 499 vinum,
1363 439 1494 500 quod
1541 439 1731 488 ferebat
1769 442 1821 487 in

130 511 318 570 patera.
372 511 688 570 prosequitur
717 524 920 570 suryens
953 527 985 559 a
1006 514 1171 572 puppi
1202 516 1369 559 ventus
1403 515 1584 561 euntis:
1623 516 1820 562 tantum

129 582 369 630 sacrificia
431 583 720 645 valuerunt,
794 587 852 631 ut
918 601 1014 632 non
1071 586 1260 633 deesset
1315 589 1629 647 oportunitas
1683 590 1821 636 venti

129 657 371 705 venientis
411 674 441 705 a
480 659 660 720 puppi;
715 659 820 720 ipse
868 662 942 706 est
990 660 1120 707 enim
1168 668 1343 707 ventus
1399 663 1683 723 prosperior
1730 663 1820 724 qui

126 747 304 779 navem
350 732 587 793 sequitur.
674 734 889 780 certatim
933 735 1053 781 socii
1098 735 1285 793 feriunt
1331 750 1466 782 mare
1518 739 1559 782 ct
1606 750 1819 795 aequora

126 808 350 853 verrunt:
389 805 606 853 adventu
645 805 852 853 flatuum
893 807 1124 855 laetiores
1158 808 1318 855 effecti
1349 810 1498 856 remis
1532 810 1735 872 navigia
1765 811 1818 857 in

127 878 286 926 altum
324 879 647 940 proiciebant.

237 951 306 1000 At
353 953 514 1001 Venus
552 956 736 1002 interea
774 953 1058 1014 Neptwnum
1109 957 1314 1003 eaecrcita
1352 958 1483 1004 curis
1523 956 1802 1017 adloquitur
1822 961 1908 1001 780

125 1027 329 1086 talisque
392 1029 598 1088 effundit
641 1031 833 1088 pectore
886 1033 1104 1088 questus:
1173 1029 1460 1091 adloquitur
1521 1031 1817 1091 qualitatem

124 1100 356 1148 dictionis
403 1102 599 1149 futurae
648 1117 745 1149 non
794 1102 1048 1164 exprimit3
1103 1102 1307 1150 dubium
1355 1106 1428 1151 est
1475 1105 1606 1151 enim
1655 1105 1817 1166 qualis

123 1174 293 1222 futura
332 1176 399 1223 sit
438 1175 710 1236 adlocuti03
763 1176 971 1223 effundit
1008 1179 1176 1224 tamen
1216 1179 1265 1225 et
1306 1180 1504 1238 questus
1546 1194 1603 1225 ex
1643 1181 1815 1239 aperto

122 1250 369 1296 monstrat
408 1264 511 1298 esse
551 1248 743 1311 aliquid
784 1249 916 1311 quod
963 1250 1087 1297 iram
1135 1251 1391 1298 locuturae
1437 1254 1727 1313 pronuntiet
1766 1255 1816 1299 et

8 1320 26 1331 ’
56 1334 96 1366 15
122 1321 355 1370 dolorem.
447 1323 659 1372 Iunonis
709 1326 879 1385 yravis
938 1326 1018 1372 ira
1080 1339 1231 1385 neque
1295 1326 1592 1373 exaturabile
1643 1329 1816 1385 pectus

121 1400 295 1456 cocunt
331 1411 420 1453 me,
458 1397 699 1458 Neptwne,
729 1412 899 1458 preces
937 1399 1219 1447 descendere
1256 1401 1311 1446 in
1342 1401 1512 1456 omme,
1551 1414 1699 1460 quam
1728 1415 1816 1447 nec

20 1507 25 1510 .
120 1470 266 1532 lonya
305 1471 407 1519 dies
435 1473 600 1532 pietas
637 1485 724 1520 nec
761 1474 952 1533 mitigat
981 1472 1087 1520 alla
1124 1486 1210 1520 nec
1232 1473 1368 1520 Iovis
1405 1475 1609 1533 imperio
1639 1475 1815 1534 fatisve

9 1549 25 1600 ὲ
119 1546 336 1605 infracta
375 1547 601 1606 quiescit:
638 1561 822 1609 magna
860 1546 954 1594 hoc
992 1547 1100 1594 loco
1142 1548 1191 1594 et
1230 1546 1499 1594 artificiosa
1535 1547 1813 1609 concepti03

9 1604 25 1700 Ξ
119 1634 237 1666 nam
282 1620 415 1667 inter
459 1620 570 1681 ipsa
615 1620 762 1667 initia
810 1622 859 1667 et
903 1635 1166 1681 personam
1213 1636 1355 1668 suam
1403 1621 1716 1668 commendat
1764 1624 1815 1669 et

10 1690 25 1753 g
53 1704 96 1738 80
121 1692 368 1741 deformat
413 1693 658 1741 inimicae.
752 1693 957 1742 dicendo
1010 1695 1142 1742 enim
1191 1710 1432 1756 provocor
1479 1696 1713 1755 conqueri
1764 1696 1814 1743 et

121 1782 246 1827 quae
278 1767 584 1828 provocabat
615 1767 920 1831 gravabatur
949 1768 1140 1815 invidia
1173 1771 1223 1816 et
1255 1784 1380 1829 quae
1412 1769 1674 1830 provocari
1705 1784 1810 1817 sese

120 1840 418 1901 querebatur
450 1841 597 1903 culpa
620 1857 830 1889 vacuam
860 1857 964 1890 sese
995 1841 1258 1890 laborabat
1289 1841 1557 1890 ostendere.
1619 1843 1813 1890 interea

119 1916 282 1976 coepit
321 1931 350 1962 a
395 1916 616 1975 nomine,
662 1917 721 1963 ut
766 1915 1045 1963 ostenderet
1092 1932 1148 1963 ex
1197 1917 1300 1963 eius
1346 1917 1566 1977 primatu
1614 1915 1811 1964 adsum-

9 1982 27 2067 i·
116 1990 256 2050 ptam
279 1989 570 2051 potentiam.
635 1989 828 2037 addidit
859 1991 1024 2054 gravis
1056 1991 1156 2038 ira:
1196 1990 1361 2053 gravis
1392 1989 1485 2037 hoc
1518 1991 1592 2037 est
1621 1990 1812 2037 iniusta

8 2070 24 2134 ᾗ
51 2074 92 2107 25
118 2064 169 2110 et
197 2062 400 2124 perinde
432 2065 623 2127 gravis:
663 2064 783 2111 ferri
816 2065 948 2111 enim
979 2079 1077 2111 non
1108 2065 1308 2125 poterat
1346 2079 1472 2125 quae
1504 2063 1811 2111 irascebatur

9 2178 27 2267 l

116 2136 303 2184 frustra
340 2137 434 2186 hoc
474 2139 548 2185 est
594 2152 706 2185 cum
754 2153 902 2186 causa
949 2153 1048 2186 non
1095 2139 1399 2199 suppeteret,
1454 2136 1630 2185 deinde
1682 2153 1809 2199 quae

115 2211 409 2259 irasceretur
457 2211 765 2260 inmoderate
811 2227 901 2260 nec
949 2213 1121 2273 pectus
1165 2212 1270 2259 eius
1318 2211 1590 2259 innumeris
1637 2210 1808 2259 Troia·

114 2299 292 2332 norum
341 2285 600 2347 suppliciis
651 2287 942 2347 satiaretur3
993 2285 1253 2333 execrandi
1303 2287 1469 2333 autem
1520 2286 1636 2333 sunt
1683 2285 1809 2333 eius-

234 2428 259 2467 9
293 2425 460 2481 profici
499 2440 604 2470 cum
644 2425 851 2483 quinque
889 2425 1154 2470 litterarum
1202 2425 1355 2482 spatio
1394 2424 1430 2468 L
1476 2424 1601 2468 idem
1648 2437 1807 2482 super-

115 2483 289 2540 scripto
312 2489 407 2528 -wnt
428 2484 471 2528 R
500 2484 574 2528 vel
599 2486 866 2541 propellunt
895 2484 946 2528 in
977 2498 1123 2542 marg.
1147 2481 1187 2528 r'
1211 2485 1443 2541 proficisci
1463 2484 1706 2528 studebant
1732 2482 1804 2527 ed.

108 2543 392 2598 proiciebant
423 2543 498 2600 (cf.
517 2546 622 2600 837)
653 2557 751 2599 noe,
777 2544 903 2600 quod
934 2543 1048 2587 licet
1078 2542 1290 2600 exemplo
1324 2544 1495 2598 careat,
1519 2545 1681 2587 tamen
1712 2555 1805 2586 non

31 2632 33 2634 -
112 2601 266 2646 minus
304 2601 507 2647 latinum
544 2603 730 2647 videtur
768 2616 910 2660 quam
949 2602 1127 2658 „eicere
1167 2606 1350 2647 naves“.
1504 2605 1557 2645 12
1590 2602 1806 2646 dictionis

111 2660 302 2715 futurae
331 2661 420 2705 LR
456 2663 582 2708 verbi
609 2663 764 2718 futuri
794 2662 864 2706 ed.
1019 2665 1074 2705 13
1106 2667 1148 2706 et
1177 2667 1358 2718 questus
1388 2660 1474 2704 LR
1505 2659 1585 2704 edI
1623 2665 1806 2717 questus
1879 2687 1881 2689 -

113 2724 154 2764 et
185 2719 295 2764 edF.
388 2725 445 2765 14
477 2726 698 2766 mon-serat
719 2720 807 2765 LR
830 2720 900 2765 ed.
925 2725 1210 2766 monstrant?
1310 2725 1365 2764 15
1395 2734 1536 2777 neque
1566 2724 1803 2764 exsatura-

112 2777 202 2823 bile
230 2778 318 2822 LR
347 2785 389 2824 et
419 2781 754 2826 inexaturabile
786 2780 857 2825 ed..
884 2780 965 2836 (ad
991 2784 1031 2835 1,
1048 2784 1076 2824 4
1100 2793 1194 2824 non
1217 2778 1484 2881 mutavi—t&
1542 2781 1715 2822 16—-17
1747 2791 1804 2822 ne

114 2837 250 2896 longa
279 2835 379 2884 LR.
474 2843 529 2884 17
559 2840 760 2896 fatisque
787 2838 874 2883 LR.
903 2839 1069 2894 satisne
1097 2853 1123 2882 r
1146 2838 1216 2883 ed.
1244 2837 1330 2896 (sic
1360 2837 1376 2881 i
1515 2835 1660 2882 etiam
1684 2834 1803 2893 LR).

202 2901 259 2940 23
291 2897 535 2955 abruptam
558 2897 646 2943 LR
677 2899 963 2954 absumptam
993 2897 1064 2942 ed.
1091 2896 1380 2955 adsumptam
1413 2895 1612 2954 (ef.‘189)
1642 2909 1741 2940 nos.

35 2998 37 3001 ,
114 2959 169 2999 27
202 2956 490 3002 woianarum
519 2956 607 3002 LR
638 2971 751 3002 corr.
777 2957 848 3002 ed.
972 2960 1028 3001 28
1060 2956 1284 3002 eiusmodi
1313 2955 1498 3005 om.,ed.

1357 3031 1448 3074 38*
