<?xml version="1.0" encoding="UTF-8"?>
<!DOCTYPE html PUBLIC "-//W3C//DTD XHTML 1.0 Transitional//EN"
    "http://www.w3.org/TR/xhtml1/DTD/xhtml1-transitional.dtd">
<html xmlns="http://www.w3.org/1999/xhtml" xml:lang="en" lang="en">
 <head>
  <title>
</title>
<meta http-equiv="Content-Type" content="text/html;charset=utf-8" />
  <meta name='ocr-system' content='tesseract 3.04.00' />
  <meta name='ocr-capabilities' content='ocr_page ocr_carea ocr_par ocr_line ocrx_word'/>
</head>
<body>
  <div class='ocr_page' id='page_1' title='image "./interpretationes01donauoft_0648.png"; bbox 0 0 2014 3226; ppageno 0'>
   <div class='ocr_carea' id='block_1_1' title="bbox 186 218 1408 273">
    <p class='ocr_par' dir='ltr' id='par_1_1' title="bbox 186 218 1408 273">
     <span class='ocr_line' id='line_1_1' title="bbox 186 218 1408 273; baseline -0.01 1"><span class='ocrx_word' id='word_1_1' title='bbox 186 222 293 273; x_wconf 78' lang='lat'>598</span> <span class='ocrx_word' id='word_1_2' title='bbox 654 219 884 263; x_wconf 82' lang='lat' dir='ltr'><strong>DONATI</strong></span> <span class='ocrx_word' id='word_1_3' title='bbox 916 219 1196 263; x_wconf 79' lang='lat' dir='ltr'>INTERPR.</span> <span class='ocrx_word' id='word_1_4' title='bbox 1232 218 1408 262; x_wconf 81' lang='lat' dir='ltr'><strong>VERG.</strong></span> 
     </span>
    </p>
   </div>
   <div class='ocr_carea' id='block_1_2' title="bbox 178 357 1992 1162">
    <p class='ocr_par' dir='ltr' id='par_1_2' title="bbox 178 357 1992 864">
     <span class='ocr_line' id='line_1_2' title="bbox 187 357 1877 424; baseline -0.003 -16"><span class='ocrx_word' id='word_1_5' title='bbox 187 365 236 409; x_wconf 87' lang='lat' dir='ltr'>et</span> <span class='ocrx_word' id='word_1_6' title='bbox 276 362 471 424; x_wconf 82' lang='lat' dir='ltr'>speravi</span> <span class='ocrx_word' id='word_1_7' title='bbox 511 362 615 407; x_wconf 86' lang='lat' dir='ltr'>fore</span> <span class='ocrx_word' id='word_1_8' title='bbox 658 360 788 421; x_wconf 89' lang='lat' dir='ltr'>quod</span> <span class='ocrx_word' id='word_1_9' title='bbox 822 359 982 406; x_wconf 84' lang='lat' dir='ltr'>officio</span> <span class='ocrx_word' id='word_1_10' title='bbox 1015 359 1190 420; x_wconf 81' lang='lat' dir='ltr'>plenae</span> <span class='ocrx_word' id='word_1_11' title='bbox 1222 360 1426 419; x_wconf 86' lang='lat' dir='ltr'>pietatis</span> <span class='ocrx_word' id='word_1_12' title='bbox 1461 358 1676 420; x_wconf 86' lang='lat' dir='ltr'>inplesti.</span> <span class='ocrx_word' id='word_1_13' title='bbox 1738 357 1877 404; x_wconf 79' lang='lat' dir='ltr'>dinu-</span> 
     </span>
     <span class='ocr_line' id='line_1_3' title="bbox 185 431 1879 494; baseline -0.004 -11"><span class='ocrx_word' id='word_1_14' title='bbox 185 452 373 483; x_wconf 88' lang='lat' dir='ltr'>merare</span> <span class='ocrx_word' id='word_1_15' title='bbox 415 438 579 483; x_wconf 89' lang='lat' dir='ltr'>autern</span> <span class='ocrx_word' id='word_1_16' title='bbox 621 438 694 481; x_wconf 86' lang='lat' dir='ltr'>est</span> <span class='ocrx_word' id='word_1_17' title='bbox 733 436 959 494; x_wconf 87' lang='lat' dir='ltr'>tempora</span> <span class='ocrx_word' id='word_1_18' title='bbox 999 433 1284 492; x_wconf 90' lang='lat' dir='ltr'>aestimare,</span> <span class='ocrx_word' id='word_1_19' title='bbox 1325 433 1522 493; x_wconf 90' lang='lat' dir='ltr'>quando</span> <span class='ocrx_word' id='word_1_20' title='bbox 1565 431 1682 492; x_wconf 90' lang='lat' dir='ltr'>quid</span> <span class='ocrx_word' id='word_1_21' title='bbox 1721 433 1879 492; x_wconf 87' lang='lat' dir='ltr'>possit</span> 
     </span>
     <span class='ocr_line' id='line_1_4' title="bbox 185 507 1879 571; baseline -0.003 -15"><span class='ocrx_word' id='word_1_22' title='bbox 185 510 379 571; x_wconf 89' lang='lat' dir='ltr'>inpleri.</span> <span class='ocrx_word' id='word_1_23' title='bbox 459 524 547 556; x_wconf 91' lang='lat' dir='ltr'>nec</span> <span class='ocrx_word' id='word_1_24' title='bbox 594 524 669 554; x_wconf 87' lang='lat' dir='ltr'>me</span> <span class='ocrx_word' id='word_1_25' title='bbox 718 523 826 553; x_wconf 88' lang='lat' dir='ltr'>mea</span> <span class='ocrx_word' id='word_1_26' title='bbox 876 522 996 553; x_wconf 88' lang='lat' dir='ltr'>cura</span> <span class='ocrx_word' id='word_1_27' title='bbox 1042 507 1242 553; x_wconf 85' lang='lat' dir='ltr'>fefellit:</span> <span class='ocrx_word' id='word_1_28' title='bbox 1293 507 1408 567; x_wconf 87' lang='lat' dir='ltr'>quia</span> <span class='ocrx_word' id='word_1_29' title='bbox 1462 507 1603 552; x_wconf 88' lang='lat' dir='ltr'>iuxta</span> <span class='ocrx_word' id='word_1_30' title='bbox 1651 507 1879 552; x_wconf 85' lang='lat' dir='ltr'>aestima-</span> 
     </span>
     <span class='ocr_line' id='line_1_5' title="bbox 186 579 1879 644; baseline -0.003 -13"><span class='ocrx_word' id='word_1_31' title='bbox 186 586 374 631; x_wconf 88' lang='lat' dir='ltr'>tionem</span> <span class='ocrx_word' id='word_1_32' title='bbox 428 598 590 629; x_wconf 89' lang='lat' dir='ltr'>meam</span> <span class='ocrx_word' id='word_1_33' title='bbox 643 582 845 640; x_wconf 85' lang='lat' dir='ltr'>venisti,</span> <span class='ocrx_word' id='word_1_34' title='bbox 901 581 1123 644; x_wconf 82' lang='lat' dir='ltr'>gratulor</span> <span class='ocrx_word' id='word_1_35' title='bbox 1169 581 1306 627; x_wconf 88' lang='lat' dir='ltr'>nullo</span> <span class='ocrx_word' id='word_1_36' title='bbox 1354 581 1505 627; x_wconf 82' lang='lat' dir='ltr'>falsas</span> <span class='ocrx_word' id='word_1_37' title='bbox 1555 579 1879 641; x_wconf 80' lang='lat' dir='ltr'>cogitationes</span> 
     </span>
     <span class='ocr_line' id='line_1_6' title="bbox 186 653 1992 717; baseline -0.002 -13"><span class='ocrx_word' id='word_1_38' title='bbox 186 673 333 704; x_wconf 90' lang='lat' dir='ltr'>meas.</span> <span class='ocrx_word' id='word_1_39' title='bbox 413 658 671 717; x_wconf 86' lang='lat' dir='ltr'>expectata</span> <span class='ocrx_word' id='word_1_40' title='bbox 718 657 879 716; x_wconf 87' lang='lat' dir='ltr'>pietas</span> <span class='ocrx_word' id='word_1_41' title='bbox 928 656 1002 702; x_wconf 88' lang='lat' dir='ltr'>est</span> <span class='ocrx_word' id='word_1_42' title='bbox 1050 657 1135 700; x_wconf 86' lang='lat' dir='ltr'>aut</span> <span class='ocrx_word' id='word_1_43' title='bbox 1181 654 1393 715; x_wconf 88' lang='lat' dir='ltr'>probata</span> <span class='ocrx_word' id='word_1_44' title='bbox 1441 653 1745 700; x_wconf 90' lang='lat' dir='ltr'>documentis</span> <span class='ocrx_word' id='word_1_45' title='bbox 1795 657 1880 701; x_wconf 89' lang='lat' dir='ltr'>aut</span> <span class='ocrx_word' id='word_1_46' title='bbox 1927 670 1945 704; x_wconf 76' lang='lat'><strong>5</strong></span> <span class='ocrx_word' id='word_1_47' title='bbox 1990 683 1992 687; x_wconf 70' lang='lat'>,</span> 
     </span>
     <span class='ocr_line' id='line_1_7' title="bbox 187 727 1990 793; baseline -0.002 -15"><span class='ocrx_word' id='word_1_48' title='bbox 187 734 385 793; x_wconf 88' lang='lat' dir='ltr'>sperata</span> <span class='ocrx_word' id='word_1_49' title='bbox 433 729 739 791; x_wconf 72' lang='lat' dir='ltr'><strong>temporibus</strong></span> <span class='ocrx_word' id='word_1_50' title='bbox 791 729 976 775; x_wconf 87' lang='lat' dir='ltr'>multis.</span> <span class='ocrx_word' id='word_1_51' title='bbox 1056 743 1177 787; x_wconf 72' lang='lat' dir='ltr'>quas</span> <span class='ocrx_word' id='word_1_52' title='bbox 1226 742 1305 787; x_wconf 74' lang='lat'>690</span> <span class='ocrx_word' id='word_1_53' title='bbox 1347 731 1389 774; x_wconf 74' lang='lat' dir='ltr'>te</span> <span class='ocrx_word' id='word_1_54' title='bbox 1428 732 1584 774; x_wconf 72' lang='lat' dir='ltr'>terras</span> <span class='ocrx_word' id='word_1_55' title='bbox 1624 730 1667 774; x_wconf 73' lang='lat' dir='ltr'>et</span> <span class='ocrx_word' id='word_1_56' title='bbox 1697 730 1882 785; x_wconf 74' lang='lat' dir='ltr'>quanta</span> <span class='ocrx_word' id='word_1_57' title='bbox 1988 727 1990 729; x_wconf 67' lang='grc'>’</span> 
     </span>
     <span class='ocr_line' id='line_1_8' title="bbox 178 801 1882 864; baseline -0.002 -13"><span class='ocrx_word' id='word_1_58' title='bbox 178 820 271 864; x_wconf 74' lang='lat' dir='ltr'>per</span> <span class='ocrx_word' id='word_1_59' title='bbox 311 819 523 864; x_wconf 74' lang='lat' dir='ltr'>aequora</span> <span class='ocrx_word' id='word_1_60' title='bbox 556 807 737 850; x_wconf 60' lang='lat' dir='ltr'>vectum</span> <span class='ocrx_word' id='word_1_61' title='bbox 769 805 966 861; x_wconf 72' lang='lat' dir='ltr'>accipie,</span> <span class='ocrx_word' id='word_1_62' title='bbox 999 803 1193 861; x_wconf 72' lang='lat' dir='ltr'>Quantis</span> <span class='ocrx_word' id='word_1_63' title='bbox 1224 803 1471 856; x_wconf 68' lang='lat' dir='ltr'>iactatum,</span> <span class='ocrx_word' id='word_1_64' title='bbox 1504 805 1629 855; x_wconf 72' lang='lat' dir='ltr'>nate,</span> <span class='ocrx_word' id='word_1_65' title='bbox 1654 801 1882 860; x_wconf 73' lang='lat' dir='ltr'>periclis!</span> 
     </span>
    </p>

    <p class='ocr_par' dir='ltr' id='par_1_3' title="bbox 189 875 1881 942">
     <span class='ocr_line' id='line_1_9' title="bbox 189 875 1881 942; baseline -0.002 -18"><span class='ocrx_word' id='word_1_66' title='bbox 189 895 310 940; x_wconf 84' lang='lat' dir='ltr'>quas</span> <span class='ocrx_word' id='word_1_67' title='bbox 353 894 441 942; x_wconf 84' lang='lat' dir='ltr'>ego</span> <span class='ocrx_word' id='word_1_68' title='bbox 483 878 581 925; x_wconf 87' lang='lat' dir='ltr'>duo</span> <span class='ocrx_word' id='word_1_69' title='bbox 621 876 931 939; x_wconf 79' lang='lat' dir='ltr'>pronomina,</span> <span class='ocrx_word' id='word_1_70' title='bbox 972 893 1124 922; x_wconf 89' lang='lat' dir='ltr'>unum</span> <span class='ocrx_word' id='word_1_71' title='bbox 1159 876 1413 936; x_wconf 72' lang='lat' dir='ltr'>pertinens</span> <span class='ocrx_word' id='word_1_72' title='bbox 1446 876 1509 922; x_wconf 93' lang='lat' dir='ltr'>ad</span> <span class='ocrx_word' id='word_1_73' title='bbox 1543 875 1881 922; x_wconf 73' lang='lat' dir='ltr'>diversitatem</span> 
     </span>
    </p>

    <p class='ocr_par' dir='ltr' id='par_1_4' title="bbox 188 948 1882 1014">
     <span class='ocr_line' id='line_1_10' title="bbox 188 948 1882 1014; baseline -0.002 -14"><span class='ocrx_word' id='word_1_74' title='bbox 188 956 236 1000; x_wconf 90' lang='lat' dir='ltr'>et</span> <span class='ocrx_word' id='word_1_75' title='bbox 263 952 596 1014; x_wconf 70' lang='lat' dir='ltr'>quantitatem</span> <span class='ocrx_word' id='word_1_76' title='bbox 622 952 1013 1012; x_wconf 80' lang='lat' dir='ltr'>qualitatemque</span> <span class='ocrx_word' id='word_1_77' title='bbox 1037 953 1286 996; x_wconf 84' lang='lat' dir='ltr'>terrarum</span> <span class='ocrx_word' id='word_1_78' title='bbox 1313 955 1433 1011; x_wconf 90' lang='lat' dir='ltr'>quas</span> <span class='ocrx_word' id='word_1_79' title='bbox 1460 949 1651 996; x_wconf 89' lang='lat' dir='ltr'>obierat</span> <span class='ocrx_word' id='word_1_80' title='bbox 1676 948 1882 1007; x_wconf 87' lang='lat' dir='ltr'>Aeneas,</span> 
     </span>
    </p>

    <p class='ocr_par' dir='ltr' id='par_1_5' title="bbox 186 1023 1978 1162">
     <span class='ocr_line' id='line_1_11' title="bbox 186 1023 1977 1088; baseline -0.001 -14"><span class='ocrx_word' id='word_1_81' title='bbox 186 1029 244 1074; x_wconf 90' lang='lat' dir='ltr'>ut</span> <span class='ocrx_word' id='word_1_82' title='bbox 275 1027 555 1088; x_wconf 87' lang='lat' dir='ltr'>perveniret</span> <span class='ocrx_word' id='word_1_83' title='bbox 588 1026 650 1072; x_wconf 90' lang='lat' dir='ltr'>ad</span> <span class='ocrx_word' id='word_1_84' title='bbox 684 1027 849 1072; x_wconf 81' lang='lat' dir='ltr'>fauces</span> <span class='ocrx_word' id='word_1_85' title='bbox 883 1040 1009 1086; x_wconf 91' lang='lat' dir='ltr'>quae</span> <span class='ocrx_word' id='word_1_86' title='bbox 1042 1024 1228 1071; x_wconf 88' lang='lat' dir='ltr'>dabant</span> <span class='ocrx_word' id='word_1_87' title='bbox 1262 1023 1324 1070; x_wconf 88' lang='lat' dir='ltr'>ad</span> <span class='ocrx_word' id='word_1_88' title='bbox 1355 1025 1549 1070; x_wconf 87' lang='lat' dir='ltr'>inferna</span> <span class='ocrx_word' id='word_1_89' title='bbox 1582 1023 1882 1082; x_wconf 76' lang='lat' dir='ltr'>descensum,</span> <span class='ocrx_word' id='word_1_90' title='bbox 1909 1040 1950 1073; x_wconf 82' lang='lat'>10</span> <span class='ocrx_word' id='word_1_91' title='bbox 1968 1047 1977 1086; x_wconf 66' lang='lat' dir='ltr'><strong>j</strong></span> 
     </span>
     <span class='ocr_line' id='line_1_12' title="bbox 189 1098 1883 1162; baseline -0.002 -15"><span class='ocrx_word' id='word_1_92' title='bbox 189 1101 338 1161; x_wconf 88' lang='lat' dir='ltr'>aliud,</span> <span class='ocrx_word' id='word_1_93' title='bbox 373 1101 490 1161; x_wconf 88' lang='lat' dir='ltr'>quia</span> <span class='ocrx_word' id='word_1_94' title='bbox 523 1099 648 1151; x_wconf 84' lang='lat' dir='ltr'>dixit</span> <span class='ocrx_word' id='word_1_95' title='bbox 681 1114 785 1162; x_wconf 85' lang='lat' dir='ltr'>ego,</span> <span class='ocrx_word' id='word_1_96' title='bbox 817 1099 909 1146; x_wconf 85' lang='lat' dir='ltr'>hoc</span> <span class='ocrx_word' id='word_1_97' title='bbox 943 1101 1015 1146; x_wconf 87' lang='lat' dir='ltr'>est</span> <span class='ocrx_word' id='word_1_98' title='bbox 1048 1099 1271 1160; x_wconf 84' lang='lat' dir='ltr'>cogitans</span> <span class='ocrx_word' id='word_1_99' title='bbox 1303 1101 1461 1158; x_wconf 87' lang='lat' dir='ltr'>pater,</span> <span class='ocrx_word' id='word_1_100' title='bbox 1488 1112 1577 1160; x_wconf 86' lang='lat' dir='ltr'>ego</span> <span class='ocrx_word' id='word_1_101' title='bbox 1611 1098 1690 1143; x_wconf 90' lang='lat' dir='ltr'>cui</span> <span class='ocrx_word' id='word_1_102' title='bbox 1723 1099 1883 1144; x_wconf 79' lang='lat' dir='ltr'>essent</span> 
     </span>
    </p>
   </div>
   <div class='ocr_carea' id='block_1_3' title="bbox 189 1170 1982 1270">
    <p class='ocr_par' dir='ltr' id='par_1_6' title="bbox 189 1162 1983 1270">
     <span class='ocr_line' id='line_1_13' title="bbox 189 1170 1884 1235; baseline -0.002 -13"><span class='ocrx_word' id='word_1_103' title='bbox 189 1175 354 1222; x_wconf 91' lang='lat' dir='ltr'>omnia</span> <span class='ocrx_word' id='word_1_104' title='bbox 392 1190 482 1235; x_wconf 93' lang='lat' dir='ltr'>pro</span> <span class='ocrx_word' id='word_1_105' title='bbox 521 1175 609 1220; x_wconf 82' lang='lat' dir='ltr'>tua</span> <span class='ocrx_word' id='word_1_106' title='bbox 651 1174 812 1220; x_wconf 90' lang='lat' dir='ltr'>salute</span> <span class='ocrx_word' id='word_1_107' title='bbox 855 1175 1093 1233; x_wconf 87' lang='lat' dir='ltr'>suspecta.</span> <span class='ocrx_word' id='word_1_108' title='bbox 1159 1172 1350 1218; x_wconf 84' lang='lat' dir='ltr'>addidit</span> <span class='ocrx_word' id='word_1_109' title='bbox 1388 1174 1437 1218; x_wconf 92' lang='lat' dir='ltr'>te</span> <span class='ocrx_word' id='word_1_110' title='bbox 1474 1186 1759 1233; x_wconf 80' lang='lat' dir='ltr'>pronomen,</span> <span class='ocrx_word' id='word_1_111' title='bbox 1790 1170 1884 1218; x_wconf 88' lang='lat' dir='ltr'>hoe</span> 
     </span>
     <span class='ocr_line' id='line_1_14' title="bbox 1972 1247 1982 1270; baseline 0 0"><span class='ocrx_word' id='word_1_112' title='bbox 1972 1247 1982 1270; x_wconf 49' lang='lat' dir='ltr'>a</span> 
     </span>
    </p>
   </div>
   <div class='ocr_carea' id='block_1_4' title="bbox 1951 0 2014 2229">
    <p class='ocr_par' dir='ltr' id='par_1_7' title="bbox 1951 0 2014 2229">
     <span class='ocr_line' id='line_1_15' title="bbox 2001 0 2014 853; baseline 0 -104"><span class='ocrx_word' id='word_1_113' title='bbox 2001 0 2014 853; x_wconf 95' lang='lat' dir='ltr'>   </span> 
     </span>
     <span class='ocr_line' id='line_1_16' title="bbox 2002 853 2014 1236; baseline 0 -116"><span class='ocrx_word' id='word_1_114' title='bbox 2002 853 2014 1236; x_wconf 95' lang='lat' dir='ltr'>    </span> 
     </span>
     <span class='ocr_line' id='line_1_17' title="bbox 1998 1236 2014 1779; baseline -2.625 -247"><span class='ocrx_word' id='word_1_115' title='bbox 1998 1236 2014 1779; x_wconf 95' lang='lat' dir='ltr'>     </span> 
     </span>
     <span class='ocr_line' id='line_1_18' title="bbox 1951 1779 2014 2229; baseline 0 -129"><span class='ocrx_word' id='word_1_116' title='bbox 1951 1779 2014 2229; x_wconf 95' lang='lat' dir='ltr'>   </span> 
     </span>
    </p>
   </div>
   <div class='ocr_carea' id='block_1_5' title="bbox 1988 845 1993 895">
    <p class='ocr_par' dir='ltr' id='par_1_8' title="bbox 1988 845 1993 895">
     <span class='ocr_line' id='line_1_19' title="bbox 1988 845 1993 895; baseline 0 0"><span class='ocrx_word' id='word_1_117' title='bbox 1988 845 1993 895; x_wconf 73' lang='grc' dir='ltr'>ι’</span> 
     </span>
    </p>
   </div>
   <div class='ocr_carea' id='block_1_6' title="bbox 1962 897 1999 1281">
    <p class='ocr_par' dir='ltr' id='par_1_9' title="bbox 1962 897 1999 1281">
     <span class='ocr_line' id='line_1_20' title="bbox 1962 897 1999 1281; baseline 0 -45"><span class='ocrx_word' id='word_1_118' title='bbox 1962 1120 1999 1281; x_wconf 95' lang='lat' dir='ltr'>  </span> <span class='ocrx_word' id='word_1_119' title='bbox 1977 897 1999 1120; x_wconf 95' lang='lat' dir='ltr'>  </span> 
     </span>
    </p>
   </div>
   <div class='ocr_carea' id='block_1_7' title="bbox 102 1244 1996 2575">
    <p class='ocr_par' dir='ltr' id='par_1_10' title="bbox 102 1244 2003 2575">
     <span class='ocr_line' id='line_1_21' title="bbox 189 1244 1883 1309; baseline -0.003 -13"><span class='ocrx_word' id='word_1_120' title='bbox 189 1251 262 1296; x_wconf 87' lang='lat' dir='ltr'>est</span> <span class='ocrx_word' id='word_1_121' title='bbox 307 1252 357 1296; x_wconf 89' lang='lat' dir='ltr'>te</span> <span class='ocrx_word' id='word_1_122' title='bbox 407 1264 553 1309; x_wconf 91' lang='lat' dir='ltr'>quem</span> <span class='ocrx_word' id='word_1_123' title='bbox 601 1264 699 1294; x_wconf 89' lang='lat' dir='ltr'>non</span> <span class='ocrx_word' id='word_1_124' title='bbox 748 1249 1046 1294; x_wconf 84' lang='lat' dir='ltr'>convenerat</span> <span class='ocrx_word' id='word_1_125' title='bbox 1091 1247 1244 1293; x_wconf 88' lang='lat' dir='ltr'>tantis</span> <span class='ocrx_word' id='word_1_126' title='bbox 1292 1246 1544 1293; x_wconf 87' lang='lat' dir='ltr'>laboribus</span> <span class='ocrx_word' id='word_1_127' title='bbox 1594 1244 1786 1307; x_wconf 79' lang='lat' dir='ltr'>adfligi,</span> <span class='ocrx_word' id='word_1_128' title='bbox 1833 1246 1883 1291; x_wconf 88' lang='lat' dir='ltr'>te</span> 
     </span>
     <span class='ocr_line' id='line_1_22' title="bbox 187 1316 1977 1384; baseline -0.002 -15"><span class='ocrx_word' id='word_1_129' title='bbox 187 1323 346 1370; x_wconf 88' lang='lat' dir='ltr'>filium</span> <span class='ocrx_word' id='word_1_130' title='bbox 384 1322 582 1382; x_wconf 84' lang='lat' dir='ltr'>bonum,</span> <span class='ocrx_word' id='word_1_131' title='bbox 623 1323 775 1383; x_wconf 87' lang='lat' dir='ltr'>pium,</span> <span class='ocrx_word' id='word_1_132' title='bbox 813 1321 1118 1384; x_wconf 86' lang='lat' dir='ltr'>religiosum,</span> <span class='ocrx_word' id='word_1_133' title='bbox 1151 1322 1207 1366; x_wconf 90' lang='lat' dir='ltr'>ut</span> <span class='ocrx_word' id='word_1_134' title='bbox 1246 1319 1373 1366; x_wconf 86' lang='lat' dir='ltr'>illud</span> <span class='ocrx_word' id='word_1_135' title='bbox 1413 1319 1593 1367; x_wconf 84' lang='lat' dir='ltr'>dixisse</span> <span class='ocrx_word' id='word_1_136' title='bbox 1632 1318 1884 1366; x_wconf 83' lang='lat' dir='ltr'>videatur:</span> <span class='ocrx_word' id='word_1_137' title='bbox 1960 1316 1977 1329; x_wconf 79' lang='grc'><em>”</em></span> 
     </span>
     <span class='ocr_line' id='line_1_23' title="bbox 187 1387 1982 1457; baseline -0.001 -14"><span class='ocrx_word' id='word_1_138' title='bbox 187 1397 402 1444; x_wconf 87' lang='lat' dir='ltr'>libenter</span> <span class='ocrx_word' id='word_1_139' title='bbox 439 1395 597 1443; x_wconf 86' lang='lat' dir='ltr'>habeo</span> <span class='ocrx_word' id='word_1_140' title='bbox 639 1396 756 1457; x_wconf 89' lang='lat' dir='ltr'>quia</span> <span class='ocrx_word' id='word_1_141' title='bbox 796 1396 993 1455; x_wconf 83' lang='lat' dir='ltr'>venisti,</span> <span class='ocrx_word' id='word_1_142' title='bbox 1026 1394 1110 1442; x_wconf 88' lang='lat' dir='ltr'>sed</span> <span class='ocrx_word' id='word_1_143' title='bbox 1149 1395 1266 1455; x_wconf 91' lang='lat' dir='ltr'>quia</span> <span class='ocrx_word' id='word_1_144' title='bbox 1298 1394 1351 1440; x_wconf 89' lang='lat' dir='ltr'>id</span> <span class='ocrx_word' id='word_1_145' title='bbox 1382 1410 1563 1456; x_wconf 85' lang='lat' dir='ltr'>magno</span> <span class='ocrx_word' id='word_1_146' title='bbox 1596 1394 1682 1440; x_wconf 92' lang='lat' dir='ltr'>tuo</span> <span class='ocrx_word' id='word_1_147' title='bbox 1714 1392 1883 1439; x_wconf 87' lang='lat' dir='ltr'>labore</span> <span class='ocrx_word' id='word_1_148' title='bbox 1909 1387 1982 1451; x_wconf 62' lang='grc' dir='ltr'>15ῗῖ</span> 
     </span>
     <span class='ocr_line' id='line_1_24' title="bbox 191 1456 1981 1532; baseline -0.002 -14"><span class='ocrx_word' id='word_1_149' title='bbox 191 1487 246 1518; x_wconf 91' lang='lat' dir='ltr'>ac</span> <span class='ocrx_word' id='word_1_150' title='bbox 292 1471 526 1532; x_wconf 88' lang='lat' dir='ltr'>periculis</span> <span class='ocrx_word' id='word_1_151' title='bbox 575 1470 761 1516; x_wconf 84' lang='lat' dir='ltr'>factum</span> <span class='ocrx_word' id='word_1_152' title='bbox 811 1472 906 1529; x_wconf 85' lang='lat' dir='ltr'>est,</span> <span class='ocrx_word' id='word_1_153' title='bbox 953 1469 1268 1516; x_wconf 86' lang='lat' dir='ltr'>vehementer</span> <span class='ocrx_word' id='word_1_154' title='bbox 1309 1468 1529 1531; x_wconf 87' lang='lat' dir='ltr'>adfiigor.</span> <span class='ocrx_word' id='word_1_155' title='bbox 1609 1469 1656 1513; x_wconf 86' lang='lat' dir='ltr'>et</span> <span class='ocrx_word' id='word_1_156' title='bbox 1697 1469 1885 1528; x_wconf 83' lang='lat' dir='ltr'>quanta</span> <span class='ocrx_word' id='word_1_157' title='bbox 1976 1456 1981 1465; x_wconf 8' lang='grc' dir='ltr'>’Ἴ</span> 
     </span>
     <span class='ocr_line' id='line_1_25' title="bbox 188 1530 1984 1606; baseline -0.004 -14"><span class='ocrx_word' id='word_1_158' title='bbox 188 1562 277 1606; x_wconf 88' lang='lat' dir='ltr'>per</span> <span class='ocrx_word' id='word_1_159' title='bbox 324 1560 540 1606; x_wconf 87' lang='lat' dir='ltr'>aequora</span> <span class='ocrx_word' id='word_1_160' title='bbox 586 1546 782 1591; x_wconf 86' lang='lat' dir='ltr'>vectum</span> <span class='ocrx_word' id='word_1_161' title='bbox 829 1543 1042 1604; x_wconf 89' lang='lat' dir='ltr'>accipio,</span> <span class='ocrx_word' id='word_1_162' title='bbox 1089 1544 1140 1589; x_wconf 92' lang='lat' dir='ltr'>in</span> <span class='ocrx_word' id='word_1_163' title='bbox 1188 1542 1364 1603; x_wconf 90' lang='lat' dir='ltr'>quibus</span> <span class='ocrx_word' id='word_1_164' title='bbox 1406 1546 1455 1589; x_wconf 89' lang='lat' dir='ltr'>et</span> <span class='ocrx_word' id='word_1_165' title='bbox 1492 1541 1634 1588; x_wconf 90' lang='lat' dir='ltr'>labor</span> <span class='ocrx_word' id='word_1_166' title='bbox 1674 1540 1771 1586; x_wconf 85' lang='lat' dir='ltr'>fuit</span> <span class='ocrx_word' id='word_1_167' title='bbox 1811 1541 1884 1586; x_wconf 89' lang='lat' dir='ltr'>in-</span> <span class='ocrx_word' id='word_1_168' title='bbox 1956 1530 1984 1591; x_wconf 45' lang='grc' dir='ltr'>’,ᾖ</span> 
     </span>
     <span class='ocr_line' id='line_1_26' title="bbox 189 1596 1993 1703; baseline -0.004 -37"><span class='ocrx_word' id='word_1_169' title='bbox 189 1634 408 1679; x_wconf 90' lang='lat' dir='ltr'>mensus,</span> <span class='ocrx_word' id='word_1_170' title='bbox 456 1618 655 1665; x_wconf 86' lang='lat' dir='ltr'>evidens</span> <span class='ocrx_word' id='word_1_171' title='bbox 705 1619 858 1665; x_wconf 89' lang='lat' dir='ltr'>etiam</span> <span class='ocrx_word' id='word_1_172' title='bbox 905 1617 1181 1679; x_wconf 87' lang='lat' dir='ltr'>periculum</span> <span class='ocrx_word' id='word_1_173' title='bbox 1230 1618 1553 1678; x_wconf 87' lang='lat' dir='ltr'>apertumque</span> <span class='ocrx_word' id='word_1_174' title='bbox 1599 1614 1883 1662; x_wconf 77' lang='lat' dir='ltr'>discrimen!</span> <span class='ocrx_word' id='word_1_175' title='bbox 1968 1596 1993 1703; x_wconf 51' lang='grc' dir='ltr'>’Ξῖ</span> 
     </span>
     <span class='ocr_line' id='line_1_27' title="bbox 190 1683 1993 1763; baseline -0.003 -23"><span class='ocrx_word' id='word_1_176' title='bbox 190 1708 337 1752; x_wconf 72' lang='lat' dir='ltr'>quam</span> <span class='ocrx_word' id='word_1_177' title='bbox 374 1694 535 1748; x_wconf 75' lang='lat' dir='ltr'>metui,</span> <span class='ocrx_word' id='word_1_178' title='bbox 575 1692 667 1739; x_wconf 87' lang='lat' dir='ltr'>hoc</span> <span class='ocrx_word' id='word_1_179' title='bbox 709 1693 782 1739; x_wconf 89' lang='lat' dir='ltr'>est</span> <span class='ocrx_word' id='word_1_180' title='bbox 822 1694 1062 1752; x_wconf 90' lang='lat' dir='ltr'>quantum</span> <span class='ocrx_word' id='word_1_181' title='bbox 1102 1691 1270 1750; x_wconf 88' lang='lat' dir='ltr'>timui,</span> <span class='ocrx_word' id='word_1_182' title='bbox 1316 1705 1376 1738; x_wconf 71' lang='lat' dir='ltr'>ne</span> <span class='ocrx_word' id='word_1_183' title='bbox 1415 1690 1532 1748; x_wconf 64' lang='lat' dir='ltr'>quid</span> <span class='ocrx_word' id='word_1_184' title='bbox 1572 1685 1761 1750; x_wconf 68' lang='lat' dir='ltr'>Libyae</span> <span class='ocrx_word' id='word_1_185' title='bbox 1800 1689 1885 1735; x_wconf 77' lang='lat' dir='ltr'>tibi</span> <span class='ocrx_word' id='word_1_186' title='bbox 1959 1683 1993 1763; x_wconf 47' lang='grc' dir='ltr'><em>ᾗῇ</em></span> 
     </span>
     <span class='ocr_line' id='line_1_28' title="bbox 189 1753 1992 1827; baseline -0.001 -13"><span class='ocrx_word' id='word_1_187' title='bbox 189 1782 338 1827; x_wconf 64' lang='lat' dir='ltr'>remia</span> <span class='ocrx_word' id='word_1_188' title='bbox 377 1769 621 1814; x_wconf 72' lang='lat' dir='ltr'>nocerent:</span> <span class='ocrx_word' id='word_1_189' title='bbox 660 1766 752 1813; x_wconf 93' lang='lat' dir='ltr'>hoc</span> <span class='ocrx_word' id='word_1_190' title='bbox 790 1781 890 1813; x_wconf 91' lang='lat' dir='ltr'>non</span> <span class='ocrx_word' id='word_1_191' title='bbox 929 1765 1147 1812; x_wconf 85' lang='lat' dir='ltr'>inaniter</span> <span class='ocrx_word' id='word_1_192' title='bbox 1183 1765 1378 1824; x_wconf 66' lang='lat' dir='ltr'>timuit,</span> <span class='ocrx_word' id='word_1_193' title='bbox 1418 1765 1584 1825; x_wconf 84' lang='lat' dir='ltr'>potuit</span> <span class='ocrx_word' id='word_1_194' title='bbox 1618 1763 1749 1810; x_wconf 90' lang='lat' dir='ltr'>enim</span> <span class='ocrx_word' id='word_1_195' title='bbox 1779 1762 1885 1810; x_wconf 87' lang='lat' dir='ltr'>illic</span> <span class='ocrx_word' id='word_1_196' title='bbox 1909 1753 1992 1821; x_wconf 42' lang='lat'>20²3&amp;</span> 
     </span>
     <span class='ocr_line' id='line_1_29' title="bbox 190 1837 1969 1903; baseline -0.003 -15"><span class='ocrx_word' id='word_1_197' title='bbox 190 1841 382 1888; x_wconf 90' lang='lat' dir='ltr'>Aeneas</span> <span class='ocrx_word' id='word_1_198' title='bbox 431 1840 654 1903; x_wconf 85' lang='lat' dir='ltr'>extingui</span> <span class='ocrx_word' id='word_1_199' title='bbox 701 1839 786 1886; x_wconf 89' lang='lat' dir='ltr'>ubi</span> <span class='ocrx_word' id='word_1_200' title='bbox 826 1839 950 1886; x_wconf 86' lang='lat' dir='ltr'>Iuno</span> <span class='ocrx_word' id='word_1_201' title='bbox 997 1839 1262 1900; x_wconf 87' lang='lat' dir='ltr'>praecipue</span> <span class='ocrx_word' id='word_1_202' title='bbox 1303 1838 1579 1897; x_wconf 89' lang='lat' dir='ltr'>colebatur,</span> <span class='ocrx_word' id='word_1_203' title='bbox 1629 1839 1771 1884; x_wconf 88' lang='lat' dir='ltr'>atrox</span> <span class='ocrx_word' id='word_1_204' title='bbox 1809 1837 1882 1883; x_wconf 89' lang='lat' dir='ltr'>ni-</span> <span class='ocrx_word' id='word_1_205' title='bbox 1967 1892 1969 1895; x_wconf 16' lang='grc' dir='ltr'>ι</span> 
     </span>
     <span class='ocr_line' id='line_1_30' title="bbox 190 1911 1990 1976; baseline -0.001 -14"><span class='ocrx_word' id='word_1_206' title='bbox 190 1917 346 1962; x_wconf 89' lang='lat' dir='ltr'>mium</span> <span class='ocrx_word' id='word_1_207' title='bbox 394 1916 444 1961; x_wconf 86' lang='lat' dir='ltr'>et</span> <span class='ocrx_word' id='word_1_208' title='bbox 490 1915 719 1976; x_wconf 88' lang='lat' dir='ltr'>pertinax</span> <span class='ocrx_word' id='word_1_209' title='bbox 758 1915 976 1974; x_wconf 89' lang='lat' dir='ltr'>inimica,</span> <span class='ocrx_word' id='word_1_210' title='bbox 1017 1913 1278 1960; x_wconf 87' lang='lat' dir='ltr'>accedente</span> <span class='ocrx_word' id='word_1_211' title='bbox 1318 1928 1467 1960; x_wconf 85' lang='lat' dir='ltr'>saeva</span> <span class='ocrx_word' id='word_1_212' title='bbox 1504 1911 1762 1959; x_wconf 86' lang='lat' dir='ltr'>hominum</span> <span class='ocrx_word' id='word_1_213' title='bbox 1800 1926 1885 1956; x_wconf 87' lang='lat' dir='ltr'>na·</span> <span class='ocrx_word' id='word_1_214' title='bbox 1976 1948 1990 1971; x_wconf 88' lang='lat'>.·-</span> 
     </span>
     <span class='ocr_line' id='line_1_31' title="bbox 189 1980 1886 2053; baseline -0.002 -18"><span class='ocrx_word' id='word_1_215' title='bbox 189 1991 319 2050; x_wconf 86' lang='lat' dir='ltr'>tura,</span> <span class='ocrx_word' id='word_1_216' title='bbox 352 1989 410 2035; x_wconf 92' lang='lat' dir='ltr'>de</span> <span class='ocrx_word' id='word_1_217' title='bbox 452 2004 550 2049; x_wconf 91' lang='lat' dir='ltr'>qua</span> <span class='ocrx_word' id='word_1_218' title='bbox 582 1987 769 2034; x_wconf 85' lang='lat' dir='ltr'>dictum</span> <span class='ocrx_word' id='word_1_219' title='bbox 803 1989 877 2035; x_wconf 89' lang='lat' dir='ltr'>est</span> <span class='ocrx_word' id='word_1_220' title='bbox 918 1981 990 2053; x_wconf 80' lang='lat'>(4,</span> <span class='ocrx_word' id='word_1_221' title='bbox 1016 1980 1110 2053; x_wconf 76' lang='lat'>40)</span> <span class='ocrx_word' id='word_1_222' title='bbox 1145 2002 1327 2050; x_wconf 83' lang='lat' dir='ltr'>„genus</span> <span class='ocrx_word' id='word_1_223' title='bbox 1359 1985 1693 2048; x_wconf 89' lang='lat' dir='ltr'>insuperabile</span> <span class='ocrx_word' id='word_1_224' title='bbox 1726 1982 1886 2031; x_wconf 78' lang='lat' dir='ltr'>bello“</span> 
     </span>
     <span class='ocr_line' id='line_1_32' title="bbox 193 2055 1886 2128; baseline -0.001 -18"><span class='ocrx_word' id='word_1_225' title='bbox 193 2065 242 2110; x_wconf 89' lang='lat' dir='ltr'>et</span> <span class='ocrx_word' id='word_1_226' title='bbox 275 2056 356 2128; x_wconf 86' lang='lat'>(1,</span> <span class='ocrx_word' id='word_1_227' title='bbox 384 2055 514 2128; x_wconf 84' lang='lat'>539)</span> <span class='ocrx_word' id='word_1_228' title='bbox 556 2062 718 2124; x_wconf 86' lang='lat' dir='ltr'>„quod</span> <span class='ocrx_word' id='word_1_229' title='bbox 757 2077 910 2124; x_wconf 88' lang='lat' dir='ltr'>genus</span> <span class='ocrx_word' id='word_1_230' title='bbox 942 2061 1035 2109; x_wconf 92' lang='lat' dir='ltr'>hoc</span> <span class='ocrx_word' id='word_1_231' title='bbox 1066 2058 1356 2108; x_wconf 75' lang='lat' dir='ltr'>hominum?</span> <span class='ocrx_word' id='word_1_232' title='bbox 1398 2075 1586 2121; x_wconf 87' lang='lat' dir='ltr'>quaeve</span> <span class='ocrx_word' id='word_1_233' title='bbox 1617 2060 1747 2105; x_wconf 87' lang='lat' dir='ltr'>hunc</span> <span class='ocrx_word' id='word_1_234' title='bbox 1782 2061 1886 2105; x_wconf 89' lang='lat' dir='ltr'>tam</span> 
     </span>
     <span class='ocr_line' id='line_1_33' title="bbox 102 2132 1883 2197; baseline 0.002 -17"><span class='ocrx_word' id='word_1_235' title='bbox 102 2141 189 2181; x_wconf 80' lang='grc'>695</span> <span class='ocrx_word' id='word_1_236' title='bbox 206 2136 419 2184; x_wconf 87' lang='lat' dir='ltr'>barbara</span> <span class='ocrx_word' id='word_1_237' title='bbox 464 2152 654 2184; x_wconf 90' lang='lat' dir='ltr'>morem</span> <span class='ocrx_word' id='word_1_238' title='bbox 698 2137 948 2197; x_wconf 88' lang='lat' dir='ltr'>permittit</span> <span class='ocrx_word' id='word_1_239' title='bbox 993 2132 1230 2197; x_wconf 81' lang='lat' dir='ltr'>patria‘?“</span> <span class='ocrx_word' id='word_1_240' title='bbox 1292 2135 1374 2182; x_wconf 81' lang='lat' dir='ltr'>ille</span> <span class='ocrx_word' id='word_1_241' title='bbox 1427 2137 1610 2181; x_wconf 77' lang='lat' dir='ltr'>autem:</span> <span class='ocrx_word' id='word_1_242' title='bbox 1665 2136 1750 2180; x_wconf 75' lang='lat' dir='ltr'>tua</span> <span class='ocrx_word' id='word_1_243' title='bbox 1796 2147 1883 2187; x_wconf 83' lang='lat' dir='ltr'>me,</span> 
     </span>
     <span class='ocr_line' id='line_1_34' title="bbox 189 2203 1973 2271; baseline -0.003 -12"><span class='ocrx_word' id='word_1_244' title='bbox 189 2212 389 2271; x_wconf 74' lang='lat' dir='ltr'>yenitor,</span> <span class='ocrx_word' id='word_1_245' title='bbox 422 2214 508 2257; x_wconf 75' lang='lat' dir='ltr'>tua</span> <span class='ocrx_word' id='word_1_246' title='bbox 546 2211 698 2257; x_wconf 75' lang='lat' dir='ltr'>tristis</span> <span class='ocrx_word' id='word_1_247' title='bbox 735 2211 895 2269; x_wconf 72' lang='lat' dir='ltr'>imayo</span> <span class='ocrx_word' id='word_1_248' title='bbox 926 2211 1123 2269; x_wconf 76' lang='lat' dir='ltr'>saepius</span> <span class='ocrx_word' id='word_1_249' title='bbox 1155 2223 1407 2256; x_wconf 74' lang='lat' dir='ltr'>occurrens</span> <span class='ocrx_word' id='word_1_250' title='bbox 1437 2209 1553 2255; x_wconf 80' lang='lat' dir='ltr'>haee</span> <span class='ocrx_word' id='word_1_251' title='bbox 1584 2208 1758 2254; x_wconf 76' lang='lat' dir='ltr'>limina</span> <span class='ocrx_word' id='word_1_252' title='bbox 1790 2209 1886 2253; x_wconf 76' lang='lat' dir='ltr'>ten-</span> <span class='ocrx_word' id='word_1_253' title='bbox 1955 2203 1973 2253; x_wconf 81' lang='lat'>3</span> 
     </span>
     <span class='ocr_line' id='line_1_35' title="bbox 193 2269 1996 2345; baseline -0.001 -13"><span class='ocrx_word' id='word_1_254' title='bbox 193 2284 304 2333; x_wconf 81' lang='lat' dir='ltr'>dere</span> <span class='ocrx_word' id='word_1_255' title='bbox 343 2285 524 2344; x_wconf 66' lang='lat' dir='ltr'>adeyit:</span> <span class='ocrx_word' id='word_1_256' title='bbox 574 2284 790 2345; x_wconf 86' lang='lat' dir='ltr'>piissimi</span> <span class='ocrx_word' id='word_1_257' title='bbox 827 2283 900 2330; x_wconf 93' lang='lat' dir='ltr'>fili</span> <span class='ocrx_word' id='word_1_258' title='bbox 940 2285 990 2330; x_wconf 88' lang='lat' dir='ltr'>et</span> <span class='ocrx_word' id='word_1_259' title='bbox 1027 2285 1295 2331; x_wconf 85' lang='lat' dir='ltr'>reverentis</span> <span class='ocrx_word' id='word_1_260' title='bbox 1336 2281 1499 2330; x_wconf 87' lang='lat' dir='ltr'>officia</span> <span class='ocrx_word' id='word_1_261' title='bbox 1539 2283 1796 2329; x_wconf 87' lang='lat' dir='ltr'>executum</span> <span class='ocrx_word' id='word_1_262' title='bbox 1835 2294 1886 2328; x_wconf 88' lang='lat' dir='ltr'>se</span> <span class='ocrx_word' id='word_1_263' title='bbox 1961 2269 1996 2330; x_wconf 46' lang='grc' dir='ltr'>,ξ’</span> 
     </span>
     <span class='ocr_line' id='line_1_36' title="bbox 192 2355 1980 2420; baseline -0.003 -14"><span class='ocrx_word' id='word_1_264' title='bbox 192 2360 246 2406; x_wconf 90' lang='lat' dir='ltr'>in</span> <span class='ocrx_word' id='word_1_265' title='bbox 284 2359 602 2420; x_wconf 87' lang='lat' dir='ltr'>responsione</span> <span class='ocrx_word' id='word_1_266' title='bbox 641 2358 970 2420; x_wconf 85' lang='lat' dir='ltr'>prosequitur.</span> <span class='ocrx_word' id='word_1_267' title='bbox 1049 2357 1190 2419; x_wconf 89' lang='lat' dir='ltr'>quid,</span> <span class='ocrx_word' id='word_1_268' title='bbox 1229 2358 1415 2418; x_wconf 88' lang='lat' dir='ltr'>inquit,</span> <span class='ocrx_word' id='word_1_269' title='bbox 1455 2356 1606 2403; x_wconf 87' lang='lat' dir='ltr'>velles</span> <span class='ocrx_word' id='word_1_270' title='bbox 1655 2355 1884 2415; x_wconf 88' lang='lat' dir='ltr'>facerem,</span> <span class='ocrx_word' id='word_1_271' title='bbox 1949 2377 1980 2411; x_wconf 36' lang='grc' dir='ltr'>,ς</span> 
     </span>
     <span class='ocr_line' id='line_1_37' title="bbox 193 2427 1888 2494; baseline -0.003 -14"><span class='ocrx_word' id='word_1_272' title='bbox 193 2434 349 2494; x_wconf 87' lang='lat' dir='ltr'>pater,</span> <span class='ocrx_word' id='word_1_273' title='bbox 388 2432 487 2479; x_wconf 89' lang='lat' dir='ltr'>nisi</span> <span class='ocrx_word' id='word_1_274' title='bbox 523 2432 582 2478; x_wconf 88' lang='lat' dir='ltr'>ut</span> <span class='ocrx_word' id='word_1_275' title='bbox 619 2432 896 2492; x_wconf 89' lang='lat' dir='ltr'>praeceptis</span> <span class='ocrx_word' id='word_1_276' title='bbox 936 2432 1053 2491; x_wconf 85' lang='lat' dir='ltr'>tuis,</span> <span class='ocrx_word' id='word_1_277' title='bbox 1086 2431 1221 2478; x_wconf 87' lang='lat' dir='ltr'>duris</span> <span class='ocrx_word' id='word_1_278' title='bbox 1260 2430 1392 2490; x_wconf 88' lang='lat' dir='ltr'>licet,</span> <span class='ocrx_word' id='word_1_279' title='bbox 1425 2427 1752 2491; x_wconf 75' lang='lat' dir='ltr'>obsequerer?</span> <span class='ocrx_word' id='word_1_280' title='bbox 1791 2429 1888 2475; x_wconf 84' lang='lat' dir='ltr'>feci</span> 
     </span>
     <span class='ocr_line' id='line_1_38' title="bbox 170 2502 1969 2575; baseline -0.002 -21"><span class='ocrx_word' id='word_1_281' title='bbox 170 2506 480 2575; x_wconf 26' lang='grc' dir='ltr'>11301οὴοΠῒο</span> <span class='ocrx_word' id='word_1_282' title='bbox 521 2507 717 2567; x_wconf 87' lang='lat' dir='ltr'>saepius</span> <span class='ocrx_word' id='word_1_283' title='bbox 757 2506 806 2552; x_wconf 89' lang='lat' dir='ltr'>et</span> <span class='ocrx_word' id='word_1_284' title='bbox 845 2505 1037 2553; x_wconf 91' lang='lat' dir='ltr'>labores</span> <span class='ocrx_word' id='word_1_285' title='bbox 1078 2506 1236 2552; x_wconf 90' lang='lat' dir='ltr'>omnis</span> <span class='ocrx_word' id='word_1_286' title='bbox 1283 2506 1362 2551; x_wconf 91' lang='lat' dir='ltr'>tui</span> <span class='ocrx_word' id='word_1_287' title='bbox 1409 2519 1557 2561; x_wconf 84' lang='lat' dir='ltr'>causa</span> <span class='ocrx_word' id='word_1_288' title='bbox 1597 2503 1884 2563; x_wconf 86' lang='lat' dir='ltr'>contempsi.</span> <span class='ocrx_word' id='word_1_289' title='bbox 1909 2502 1969 2557; x_wconf 55' lang='lat' dir='ltr'>suf</span> 
     </span>
    </p>
   </div>
   <div class='ocr_carea' id='block_1_8' title="bbox 1951 1828 1974 1914">
    <p class='ocr_par' dir='ltr' id='par_1_11' title="bbox 1951 1828 1974 1914">
     <span class='ocr_line' id='line_1_39' title="bbox 1951 1828 1974 1914; baseline 0 0"><span class='ocrx_word' id='word_1_290' title='bbox 1951 1859 1974 1914; x_wconf 95' lang='lat' dir='ltr'>  </span> <span class='ocrx_word' id='word_1_291' title='bbox 1970 1828 1974 1872; x_wconf 95' lang='lat' dir='ltr'>   </span> 
     </span>
    </p>
   </div>
   <div class='ocr_carea' id='block_1_9' title="bbox 194 2615 551 2620">
    <p class='ocr_par' dir='ltr' id='par_1_12' title="bbox 194 2615 551 2620">
     <span class='ocr_line' id='line_1_40' title="bbox 194 2615 551 2620; baseline 0 0"><span class='ocrx_word' id='word_1_292' title='bbox 194 2615 551 2620; x_wconf 95' lang='lat' dir='ltr'> </span> 
     </span>
    </p>
   </div>
   <div class='ocr_carea' id='block_1_10' title="bbox 193 2672 1989 3075">
    <p class='ocr_par' dir='ltr' id='par_1_13' title="bbox 193 2672 1996 3075">
     <span class='ocr_line' id='line_1_41' title="bbox 316 2672 1888 2732; baseline -0.003 -12"><span class='ocrx_word' id='word_1_293' title='bbox 316 2681 339 2719; x_wconf 89' lang='lat'>1</span> <span class='ocrx_word' id='word_1_294' title='bbox 372 2689 551 2732; x_wconf 76' lang='lat' dir='ltr'>speram</span> <span class='ocrx_word' id='word_1_295' title='bbox 581 2675 624 2718; x_wconf 90' lang='lat' dir='ltr'><strong>V</strong></span> <span class='ocrx_word' id='word_1_296' title='bbox 653 2676 836 2732; x_wconf 77' lang='lat' dir='ltr'>speravi</span> <span class='ocrx_word' id='word_1_297' title='bbox 866 2675 936 2718; x_wconf 88' lang='lat' dir='ltr'>ed.</span> <span class='ocrx_word' id='word_1_298' title='bbox 1087 2679 1114 2717; x_wconf 86' lang='lat'>4</span> <span class='ocrx_word' id='word_1_299' title='bbox 1144 2674 1353 2731; x_wconf 72' lang='lat' dir='ltr'>yratulor</span> <span class='ocrx_word' id='word_1_300' title='bbox 1383 2674 1517 2718; x_wconf 73' lang='lat' dir='ltr'>inillo</span> <span class='ocrx_word' id='word_1_301' title='bbox 1548 2673 1590 2716; x_wconf 89' lang='lat' dir='ltr'>V</span> <span class='ocrx_word' id='word_1_302' title='bbox 1620 2686 1715 2716; x_wconf 71' lang='lat' dir='ltr'>trio‘n</span> <span class='ocrx_word' id='word_1_303' title='bbox 1745 2672 1888 2726; x_wconf 79' lang='lat' dir='ltr'>fuisse</span> 
     </span>
     <span class='ocr_line' id='line_1_42' title="bbox 194 2731 1886 2792; baseline -0.003 -14"><span class='ocrx_word' id='word_1_304' title='bbox 194 2735 416 2791; x_wconf 82' lang='lat' dir='ltr'>interpos.</span> <span class='ocrx_word' id='word_1_305' title='bbox 466 2734 536 2778; x_wconf 88' lang='lat' dir='ltr'>ed.</span> <span class='ocrx_word' id='word_1_306' title='bbox 577 2734 876 2792; x_wconf 83' lang='lat' dir='ltr'>negationem</span> <span class='ocrx_word' id='word_1_307' title='bbox 923 2734 1234 2778; x_wconf 83' lang='lat' dir='ltr'>necessariam</span> <span class='ocrx_word' id='word_1_308' title='bbox 1282 2733 1331 2776; x_wconf 91' lang='lat' dir='ltr'>in</span> <span class='ocrx_word' id='word_1_309' title='bbox 1378 2733 1512 2776; x_wconf 74' lang='lat' dir='ltr'>inillo</span> <span class='ocrx_word' id='word_1_310' title='bbox 1557 2732 1705 2776; x_wconf 82' lang='lat' dir='ltr'>latere</span> <span class='ocrx_word' id='word_1_311' title='bbox 1754 2731 1886 2778; x_wconf 77' lang='lat' dir='ltr'>ratus</span> 
     </span>
     <span class='ocr_line' id='line_1_43' title="bbox 193 2788 1988 2851; baseline -0.003 -13"><span class='ocrx_word' id='word_1_312' title='bbox 193 2795 324 2838; x_wconf 74' lang='lat' dir='ltr'>‘nullo</span> <span class='ocrx_word' id='word_1_313' title='bbox 356 2796 429 2851; x_wconf 87' lang='lat'>(=</span> <span class='ocrx_word' id='word_1_314' title='bbox 459 2793 593 2836; x_wconf 84' lang='lat' dir='ltr'>nulla</span> <span class='ocrx_word' id='word_1_315' title='bbox 623 2794 690 2850; x_wconf 88' lang='lat' dir='ltr'>re)</span> <span class='ocrx_word' id='word_1_316' title='bbox 723 2793 903 2849; x_wconf 87' lang='lat' dir='ltr'>scri-psi.</span> <span class='ocrx_word' id='word_1_317' title='bbox 1043 2796 1096 2836; x_wconf 90' lang='grc'>10</span> <span class='ocrx_word' id='word_1_318' title='bbox 1128 2794 1382 2837; x_wconf 74' lang='lat' dir='ltr'>discensum</span> <span class='ocrx_word' id='word_1_319' title='bbox 1411 2788 1466 2836; x_wconf 91' lang='lat' dir='ltr'>V.</span> <span class='ocrx_word' id='word_1_320' title='bbox 1597 2795 1648 2834; x_wconf 88' lang='lat'>11</span> <span class='ocrx_word' id='word_1_321' title='bbox 1683 2792 1890 2847; x_wconf 71' lang='lat' dir='ltr'>eoyita‘ns</span> <span class='ocrx_word' id='word_1_322' title='bbox 1944 2818 1957 2834; x_wconf 24' lang='lat'>⁷2</span> <span class='ocrx_word' id='word_1_323' title='bbox 1980 2820 1988 2833; x_wconf 60' lang='lat'><em>2</em></span> 
     </span>
     <span class='ocr_line' id='line_1_44' title="bbox 195 2848 1886 2910; baseline -0.002 -16"><span class='ocrx_word' id='word_1_324' title='bbox 195 2853 236 2894; x_wconf 95' lang='lat' dir='ltr'><strong>V</strong></span> <span class='ocrx_word' id='word_1_325' title='bbox 270 2853 341 2904; x_wconf 78' lang='lat' dir='ltr'>ed.</span> <span class='ocrx_word' id='word_1_326' title='bbox 375 2866 452 2910; x_wconf 76' lang='lat' dir='ltr'>eyo</span> <span class='ocrx_word' id='word_1_327' title='bbox 483 2857 618 2896; x_wconf 80' lang='lat' dir='ltr'>tuus?</span> <span class='ocrx_word' id='word_1_328' title='bbox 723 2856 778 2895; x_wconf 81' lang='lat'>13</span> <span class='ocrx_word' id='word_1_329' title='bbox 809 2857 936 2908; x_wconf 79' lang='lat' dir='ltr'>teque</span> <span class='ocrx_word' id='word_1_330' title='bbox 966 2851 1008 2895; x_wconf 87' lang='lat' dir='ltr'><strong>V</strong></span> <span class='ocrx_word' id='word_1_331' title='bbox 1039 2857 1080 2896; x_wconf 81' lang='lat' dir='ltr'>te</span> <span class='ocrx_word' id='word_1_332' title='bbox 1111 2866 1239 2908; x_wconf 79' lang='lat' dir='ltr'>quem</span> <span class='ocrx_word' id='word_1_333' title='bbox 1269 2865 1354 2894; x_wconf 82' lang='lat' dir='ltr'>nos</span> <span class='ocrx_word' id='word_1_334' title='bbox 1386 2856 1426 2895; x_wconf 84' lang='lat' dir='ltr'>te</span> <span class='ocrx_word' id='word_1_335' title='bbox 1458 2864 1545 2894; x_wconf 90' lang='lat' dir='ltr'>om.</span> <span class='ocrx_word' id='word_1_336' title='bbox 1572 2849 1642 2893; x_wconf 88' lang='lat' dir='ltr'>ed.</span> <span class='ocrx_word' id='word_1_337' title='bbox 1745 2853 1799 2893; x_wconf 86' lang='lat'>15</span> <span class='ocrx_word' id='word_1_338' title='bbox 1828 2848 1886 2897; x_wconf 73' lang='lat' dir='ltr'>li·</span> 
     </span>
     <span class='ocr_line' id='line_1_45' title="bbox 197 2907 1989 2965; baseline -0.003 -9"><span class='ocrx_word' id='word_1_339' title='bbox 197 2913 348 2956; x_wconf 67' lang='lat' dir='ltr'>beuter</span> <span class='ocrx_word' id='word_1_340' title='bbox 377 2912 515 2956; x_wconf 84' lang='lat' dir='ltr'>habeo</span> <span class='ocrx_word' id='word_1_341' title='bbox 546 2911 589 2956; x_wconf 92' lang='lat' dir='ltr'><strong>V</strong></span> <span class='ocrx_word' id='word_1_342' title='bbox 619 2911 732 2955; x_wconf 81' lang='lat' dir='ltr'>mihi</span> <span class='ocrx_word' id='word_1_343' title='bbox 762 2911 1144 2956; x_wconf 74' lang='lat' dir='ltr'>iucundissimum</span> <span class='ocrx_word' id='word_1_344' title='bbox 1176 2915 1239 2954; x_wconf 82' lang='lat' dir='ltr'>est</span> <span class='ocrx_word' id='word_1_345' title='bbox 1269 2910 1340 2954; x_wconf 89' lang='lat' dir='ltr'>ed.</span> <span class='ocrx_word' id='word_1_346' title='bbox 1471 2913 1528 2953; x_wconf 78' lang='lat'>20</span> <span class='ocrx_word' id='word_1_347' title='bbox 1555 2910 1711 2965; x_wconf 76' lang='lat' dir='ltr'>posuit</span> <span class='ocrx_word' id='word_1_348' title='bbox 1742 2907 1796 2951; x_wconf 93' lang='lat' dir='ltr'>V.</span> <span class='ocrx_word' id='word_1_349' title='bbox 1935 2962 1938 2964; x_wconf 14' lang='lat' dir='ltr'>v</span> <span class='ocrx_word' id='word_1_350' title='bbox 1980 2936 1989 2958; x_wconf 59' lang='grc'>,-</span> 
     </span>
     <span class='ocr_line' id='line_1_46' title="bbox 198 2967 1886 3026; baseline -0.002 -13"><span class='ocrx_word' id='word_1_351' title='bbox 198 2975 254 3014; x_wconf 81' lang='lat'>22</span> <span class='ocrx_word' id='word_1_352' title='bbox 286 2971 478 3015; x_wconf 74' lang='lat' dir='ltr'>inimica</span> <span class='ocrx_word' id='word_1_353' title='bbox 507 2969 550 3013; x_wconf 88' lang='lat' dir='ltr'>V</span> <span class='ocrx_word' id='word_1_354' title='bbox 581 2970 830 3014; x_wconf 73' lang='lat' dir='ltr'>inimicitia</span> <span class='ocrx_word' id='word_1_355' title='bbox 861 2969 933 3014; x_wconf 87' lang='lat' dir='ltr'>ed.</span> <span class='ocrx_word' id='word_1_356' title='bbox 977 2972 983 3026; x_wconf 84' lang='grc' dir='ltr'>Ι</span> <span class='ocrx_word' id='word_1_357' title='bbox 1034 2984 1087 3015; x_wconf 80' lang='lat' dir='ltr'>ac</span> <span class='ocrx_word' id='word_1_358' title='bbox 1117 2970 1313 3015; x_wconf 67' lang='lat' dir='ltr'>videntes</span> <span class='ocrx_word' id='word_1_359' title='bbox 1343 2982 1456 3014; x_wconf 76' lang='lat' dir='ltr'>aeva</span> <span class='ocrx_word' id='word_1_360' title='bbox 1486 2967 1540 3011; x_wconf 90' lang='lat' dir='ltr'>V.</span> <span class='ocrx_word' id='word_1_361' title='bbox 1684 2971 1738 3010; x_wconf 79' lang='lat'>25</span> <span class='ocrx_word' id='word_1_362' title='bbox 1771 2979 1886 3010; x_wconf 72' lang='lat' dir='ltr'>mor-</span> 
     </span>
     <span class='ocr_line' id='line_1_47' title="bbox 193 3028 1646 3075; baseline -0.003 0"><span class='ocrx_word' id='word_1_363' title='bbox 193 3035 283 3075; x_wconf 73' lang='lat' dir='ltr'>tem</span> <span class='ocrx_word' id='word_1_364' title='bbox 315 3029 386 3072; x_wconf 88' lang='lat' dir='ltr'>V.·</span> <span class='ocrx_word' id='word_1_365' title='bbox 481 3031 548 3073; x_wconf 74' lang='lat'>‘28</span> <span class='ocrx_word' id='word_1_366' title='bbox 579 3029 707 3074; x_wconf 78' lang='lat' dir='ltr'>vellis</span> <span class='ocrx_word' id='word_1_367' title='bbox 737 3028 778 3071; x_wconf 90' lang='lat' dir='ltr'><strong>V</strong></span> <span class='ocrx_word' id='word_1_368' title='bbox 809 3028 919 3074; x_wconf 73' lang='lat' dir='ltr'>velis</span> <span class='ocrx_word' id='word_1_369' title='bbox 949 3029 1020 3072; x_wconf 86' lang='lat' dir='ltr'>ed.</span> <span class='ocrx_word' id='word_1_370' title='bbox 1641 3045 1646 3051; x_wconf 95' lang='lat'><em>·</em></span> 
     </span>
    </p>
   </div>
  </div>
 </body>
</html>
