2014 3226
204 188 314 240 386
672 186 904 231 DONATI
933 185 1214 229 INTERPR.
1247 184 1427 228 VERG.

202 331 260 375 ut
314 342 462 389 supra
517 327 704 374 dictum
760 329 853 387 est,
907 326 1066 388 magis
1116 324 1231 371 inde
1287 327 1560 373 commotus
1616 329 1710 383 est,
1767 328 1898 389 quod

205 402 399 449 Aeneae
438 403 491 448 in
531 400 830 449 oblivionem
862 397 1225 461 quodammodo
1258 400 1474 446 venisset
1506 399 1670 459 Italia,
1704 403 1752 447 et
1785 417 1900 450 con-

205 476 410 524 sulentis
459 474 621 522 officio
661 474 961 521 Mercurium
1007 473 1166 532 misit,
1215 474 1301 533 qui
1349 471 1412 519 ad
1451 473 1658 521 meliora
1697 477 1746 521 et
1783 491 1896 536 pro-

203 551 313 611 pria
352 549 574 595 truderet
607 563 820 610 segnem.
877 546 1085 608 proinde
1119 548 1161 594 si
1193 547 1360 594 omnia
1391 546 1525 594 Iovis
1557 547 1714 609 ipsius
1747 549 1897 596 verba

205 623 596 681 considerentur,
666 621 793 686 nihil
854 620 1073 668 Hiarbae
1137 620 1555 681 contemplatione
1617 622 1897 670 invenietur
1943 641 1965 673 5

203 695 462 743 mandasse
494 695 738 742 Mercurio
772 710 861 742 nec
894 694 957 740 ad
987 694 1126 740 illius
1159 695 1380 755 aliquam
1413 694 1610 756 culpam
1649 698 1896 757 pertinere

202 772 390 832 poterit
429 771 513 831 qui
555 768 871 832 Carthaginis
911 768 1090 815 finibus
1132 768 1325 815 excludi
1363 771 1656 830 praeceptus
1697 773 1782 818 est.

313 843 543 898 Dioeerat,
597 843 826 904 Iuppiter
879 842 1087 889 scilicet:
1151 843 1381 902 conpleta
1436 844 1602 889 autem
1662 844 1895 892 iussionis

204 933 395 965 summa
436 917 692 980 subiungit
733 932 856 978 quos
897 919 1034 964 actus
1074 915 1254 963 habuit
1284 916 1570 964 Mercurius.
1627 918 1709 964 ille
1731 921 1896 977 patris

201 993 367 1050 matam
404 1006 586 1050 parere
623 992 846 1051 parabat
890 991 1091 1050 imperio
1139 994 1181 1037 et
1213 992 1435 1050 primum
1466 991 1675 1050 pedibus
1713 991 1896 1040 talaria
1921 1010 1965 1042 ιο

114 1071 199 1110 240
216 1066 358 1113 nectit
402 1080 579 1120 aurea,
626 1079 749 1124 quae
794 1065 1046 1112 sublimem
1092 1063 1185 1111 alis
1231 1066 1332 1111 sive
1370 1078 1583 1123 aequora
1620 1079 1774 1124 supra
1812 1081 1897 1114 seu

203 1142 383 1186 terram
427 1139 604 1198 rapido
643 1141 837 1199 pariter
884 1153 992 1185 cum
1037 1140 1235 1196 flamine
1281 1141 1489 1197 portant.
1566 1142 1669 1186 tusm
1706 1142 1896 1200 viryam

202 1215 353 1273 capit:
390 1214 481 1260 hac
520 1214 715 1260 animas
753 1213 834 1259 ille
874 1215 1033 1259 evocat
1071 1226 1178 1259 orco
1214 1213 1455 1270 pallentis,
1490 1213 1618 1260 alias
1649 1214 1737 1261 sub
1774 1214 1896 1261 Tar-

202 1291 313 1335 tara
359 1288 518 1334 tristia
563 1288 726 1342 mittit,
775 1287 861 1334 dat
903 1300 1096 1333 somnos
1139 1286 1402 1345 adimitque
1442 1289 1484 1334 et
1521 1286 1711 1334 lumina
1749 1291 1897 1336 morte

114 1367 197 1406 245
214 1362 441 1421 resignat.
517 1362 607 1408 illa
644 1362 800 1420 fretus
839 1361 938 1421 ayz't
975 1363 1138 1407 ventos
1178 1363 1220 1406 et
1257 1361 1454 1408 turbida
1493 1364 1661 1408 tranat
1700 1363 1895 1410 nubila:
1919 1379 1964 1412 15

199 1438 314 1496 post
368 1434 500 1482 dicta
554 1435 713 1496 patris
767 1435 1067 1494 Mercurius,
1127 1436 1186 1480 ut
1246 1435 1380 1482 iussa
1441 1436 1687 1495 potuisset
1746 1436 1896 1497 plena

202 1510 486 1557 executione
557 1509 807 1570 conplere,
876 1507 1154 1555 necessaria
1214 1508 1386 1556 usibus
1449 1509 1549 1556 suis
1614 1508 1894 1571 adhibebat,

202 1599 411 1645 quorum
452 1582 766 1630 adminiculis
807 1582 1006 1629 adiutus
1044 1584 1093 1630 et
1123 1582 1291 1630 volare
1324 1585 1492 1644 posset
1524 1584 1574 1629 et
1606 1598 1717 1630 cum
1746 1583 1895 1645 plena
1984 1635 1986 1638 ,

198 1659 446 1719 potestate
487 1657 550 1704 ad
589 1656 840 1704 destinata
880 1655 1184 1704 contendere.
1261 1658 1455 1716 iamque
1493 1657 1664 1704 volans
1710 1660 1896 1717 apicem

202 1734 244 1778 et
295 1731 451 1779 latera
505 1732 668 1779 ardua
722 1732 873 1778 ceruit
915 1728 1135 1777 Atlantis
1182 1730 1316 1786 duri,
1365 1730 1550 1778 caelum
1597 1733 1680 1790 qui
1724 1734 1896 1779 vertice
1918 1733 1989 1782 20¹³-

200 1803 352 1863 fulcit,
383 1804 603 1852 Atlautis
634 1807 855 1860 cinctum,
890 1805 1094 1852 adsidue
1125 1806 1203 1851 cui
1232 1805 1443 1852 nubibus
1475 1806 1598 1852 atris
1619 1806 1895 1865 piniferum
1972 1809 1978 1813 ”

112 1882 197 1922 250
216 1881 361 1938 caput
399 1882 442 1926 et
476 1881 614 1926 vento
644 1879 880 1940 pulsatur
919 1882 962 1925 et
997 1879 1165 1934 imbri,
1208 1880 1297 1926 πίω
1334 1893 1525 1926 umeros
1561 1880 1732 1939 infusa
1770 1881 1894 1939 teyit,
1983 1883 1986 1886 ’

201 1955 302 1999 tum
331 1954 540 2011 flumina
570 1957 726 2000 mento
749 1953 1084 2013 praecipitant
1113 1954 1242 2000 senis
1274 1955 1317 2000 et
1341 1954 1496 2012 ylacie
1531 1955 1657 2012 riyet
1690 1953 1894 2002 horrida
1984 2003 1985 2006 ,

201 2027 380 2074 barba:
433 2042 491 2073 ex
531 2027 786 2075 occasione
825 2025 1060 2074 describit
1097 2025 1322 2074 Atlantis
1362 2028 1513 2074 situm
1554 2030 1624 2088 et,
1672 2042 1784 2074 cum
1828 2029 1894 2075 sit

199 2115 362 2160 mons,
400 2102 589 2163 tamen,
630 2102 749 2162 quia
787 2100 1003 2153 hominis
1041 2100 1217 2148 habuit
1255 2115 1454 2157 nomen,
1492 2100 1623 2148 hunc
1663 2100 1895 2165 adsignat
1916 2119 1938 2151 ε
1963 2096 1985 2112 ’“

202 2173 290 2220 sub
331 2173 615 2222 definitione
653 2175 863 2222 humani
896 2175 1129 2236 corporis.
1188 2174 1376 2236 volans,
1407 2176 1589 2235 inquit,
1620 2175 1891 2223 Mercurius
1979 2189 1984 2200 “

202 2247 433 2294 cernebat
470 2248 630 2295 latera
666 2249 778 2296 duri
815 2248 1052 2296 Atlantis.
1131 2247 1311 2295 durum
1349 2248 1476 2295 dixit
1515 2264 1573 2295 ex
1612 2249 1706 2296 soli
1745 2251 1891 2311 saxis,
1972 2263 1979 2298 2

202 2323 251 2368 et
301 2321 386 2383 qui
424 2337 513 2383 per
551 2322 664 2369 duri
701 2323 937 2370 naturam
974 2322 1166 2370 roboris
1207 2322 1396 2369 caelum
1436 2321 1620 2370 vertice
1659 2337 1747 2371 suo
1787 2337 1890 2372 sus-
1974 2333 1982 2354 ‘

201 2395 359 2442 tinere
405 2396 650 2457 potuisset
695 2398 746 2444 et
790 2396 931 2443 ferre.
1017 2395 1228 2457 denique
1283 2396 1507 2458 sequitur
1560 2396 1749 2444 caelum
1806 2397 1891 2458 qui
1959 2387 1994 2435 2³*

201 2469 385 2516 vertice
431 2469 597 2530 fulcit,
644 2472 701 2517 ut
747 2469 1084 2517 ostenderetur
1131 2469 1254 2531 quid
1300 2471 1366 2518 sit
1408 2470 1533 2517 duri.
1610 2470 1736 2518 dixit
1774 2486 1890 2534 ergo

202 2542 401 2604 durum,
449 2542 625 2590 dehinc
671 2543 798 2591 dixit
843 2543 1034 2592 caelum
1081 2544 1167 2606 qui
1212 2545 1397 2592 vertice
1442 2543 1608 2605 fulcit,
1654 2546 1715 2591 ut
1752 2544 1890 2592 altis-

201 2617 382 2664 simum
435 2632 630 2678 quoque
683 2618 1005 2680 monstraret,
1064 2632 1219 2678 usque
1279 2617 1399 2666 adeo
1451 2619 1511 2664 ut
1563 2633 1652 2665 suo
1707 2619 1891 2666 vertice

201 2691 445 2738 sustineat
491 2690 705 2751 caelumz,
761 2692 811 2738 et
854 2690 947 2738 hoc
993 2690 1058 2738 ad
1094 2691 1405 2739 intellectum
1442 2694 1608 2753 potest
1647 2691 1890 2754 accedere,
1944 2710 1989 2762 13

1974 2161 1985 2185 ι·-

319 2820 345 2859 8
378 2816 597 2860 iussionis
619 2815 662 2858 R
685 2829 783 2860 -nes
806 2815 841 2858 L
867 2830 942 2860 -ne
966 2817 1018 2860 in
1041 2817 1112 2861 ed.
1209 2822 1262 2860 13
1294 2817 1367 2861 hic
1388 2816 1432 2860 R
1460 2817 1546 2860 hac
1567 2831 1603 2860 r.
1698 2821 1752 2860 15
1785 2831 1889 2861 ven·
1945 2827 1951 2836 ·

200 2875 259 2918 tis
290 2874 390 2918 LR.
545 2878 598 2918 17
632 2875 832 2919 executio
863 2875 933 2917 ed.
1089 2879 1143 2919 18
1174 2876 1407 2932 conpleria
1437 2875 1524 2918 LR
1560 2889 1662 2919 cum
1692 2876 1837 2932 plena
1865 2889 1891 2919 1·
1938 2872 1976 2936 3

199 2934 431 2978 commoda
461 2933 532 2978 ed.
672 2937 727 2976 21
759 2934 967 2978 Atlamtis
995 2934 1192 2979 cinctum
1224 2933 1444 2978 coniunxi
1473 2935 1666 2990 propter
1695 2935 1887 2990 interpr.
1953 2939 1986 2992 [γ

290 2996 344 3035 27
378 3006 434 3037 ex
462 2993 572 3037 solis
602 2993 708 3037 aoeis
738 2991 824 3035 LR
854 2994 1029 3036 temere
1059 2994 1174 3038 mut.
1207 2993 1278 3038 ed.
1400 2997 1457 3037 30
1486 2993 1629 3051 fulgit
1657 2992 1755 3036 LR.
1809 3018 1812 3022 ι
1851 2998 1856 3002 ’
1889 3021 1891 3024 <
1941 2998 1970 3059 ξ

1938 3077 1969 3102 *²¹

1927 3103 1970 3226 ἔ
