<?xml version="1.0" encoding="UTF-8"?>
<!DOCTYPE html PUBLIC "-//W3C//DTD XHTML 1.0 Transitional//EN"
    "http://www.w3.org/TR/xhtml1/DTD/xhtml1-transitional.dtd">
<html xmlns="http://www.w3.org/1999/xhtml" xml:lang="en" lang="en">
 <head>
  <title>
</title>
<meta http-equiv="Content-Type" content="text/html;charset=utf-8" />
  <meta name='ocr-system' content='tesseract 3.04.00' />
  <meta name='ocr-capabilities' content='ocr_page ocr_carea ocr_par ocr_line ocrx_word'/>
</head>
<body>
  <div class='ocr_page' id='page_1' title='image "./interpretationes01donauoft_0392.png"; bbox 0 0 2014 3226; ppageno 0'>
   <div class='ocr_carea' id='block_1_1' title="bbox 159 210 1381 265">
    <p class='ocr_par' dir='ltr' id='par_1_1' title="bbox 159 210 1381 265">
     <span class='ocr_line' id='line_1_1' title="bbox 159 210 1381 265; baseline -0.009 0"><span class='ocrx_word' id='word_1_1' title='bbox 159 213 267 265; x_wconf 77' lang='lat'>342</span> <span class='ocrx_word' id='word_1_2' title='bbox 627 210 859 254; x_wconf 83' lang='lat' dir='ltr'>DONATI</span> <span class='ocrx_word' id='word_1_3' title='bbox 889 210 1168 254; x_wconf 86' lang='lat' dir='ltr'><strong>INTERPR.</strong></span> <span class='ocrx_word' id='word_1_4' title='bbox 1207 210 1381 255; x_wconf 79' lang='lat' dir='ltr'><strong>VERG.</strong></span> 
     </span>
    </p>
   </div>
   <div class='ocr_carea' id='block_1_2' title="bbox 157 341 1995 699">
    <p class='ocr_par' dir='ltr' id='par_1_2' title="bbox 157 341 1995 699">
     <span class='ocr_line' id='line_1_2' title="bbox 157 341 1995 699; baseline -0.001 -298"><span class='ocrx_word' id='word_1_5' title='bbox 157 369 240 414; x_wconf 88' lang='lat' dir='ltr'>spe</span> <span class='ocrx_word' id='word_1_6' title='bbox 283 353 414 414; x_wconf 88' lang='lat' dir='ltr'>quod</span> <span class='ocrx_word' id='word_1_7' title='bbox 454 354 704 412; x_wconf 75' lang='lat' dir='ltr'>inpetrare</span> <span class='ocrx_word' id='word_1_8' title='bbox 739 350 1130 397; x_wconf 84' lang='lat' dir='ltr'>misericordiam</span> <span class='ocrx_word' id='word_1_9' title='bbox 1162 353 1341 412; x_wconf 88' lang='lat' dir='ltr'>posset.</span> <span class='ocrx_word' id='word_1_10' title='bbox 1404 351 1660 399; x_wconf 87' lang='lat' dir='ltr'>hominum</span> <span class='ocrx_word' id='word_1_11' title='bbox 1690 353 1846 400; x_wconf 91' lang='lat' dir='ltr'>mani·</span> <span class='ocrx_word' id='word_1_12' title='bbox 1979 341 1995 699; x_wconf 60' lang='lat'><strong>¹</strong></span> 
     </span>
    </p>
   </div>
   <div class='ocr_carea' id='block_1_3' title="bbox 1962 1012 2014 2083">
    <p class='ocr_par' dir='ltr' id='par_1_3' title="bbox 1962 1012 2014 2083">
     <span class='ocr_line' id='line_1_3' title="bbox 1962 1012 2014 2083; baseline 0 -410"><span class='ocrx_word' id='word_1_13' title='bbox 1962 1012 2014 2083; x_wconf 95' lang='lat' dir='ltr'>      </span> 
     </span>
    </p>
   </div>
   <div class='ocr_carea' id='block_1_4' title="bbox 63 424 2003 2632">
    <p class='ocr_par' dir='ltr' id='par_1_4' title="bbox 63 424 2003 2632">
     <span class='ocr_line' id='line_1_4' title="bbox 156 424 1848 488; baseline 0.001 -15"><span class='ocrx_word' id='word_1_14' title='bbox 156 427 245 473; x_wconf 87' lang='lat' dir='ltr'>bus</span> <span class='ocrx_word' id='word_1_15' title='bbox 285 427 488 488; x_wconf 87' lang='lat' dir='ltr'>periisse</span> <span class='ocrx_word' id='word_1_16' title='bbox 529 424 743 471; x_wconf 85' lang='lat' dir='ltr'>iuvabit:</span> <span class='ocrx_word' id='word_1_17' title='bbox 790 425 968 484; x_wconf 87' lang='lat' dir='ltr'>feram,</span> <span class='ocrx_word' id='word_1_18' title='bbox 1008 425 1197 486; x_wconf 88' lang='lat' dir='ltr'>inquit,</span> <span class='ocrx_word' id='word_1_19' title='bbox 1236 440 1429 472; x_wconf 86' lang='lat' dir='ltr'>mecum</span> <span class='ocrx_word' id='word_1_20' title='bbox 1468 425 1705 473; x_wconf 88' lang='lat' dir='ltr'>solacium</span> <span class='ocrx_word' id='word_1_21' title='bbox 1743 442 1848 475; x_wconf 91' lang='lat' dir='ltr'>mo-</span> 
     </span>
     <span class='ocr_line' id='line_1_5' title="bbox 156 497 1846 560; baseline 0 -12"><span class='ocrx_word' id='word_1_22' title='bbox 156 502 302 559; x_wconf 83' lang='lat' dir='ltr'>rienS,</span> <span class='ocrx_word' id='word_1_23' title='bbox 345 500 475 560; x_wconf 90' lang='lat' dir='ltr'>quod</span> <span class='ocrx_word' id='word_1_24' title='bbox 514 515 613 546; x_wconf 92' lang='lat' dir='ltr'>non</span> <span class='ocrx_word' id='word_1_25' title='bbox 652 499 869 545; x_wconf 86' lang='lat' dir='ltr'>ferarum</span> <span class='ocrx_word' id='word_1_26' title='bbox 906 497 1167 559; x_wconf 82' lang='lat' dir='ltr'>morsibus,</span> <span class='ocrx_word' id='word_1_27' title='bbox 1200 498 1285 546; x_wconf 91' lang='lat' dir='ltr'>sed</span> <span class='ocrx_word' id='word_1_28' title='bbox 1323 499 1580 546; x_wconf 91' lang='lat' dir='ltr'>hominum</span> <span class='ocrx_word' id='word_1_29' title='bbox 1617 499 1846 548; x_wconf 90' lang='lat' dir='ltr'>manibus</span> 
     </span>
     <span class='ocr_line' id='line_1_6' title="bbox 155 573 1848 635; baseline 0.001 -15"><span class='ocrx_word' id='word_1_30' title='bbox 155 576 315 635; x_wconf 86' lang='lat' dir='ltr'>perire</span> <span class='ocrx_word' id='word_1_31' title='bbox 365 574 644 620; x_wconf 80' lang='lat' dir='ltr'>commerui.</span> <span class='ocrx_word' id='word_1_32' title='bbox 722 573 913 619; x_wconf 73' lang='lat' dir='ltr'>dixerat</span> <span class='ocrx_word' id='word_1_33' title='bbox 959 575 1002 618; x_wconf 84' lang='lat' dir='ltr'>et</span> <span class='ocrx_word' id='word_1_34' title='bbox 1042 587 1204 631; x_wconf 75' lang='lat' dir='ltr'>yenita</span> <span class='ocrx_word' id='word_1_35' title='bbox 1253 573 1504 632; x_wconf 77' lang='lat' dir='ltr'>amplexus</span> <span class='ocrx_word' id='word_1_36' title='bbox 1553 575 1848 633; x_wconf 61' lang='lat' dir='ltr'>,qenibusque</span> 
     </span>
     <span class='ocr_line' id='line_1_7' title="bbox 155 645 1985 706; baseline 0.001 -12"><span class='ocrx_word' id='word_1_37' title='bbox 155 650 376 695; x_wconf 75' lang='lat' dir='ltr'>volutans</span> <span class='ocrx_word' id='word_1_38' title='bbox 437 648 686 693; x_wconf 74' lang='lat' dir='ltr'>haerebat:</span> <span class='ocrx_word' id='word_1_39' title='bbox 748 661 846 692; x_wconf 94' lang='lat' dir='ltr'>non</span> <span class='ocrx_word' id='word_1_40' title='bbox 909 646 1070 692; x_wconf 90' lang='lat' dir='ltr'>solum</span> <span class='ocrx_word' id='word_1_41' title='bbox 1132 645 1328 693; x_wconf 88' lang='lat' dir='ltr'>fletibus</span> <span class='ocrx_word' id='word_1_42' title='bbox 1393 661 1449 693; x_wconf 90' lang='lat' dir='ltr'>ac</span> <span class='ocrx_word' id='word_1_43' title='bbox 1503 662 1620 694; x_wconf 86' lang='lat' dir='ltr'>voce</span> <span class='ocrx_word' id='word_1_44' title='bbox 1676 662 1847 695; x_wconf 88' lang='lat' dir='ltr'>verum</span> <span class='ocrx_word' id='word_1_45' title='bbox 1893 667 1912 697; x_wconf 86' lang='lat'>5</span> <span class='ocrx_word' id='word_1_46' title='bbox 1983 704 1985 706; x_wconf 16' lang='lat'><strong><em>¹</em></strong></span> 
     </span>
     <span class='ocr_line' id='line_1_8' title="bbox 156 716 1992 782; baseline 0 -14"><span class='ocrx_word' id='word_1_47' title='bbox 156 723 307 768; x_wconf 86' lang='lat' dir='ltr'>etiam</span> <span class='ocrx_word' id='word_1_48' title='bbox 362 720 607 780; x_wconf 87' lang='lat' dir='ltr'>obsequiis</span> <span class='ocrx_word' id='word_1_49' title='bbox 666 719 883 780; x_wconf 86' lang='lat' dir='ltr'>corporis</span> <span class='ocrx_word' id='word_1_50' title='bbox 939 719 1263 780; x_wconf 87' lang='lat' dir='ltr'>extorquebat</span> <span class='ocrx_word' id='word_1_51' title='bbox 1310 720 1485 767; x_wconf 91' lang='lat' dir='ltr'>salutis</span> <span class='ocrx_word' id='word_1_52' title='bbox 1533 720 1846 782; x_wconf 73' lang='lat' dir='ltr'>beneficium,</span> <span class='ocrx_word' id='word_1_53' title='bbox 1981 716 1992 735; x_wconf 76' lang='lat'>&#39;</span> 
     </span>
     <span class='ocr_line' id='line_1_9' title="bbox 155 755 2003 896; baseline 0.001 -55"><span class='ocrx_word' id='word_1_54' title='bbox 155 795 359 857; x_wconf 84' lang='lat' dir='ltr'>genibus</span> <span class='ocrx_word' id='word_1_55' title='bbox 407 795 537 840; x_wconf 91' lang='lat' dir='ltr'>enim</span> <span class='ocrx_word' id='word_1_56' title='bbox 578 793 829 840; x_wconf 73' lang='lat' dir='ltr'>nitebatur</span> <span class='ocrx_word' id='word_1_57' title='bbox 866 808 955 855; x_wconf 89' lang='lat' dir='ltr'>per</span> <span class='ocrx_word' id='word_1_58' title='bbox 992 794 1179 840; x_wconf 87' lang='lat' dir='ltr'>terram</span> <span class='ocrx_word' id='word_1_59' title='bbox 1218 796 1267 841; x_wconf 91' lang='lat' dir='ltr'>et</span> <span class='ocrx_word' id='word_1_60' title='bbox 1307 809 1469 856; x_wconf 88' lang='lat' dir='ltr'>genua</span> <span class='ocrx_word' id='word_1_61' title='bbox 1493 831 1687 842; x_wconf 88' lang='grc'><strong>......</strong></span> <span class='ocrx_word' id='word_1_62' title='bbox 1727 797 1844 842; x_wconf 89' lang='lat' dir='ltr'>reti·</span> <span class='ocrx_word' id='word_1_63' title='bbox 1994 755 2003 896; x_wconf 50' lang='grc'><em>3</em></span> 
     </span>
     <span class='ocr_line' id='line_1_10' title="bbox 154 867 1846 929; baseline 0.001 -14"><span class='ocrx_word' id='word_1_64' title='bbox 154 869 303 915; x_wconf 85' lang='lat' dir='ltr'>nebat</span> <span class='ocrx_word' id='word_1_65' title='bbox 343 867 664 929; x_wconf 79' lang='lat' dir='ltr'>amplexibus.</span> <span class='ocrx_word' id='word_1_66' title='bbox 743 869 826 927; x_wconf 77' lang='lat' dir='ltr'>qui</span> <span class='ocrx_word' id='word_1_67' title='bbox 862 868 927 915; x_wconf 84' lang='lat' dir='ltr'>sit</span> <span class='ocrx_word' id='word_1_68' title='bbox 962 868 1089 926; x_wconf 80' lang='lat' dir='ltr'>fari,</span> <span class='ocrx_word' id='word_1_69' title='bbox 1139 883 1229 927; x_wconf 77' lang='lat' dir='ltr'>quo</span> <span class='ocrx_word' id='word_1_70' title='bbox 1269 870 1508 927; x_wconf 68' lang='lat' dir='ltr'>sanquine</span> <span class='ocrx_word' id='word_1_71' title='bbox 1547 871 1701 916; x_wconf 79' lang='lat' dir='ltr'>cretus</span> <span class='ocrx_word' id='word_1_72' title='bbox 1738 869 1846 916; x_wconf 80' lang='lat' dir='ltr'>hor-</span> 
     </span>
     <span class='ocr_line' id='line_1_11' title="bbox 154 941 2001 1027; baseline 0.001 -38"><span class='ocrx_word' id='word_1_73' title='bbox 154 947 329 997; x_wconf 76' lang='lat' dir='ltr'>tamur,</span> <span class='ocrx_word' id='word_1_74' title='bbox 357 956 480 1001; x_wconf 73' lang='lat' dir='ltr'>quae</span> <span class='ocrx_word' id='word_1_75' title='bbox 511 942 681 989; x_wconf 82' lang='lat' dir='ltr'>deinde</span> <span class='ocrx_word' id='word_1_76' title='bbox 713 942 859 1001; x_wconf 69' lang='lat' dir='ltr'>ayitet</span> <span class='ocrx_word' id='word_1_77' title='bbox 886 941 1088 1000; x_wconf 74' lang='lat' dir='ltr'>fortuna</span> <span class='ocrx_word' id='word_1_78' title='bbox 1119 943 1292 1000; x_wconf 78' lang='lat' dir='ltr'>fateri:</span> <span class='ocrx_word' id='word_1_79' title='bbox 1328 941 1428 989; x_wconf 88' lang='lat' dir='ltr'>tria</span> <span class='ocrx_word' id='word_1_80' title='bbox 1461 943 1687 1003; x_wconf 90' lang='lat' dir='ltr'>quaesita</span> <span class='ocrx_word' id='word_1_81' title='bbox 1716 945 1845 1004; x_wconf 91' lang='lat' dir='ltr'>sunt,</span> <span class='ocrx_word' id='word_1_82' title='bbox 1997 950 2001 1027; x_wconf 71' lang='grc'>1</span> 
     </span>
     <span class='ocr_line' id='line_1_12' title="bbox 154 1015 2001 1108; baseline 0.002 -45"><span class='ocrx_word' id='word_1_83' title='bbox 154 1032 330 1064; x_wconf 90' lang='lat' dir='ltr'>nomen</span> <span class='ocrx_word' id='word_1_84' title='bbox 371 1018 488 1076; x_wconf 89' lang='lat' dir='ltr'>eius,</span> <span class='ocrx_word' id='word_1_85' title='bbox 531 1015 707 1077; x_wconf 87' lang='lat' dir='ltr'>quibus</span> <span class='ocrx_word' id='word_1_86' title='bbox 748 1017 875 1063; x_wconf 89' lang='lat' dir='ltr'>esset</span> <span class='ocrx_word' id='word_1_87' title='bbox 913 1015 1138 1076; x_wconf 90' lang='lat' dir='ltr'>prolatus</span> <span class='ocrx_word' id='word_1_88' title='bbox 1173 1015 1462 1076; x_wconf 89' lang='lat' dir='ltr'>parentibus</span> <span class='ocrx_word' id='word_1_89' title='bbox 1496 1032 1685 1077; x_wconf 87' lang='lat' dir='ltr'>quaeve</span> <span class='ocrx_word' id='word_1_90' title='bbox 1718 1019 1845 1065; x_wconf 90' lang='lat' dir='ltr'>esset</span> <span class='ocrx_word' id='word_1_91' title='bbox 1869 1034 1912 1066; x_wconf 89' lang='lat'>10</span> <span class='ocrx_word' id='word_1_92' title='bbox 1995 1028 2001 1108; x_wconf 53' lang='lat' dir='ltr'>j</span> 
     </span>
     <span class='ocr_line' id='line_1_13' title="bbox 154 1089 2001 1148; baseline 0.001 -12"><span class='ocrx_word' id='word_1_93' title='bbox 154 1092 257 1137; x_wconf 89' lang='lat' dir='ltr'>eius</span> <span class='ocrx_word' id='word_1_94' title='bbox 312 1090 526 1137; x_wconf 88' lang='lat' dir='ltr'>fortuna.</span> <span class='ocrx_word' id='word_1_95' title='bbox 604 1090 725 1137; x_wconf 88' lang='lat' dir='ltr'>haec</span> <span class='ocrx_word' id='word_1_96' title='bbox 778 1091 835 1136; x_wconf 93' lang='lat' dir='ltr'>ut</span> <span class='ocrx_word' id='word_1_97' title='bbox 881 1089 1122 1136; x_wconf 84' lang='lat' dir='ltr'>fateretur</span> <span class='ocrx_word' id='word_1_98' title='bbox 1167 1089 1482 1138; x_wconf 88' lang='lat' dir='ltr'>hortamenta</span> <span class='ocrx_word' id='word_1_99' title='bbox 1528 1092 1699 1138; x_wconf 89' lang='lat' dir='ltr'>nostra</span> <span class='ocrx_word' id='word_1_100' title='bbox 1745 1106 1846 1138; x_wconf 92' lang='lat' dir='ltr'>non</span> <span class='ocrx_word' id='word_1_101' title='bbox 1995 1109 2001 1148; x_wconf 68' lang='grc'>,1</span> 
     </span>
     <span class='ocr_line' id='line_1_14' title="bbox 153 1164 1844 1226; baseline 0.001 -15"><span class='ocrx_word' id='word_1_102' title='bbox 153 1164 368 1211; x_wconf 80' lang='lat' dir='ltr'>deerant.</span> <span class='ocrx_word' id='word_1_103' title='bbox 448 1165 546 1210; x_wconf 87' lang='lat' dir='ltr'>fari</span> <span class='ocrx_word' id='word_1_104' title='bbox 593 1166 642 1210; x_wconf 89' lang='lat' dir='ltr'>et</span> <span class='ocrx_word' id='word_1_105' title='bbox 686 1164 836 1210; x_wconf 87' lang='lat' dir='ltr'>fateri</span> <span class='ocrx_word' id='word_1_106' title='bbox 882 1179 980 1210; x_wconf 92' lang='lat' dir='ltr'>uno</span> <span class='ocrx_word' id='word_1_107' title='bbox 1030 1164 1138 1210; x_wconf 88' lang='lat' dir='ltr'>loco</span> <span class='ocrx_word' id='word_1_108' title='bbox 1185 1165 1374 1225; x_wconf 85' lang='lat' dir='ltr'>posuit,</span> <span class='ocrx_word' id='word_1_109' title='bbox 1430 1164 1561 1224; x_wconf 90' lang='lat' dir='ltr'>quod</span> <span class='ocrx_word' id='word_1_110' title='bbox 1607 1179 1705 1212; x_wconf 92' lang='lat' dir='ltr'>non</span> <span class='ocrx_word' id='word_1_111' title='bbox 1753 1180 1844 1226; x_wconf 90' lang='lat' dir='ltr'>pro</span> 
     </span>
     <span class='ocr_line' id='line_1_15' title="bbox 151 1236 1845 1300; baseline 0.001 -16"><span class='ocrx_word' id='word_1_112' title='bbox 151 1253 248 1285; x_wconf 91' lang='lat' dir='ltr'>uno</span> <span class='ocrx_word' id='word_1_113' title='bbox 290 1239 438 1299; x_wconf 87' lang='lat' dir='ltr'>atque</span> <span class='ocrx_word' id='word_1_114' title='bbox 479 1238 651 1285; x_wconf 91' lang='lat' dir='ltr'>eodem</span> <span class='ocrx_word' id='word_1_115' title='bbox 674 1236 926 1300; x_wconf 84' lang='lat' dir='ltr'>Vergilius</span> <span class='ocrx_word' id='word_1_116' title='bbox 965 1237 1190 1299; x_wconf 84' lang='lat' dir='ltr'>intellegi</span> <span class='ocrx_word' id='word_1_117' title='bbox 1229 1237 1402 1286; x_wconf 87' lang='lat' dir='ltr'>voluit.</span> <span class='ocrx_word' id='word_1_118' title='bbox 1465 1239 1561 1285; x_wconf 89' lang='lat' dir='ltr'>fari</span> <span class='ocrx_word' id='word_1_119' title='bbox 1600 1240 1675 1285; x_wconf 89' lang='lat' dir='ltr'>est</span> <span class='ocrx_word' id='word_1_120' title='bbox 1713 1239 1845 1286; x_wconf 82' lang='lat' dir='ltr'>enim</span> 
     </span>
     <span class='ocr_line' id='line_1_16' title="bbox 152 1311 1985 1374; baseline 0.001 -15"><span class='ocrx_word' id='word_1_121' title='bbox 152 1312 444 1374; x_wconf 90' lang='lat' dir='ltr'>simpliciter</span> <span class='ocrx_word' id='word_1_122' title='bbox 499 1311 688 1372; x_wconf 90' lang='lat' dir='ltr'>aliquid</span> <span class='ocrx_word' id='word_1_123' title='bbox 741 1311 944 1371; x_wconf 86' lang='lat' dir='ltr'>referre,</span> <span class='ocrx_word' id='word_1_124' title='bbox 1006 1311 1155 1358; x_wconf 87' lang='lat' dir='ltr'>fateri</span> <span class='ocrx_word' id='word_1_125' title='bbox 1219 1314 1385 1358; x_wconf 87' lang='lat' dir='ltr'>autem</span> <span class='ocrx_word' id='word_1_126' title='bbox 1439 1328 1496 1358; x_wconf 87' lang='lat' dir='ltr'>ex</span> <span class='ocrx_word' id='word_1_127' title='bbox 1550 1314 1842 1360; x_wconf 81' lang='lat' dir='ltr'>necessitate</span> <span class='ocrx_word' id='word_1_128' title='bbox 1983 1358 1985 1365; x_wconf 87' lang='grc'>,</span> 
     </span>
     <span class='ocr_line' id='line_1_17' title="bbox 152 1369 1997 1449; baseline 0.002 -17"><span class='ocrx_word' id='word_1_129' title='bbox 152 1401 277 1447; x_wconf 89' lang='lat' dir='ltr'>quae</span> <span class='ocrx_word' id='word_1_130' title='bbox 318 1387 504 1434; x_wconf 90' lang='lat' dir='ltr'>secreto</span> <span class='ocrx_word' id='word_1_131' title='bbox 546 1386 876 1448; x_wconf 86' lang='lat' dir='ltr'>conteguntur</span> <span class='ocrx_word' id='word_1_132' title='bbox 914 1384 1182 1446; x_wconf 80' lang='lat' dir='ltr'>publicare.</span> <span class='ocrx_word' id='word_1_133' title='bbox 1245 1386 1383 1447; x_wconf 90' lang='lat' dir='ltr'>loqui</span> <span class='ocrx_word' id='word_1_134' title='bbox 1425 1401 1541 1449; x_wconf 87' lang='lat' dir='ltr'>ergo</span> <span class='ocrx_word' id='word_1_135' title='bbox 1582 1385 1752 1433; x_wconf 89' lang='lat' dir='ltr'>debuit</span> <span class='ocrx_word' id='word_1_136' title='bbox 1787 1388 1909 1437; x_wconf 87' lang='lat' dir='ltr'>ut15</span> <span class='ocrx_word' id='word_1_137' title='bbox 1983 1369 1997 1442; x_wconf 68' lang='lat'>„⁴</span> 
     </span>
     <span class='ocr_line' id='line_1_18' title="bbox 65 1459 1843 1522; baseline 0.001 -15"><span class='ocrx_word' id='word_1_138' title='bbox 65 1463 151 1502; x_wconf 82' lang='lat'>610</span> <span class='ocrx_word' id='word_1_139' title='bbox 170 1460 396 1522; x_wconf 87' lang='lat' dir='ltr'>supplex,</span> <span class='ocrx_word' id='word_1_140' title='bbox 445 1462 494 1508; x_wconf 91' lang='lat' dir='ltr'>et</span> <span class='ocrx_word' id='word_1_141' title='bbox 541 1459 764 1508; x_wconf 85' lang='lat' dir='ltr'>confiteri</span> <span class='ocrx_word' id='word_1_142' title='bbox 812 1460 899 1520; x_wconf 88' lang='lat' dir='ltr'>qui</span> <span class='ocrx_word' id='word_1_143' title='bbox 944 1460 1022 1506; x_wconf 89' lang='lat' dir='ltr'>tot</span> <span class='ocrx_word' id='word_1_144' title='bbox 1061 1460 1299 1507; x_wconf 87' lang='lat' dir='ltr'>scelerum</span> <span class='ocrx_word' id='word_1_145' title='bbox 1338 1460 1500 1507; x_wconf 89' lang='lat' dir='ltr'>fuerat</span> <span class='ocrx_word' id='word_1_146' title='bbox 1538 1475 1663 1507; x_wconf 91' lang='lat' dir='ltr'>reus.</span> <span class='ocrx_word' id='word_1_147' title='bbox 1740 1462 1843 1519; x_wconf 78' lang='lat' dir='ltr'>ipse</span> 
     </span>
     <span class='ocr_line' id='line_1_19' title="bbox 141 1531 1844 1593; baseline 0 -11"><span class='ocrx_word' id='word_1_148' title='bbox 141 1538 286 1593; x_wconf 75' lang='lat' dir='ltr'>pater</span> <span class='ocrx_word' id='word_1_149' title='bbox 339 1536 559 1582; x_wconf 77' lang='lat' dir='ltr'>dextram</span> <span class='ocrx_word' id='word_1_150' title='bbox 603 1531 840 1580; x_wconf 74' lang='lat' dir='ltr'>Anchises</span> <span class='ocrx_word' id='word_1_151' title='bbox 893 1534 1014 1580; x_wconf 77' lang='lat' dir='ltr'>haut</span> <span class='ocrx_word' id='word_1_152' title='bbox 1064 1533 1218 1580; x_wconf 81' lang='lat' dir='ltr'>multa</span> <span class='ocrx_word' id='word_1_153' title='bbox 1270 1538 1489 1581; x_wconf 76' lang='lat' dir='ltr'>moratas</span> <span class='ocrx_word' id='word_1_154' title='bbox 1543 1535 1630 1582; x_wconf 85' lang='lat' dir='ltr'>dat</span> <span class='ocrx_word' id='word_1_155' title='bbox 1679 1536 1844 1582; x_wconf 82' lang='lat' dir='ltr'>iuveni</span> 
     </span>
     <span class='ocr_line' id='line_1_20' title="bbox 151 1607 1842 1667; baseline 0 -12"><span class='ocrx_word' id='word_1_156' title='bbox 151 1611 290 1667; x_wconf 77' lang='lat' dir='ltr'>atque</span> <span class='ocrx_word' id='word_1_157' title='bbox 344 1610 564 1656; x_wconf 78' lang='lat' dir='ltr'>animum</span> <span class='ocrx_word' id='word_1_158' title='bbox 599 1608 851 1667; x_wconf 74' lang='lat' dir='ltr'>praesenti</span> <span class='ocrx_word' id='word_1_159' title='bbox 889 1608 1096 1667; x_wconf 72' lang='lat' dir='ltr'>piynore</span> <span class='ocrx_word' id='word_1_160' title='bbox 1141 1609 1332 1667; x_wconf 71' lang='lat' dir='ltr'>firmat:</span> <span class='ocrx_word' id='word_1_161' title='bbox 1391 1607 1719 1656; x_wconf 85' lang='lat' dir='ltr'>hortamentis</span> <span class='ocrx_word' id='word_1_162' title='bbox 1768 1609 1842 1656; x_wconf 89' lang='lat' dir='ltr'>ait</span> 
     </span>
     <span class='ocr_line' id='line_1_21' title="bbox 150 1680 1842 1744; baseline 0.001 -16"><span class='ocrx_word' id='word_1_163' title='bbox 150 1682 332 1730; x_wconf 87' lang='lat' dir='ltr'>nostris</span> <span class='ocrx_word' id='word_1_164' title='bbox 379 1685 523 1744; x_wconf 90' lang='lat' dir='ltr'>pater</span> <span class='ocrx_word' id='word_1_165' title='bbox 568 1696 705 1730; x_wconf 91' lang='lat' dir='ltr'>meus</span> <span class='ocrx_word' id='word_1_166' title='bbox 751 1681 904 1729; x_wconf 88' lang='lat' dir='ltr'>robur</span> <span class='ocrx_word' id='word_1_167' title='bbox 942 1680 1125 1729; x_wconf 86' lang='lat' dir='ltr'>adiecit</span> <span class='ocrx_word' id='word_1_168' title='bbox 1162 1681 1463 1744; x_wconf 87' lang='lat' dir='ltr'>porrigendo</span> <span class='ocrx_word' id='word_1_169' title='bbox 1504 1683 1550 1729; x_wconf 92' lang='lat' dir='ltr'>ei</span> <span class='ocrx_word' id='word_1_170' title='bbox 1589 1682 1842 1730; x_wconf 89' lang='lat' dir='ltr'>dexteram</span> 
     </span>
     <span class='ocr_line' id='line_1_22' title="bbox 150 1751 1977 1818; baseline 0.002 -15"><span class='ocrx_word' id='word_1_171' title='bbox 150 1771 305 1816; x_wconf 89' lang='lat' dir='ltr'>suam,</span> <span class='ocrx_word' id='word_1_172' title='bbox 346 1756 477 1818; x_wconf 91' lang='lat' dir='ltr'>quod</span> <span class='ocrx_word' id='word_1_173' title='bbox 517 1757 636 1818; x_wconf 88' lang='lat' dir='ltr'>quia</span> <span class='ocrx_word' id='word_1_174' title='bbox 677 1755 774 1802; x_wconf 91' lang='lat' dir='ltr'>fuit</span> <span class='ocrx_word' id='word_1_175' title='bbox 811 1755 1191 1815; x_wconf 85' lang='lat' dir='ltr'>benivolentiae,</span> <span class='ocrx_word' id='word_1_176' title='bbox 1236 1755 1511 1803; x_wconf 89' lang='lat' dir='ltr'>dubitantis</span> <span class='ocrx_word' id='word_1_177' title='bbox 1551 1756 1743 1804; x_wconf 88' lang='lat' dir='ltr'>animus</span> <span class='ocrx_word' id='word_1_178' title='bbox 1783 1771 1841 1804; x_wconf 89' lang='lat' dir='ltr'>ac</span> <span class='ocrx_word' id='word_1_179' title='bbox 1865 1774 1908 1806; x_wconf 74' lang='lat'>20</span> <span class='ocrx_word' id='word_1_180' title='bbox 1968 1751 1977 1763; x_wconf 59' lang='lat'><strong><em>⁹</em></strong></span> 
     </span>
     <span class='ocr_line' id='line_1_23' title="bbox 150 1822 1974 1892; baseline 0 -15"><span class='ocrx_word' id='word_1_181' title='bbox 150 1831 376 1891; x_wconf 83' lang='lat' dir='ltr'>paventis</span> <span class='ocrx_word' id='word_1_182' title='bbox 408 1829 631 1878; x_wconf 89' lang='lat' dir='ltr'>firmatus</span> <span class='ocrx_word' id='word_1_183' title='bbox 665 1832 737 1877; x_wconf 88' lang='lat' dir='ltr'>est</span> <span class='ocrx_word' id='word_1_184' title='bbox 770 1831 820 1876; x_wconf 92' lang='lat' dir='ltr'>et</span> <span class='ocrx_word' id='word_1_185' title='bbox 851 1844 1047 1877; x_wconf 88' lang='lat' dir='ltr'>securus</span> <span class='ocrx_word' id='word_1_186' title='bbox 1089 1830 1303 1878; x_wconf 86' lang='lat' dir='ltr'>effectus.</span> <span class='ocrx_word' id='word_1_187' title='bbox 1366 1829 1578 1891; x_wconf 88' lang='lat' dir='ltr'>denique</span> <span class='ocrx_word' id='word_1_188' title='bbox 1618 1831 1842 1892; x_wconf 88' lang='lat' dir='ltr'>sequitur</span> <span class='ocrx_word' id='word_1_189' title='bbox 1967 1822 1974 1835; x_wconf 34' lang='lat'>‘⁵</span> 
     </span>
     <span class='ocr_line' id='line_1_24' title="bbox 148 1903 1841 1965; baseline 0.002 -16"><span class='ocrx_word' id='word_1_190' title='bbox 148 1904 228 1950; x_wconf 78' lang='lat' dir='ltr'>ille</span> <span class='ocrx_word' id='word_1_191' title='bbox 257 1903 373 1952; x_wconf 78' lang='lat' dir='ltr'>haee</span> <span class='ocrx_word' id='word_1_192' title='bbox 404 1905 618 1964; x_wconf 75' lang='lat' dir='ltr'>deposita</span> <span class='ocrx_word' id='word_1_193' title='bbox 649 1903 844 1951; x_wconf 85' lang='lat' dir='ltr'>tandem</span> <span class='ocrx_word' id='word_1_194' title='bbox 873 1903 1136 1963; x_wconf 78' lang='lat' dir='ltr'>formidine</span> <span class='ocrx_word' id='word_1_195' title='bbox 1165 1904 1317 1962; x_wconf 75' lang='lat' dir='ltr'>fatur.</span> <span class='ocrx_word' id='word_1_196' title='bbox 1371 1903 1491 1965; x_wconf 88' lang='lat' dir='ltr'>quid</span> <span class='ocrx_word' id='word_1_197' title='bbox 1513 1904 1636 1951; x_wconf 85' lang='lat' dir='ltr'>facit</span> <span class='ocrx_word' id='word_1_198' title='bbox 1657 1905 1841 1952; x_wconf 86' lang='lat' dir='ltr'>reiecta</span> 
     </span>
     <span class='ocr_line' id='line_1_25' title="bbox 149 1975 1839 2040; baseline 0.001 -16"><span class='ocrx_word' id='word_1_199' title='bbox 149 1977 412 2025; x_wconf 89' lang='lat' dir='ltr'>formidine</span> <span class='ocrx_word' id='word_1_200' title='bbox 452 1979 720 2040; x_wconf 88' lang='lat' dir='ltr'>superioris</span> <span class='ocrx_word' id='word_1_201' title='bbox 758 1975 1036 2026; x_wconf 77' lang='lat' dir='ltr'>momenti?</span> <span class='ocrx_word' id='word_1_202' title='bbox 1104 1979 1267 2039; x_wconf 87' lang='lat' dir='ltr'>coepit</span> <span class='ocrx_word' id='word_1_203' title='bbox 1305 1978 1382 2026; x_wconf 85' lang='lat' dir='ltr'>his</span> <span class='ocrx_word' id='word_1_204' title='bbox 1421 1977 1584 2025; x_wconf 85' lang='lat' dir='ltr'>verbis</span> <span class='ocrx_word' id='word_1_205' title='bbox 1625 1978 1688 2025; x_wconf 88' lang='lat' dir='ltr'>ad</span> <span class='ocrx_word' id='word_1_206' title='bbox 1726 1993 1839 2039; x_wconf 90' lang='lat' dir='ltr'>pro-</span> 
     </span>
     <span class='ocr_line' id='line_1_26' title="bbox 149 2050 1841 2113; baseline 0.002 -16"><span class='ocrx_word' id='word_1_207' title='bbox 149 2052 312 2112; x_wconf 90' lang='lat' dir='ltr'>posita</span> <span class='ocrx_word' id='word_1_208' title='bbox 358 2051 673 2113; x_wconf 88' lang='lat' dir='ltr'>respondere:</span> <span class='ocrx_word' id='word_1_209' title='bbox 733 2066 844 2099; x_wconf 80' lang='lat' dir='ltr'>sum</span> <span class='ocrx_word' id='word_1_210' title='bbox 880 2053 1056 2111; x_wconf 74' lang='lat' dir='ltr'>patria</span> <span class='ocrx_word' id='word_1_211' title='bbox 1102 2066 1158 2099; x_wconf 75' lang='lat' dir='ltr'>ex</span> <span class='ocrx_word' id='word_1_212' title='bbox 1195 2050 1390 2107; x_wconf 76' lang='lat' dir='ltr'>Ithaca,</span> <span class='ocrx_word' id='word_1_213' title='bbox 1439 2066 1592 2100; x_wconf 87' lang='lat' dir='ltr'>comes</span> <span class='ocrx_word' id='word_1_214' title='bbox 1630 2051 1841 2112; x_wconf 79' lang='lat' dir='ltr'>infelicis</span> 
     </span>
     <span class='ocr_line' id='line_1_27' title="bbox 158 2116 1986 2216; baseline 0.003 -45"><span class='ocrx_word' id='word_1_215' title='bbox 158 2124 312 2180; x_wconf 80' lang='lat' dir='ltr'>Ulixi,</span> <span class='ocrx_word' id='word_1_216' title='bbox 359 2140 532 2173; x_wconf 87' lang='lat' dir='ltr'>nomen</span> <span class='ocrx_word' id='word_1_217' title='bbox 571 2125 963 2182; x_wconf 74' lang='lat' dir='ltr'>Achaemenides,</span> <span class='ocrx_word' id='word_1_218' title='bbox 1041 2141 1149 2173; x_wconf 91' lang='lat' dir='ltr'>ecce</span> <span class='ocrx_word' id='word_1_219' title='bbox 1196 2125 1322 2173; x_wconf 85' lang='lat' dir='ltr'>dixit</span> <span class='ocrx_word' id='word_1_220' title='bbox 1370 2127 1457 2186; x_wconf 92' lang='lat' dir='ltr'>qui</span> <span class='ocrx_word' id='word_1_221' title='bbox 1504 2127 1591 2187; x_wconf 90' lang='lat' dir='ltr'>sit,</span> <span class='ocrx_word' id='word_1_222' title='bbox 1637 2125 1837 2174; x_wconf 85' lang='lat' dir='ltr'>Ithacus</span> <span class='ocrx_word' id='word_1_223' title='bbox 1863 2144 1905 2176; x_wconf 73' lang='lat'>25</span> <span class='ocrx_word' id='word_1_224' title='bbox 1959 2116 1986 2216; x_wconf 82' lang='grc'><em>3</em></span> 
     </span>
     <span class='ocr_line' id='line_1_28' title="bbox 150 2198 1838 2261; baseline 0.002 -17"><span class='ocrx_word' id='word_1_225' title='bbox 150 2212 274 2259; x_wconf 91' lang='lat' dir='ltr'>sum,</span> <span class='ocrx_word' id='word_1_226' title='bbox 313 2199 490 2261; x_wconf 86' lang='lat' dir='ltr'>inquit,</span> <span class='ocrx_word' id='word_1_227' title='bbox 529 2199 692 2247; x_wconf 86' lang='lat' dir='ltr'>Ulixis</span> <span class='ocrx_word' id='word_1_228' title='bbox 734 2215 930 2261; x_wconf 90' lang='lat' dir='ltr'>quoque</span> <span class='ocrx_word' id='word_1_229' title='bbox 969 2214 1130 2248; x_wconf 87' lang='lat' dir='ltr'>comes</span> <span class='ocrx_word' id='word_1_230' title='bbox 1170 2201 1220 2247; x_wconf 91' lang='lat' dir='ltr'>et</span> <span class='ocrx_word' id='word_1_231' title='bbox 1250 2198 1639 2247; x_wconf 86' lang='lat' dir='ltr'>Achaemenides</span> <span class='ocrx_word' id='word_1_232' title='bbox 1675 2215 1838 2248; x_wconf 86' lang='lat' dir='ltr'>vocor.</span> 
     </span>
     <span class='ocr_line' id='line_1_29' title="bbox 149 2271 1982 2336; baseline 0.002 -18"><span class='ocrx_word' id='word_1_233' title='bbox 149 2271 271 2319; x_wconf 90' lang='lat' dir='ltr'>dicit</span> <span class='ocrx_word' id='word_1_234' title='bbox 317 2271 491 2320; x_wconf 91' lang='lat' dir='ltr'>dehinc</span> <span class='ocrx_word' id='word_1_235' title='bbox 539 2289 638 2334; x_wconf 91' lang='lat' dir='ltr'>quo</span> <span class='ocrx_word' id='word_1_236' title='bbox 685 2274 925 2336; x_wconf 85' lang='lat' dir='ltr'>sanguine</span> <span class='ocrx_word' id='word_1_237' title='bbox 973 2275 1134 2321; x_wconf 92' lang='lat' dir='ltr'>cretus</span> <span class='ocrx_word' id='word_1_238' title='bbox 1181 2275 1231 2320; x_wconf 91' lang='lat' dir='ltr'>et</span> <span class='ocrx_word' id='word_1_239' title='bbox 1275 2273 1407 2335; x_wconf 89' lang='lat' dir='ltr'>quod</span> <span class='ocrx_word' id='word_1_240' title='bbox 1444 2289 1574 2321; x_wconf 88' lang='lat' dir='ltr'>unus</span> <span class='ocrx_word' id='word_1_241' title='bbox 1613 2276 1742 2322; x_wconf 87' lang='lat' dir='ltr'>esset</span> <span class='ocrx_word' id='word_1_242' title='bbox 1780 2289 1838 2321; x_wconf 89' lang='lat' dir='ltr'>ex</span> <span class='ocrx_word' id='word_1_243' title='bbox 1971 2300 1982 2332; x_wconf 64' lang='lat'><strong>⁴</strong></span> 
     </span>
     <span class='ocr_line' id='line_1_30' title="bbox 63 2341 1981 2413; baseline 0.004 -25"><span class='ocrx_word' id='word_1_244' title='bbox 63 2349 149 2389; x_wconf 87' lang='lat'>615</span> <span class='ocrx_word' id='word_1_245' title='bbox 167 2345 412 2395; x_wconf 87' lang='lat' dir='ltr'>hostibus:</span> <span class='ocrx_word' id='word_1_246' title='bbox 454 2347 654 2394; x_wconf 81' lang='lat' dir='ltr'>Troiam</span> <span class='ocrx_word' id='word_1_247' title='bbox 679 2348 892 2408; x_wconf 72' lang='lat' dir='ltr'>yenitore</span> <span class='ocrx_word' id='word_1_248' title='bbox 922 2345 1193 2395; x_wconf 83' lang='lat' dir='ltr'>Adamasto</span> <span class='ocrx_word' id='word_1_249' title='bbox 1215 2362 1437 2407; x_wconf 72' lang='lat' dir='ltr'>paupere</span> <span class='ocrx_word' id='word_1_250' title='bbox 1469 2345 1838 2408; x_wconf 76' lang='lat' dir='ltr'>(mansissetque</span> <span class='ocrx_word' id='word_1_251' title='bbox 1948 2341 1981 2413; x_wconf 56' lang='lat'>5³³</span> 
     </span>
     <span class='ocr_line' id='line_1_31' title="bbox 147 2419 1838 2485; baseline 0.002 -19"><span class='ocrx_word' id='word_1_252' title='bbox 147 2421 338 2467; x_wconf 80' lang='lat' dir='ltr'>utinam</span> <span class='ocrx_word' id='word_1_253' title='bbox 360 2419 610 2480; x_wconf 77' lang='lat' dir='ltr'>fortwnal)</span> <span class='ocrx_word' id='word_1_254' title='bbox 627 2422 888 2480; x_wconf 76' lang='lat' dir='ltr'>profectus.</span> <span class='ocrx_word' id='word_1_255' title='bbox 938 2422 1182 2483; x_wconf 85' lang='lat' dir='ltr'>quantum</span> <span class='ocrx_word' id='word_1_256' title='bbox 1213 2420 1277 2468; x_wconf 90' lang='lat' dir='ltr'>ad</span> <span class='ocrx_word' id='word_1_257' title='bbox 1308 2420 1564 2485; x_wconf 86' lang='lat' dir='ltr'>sanguinis</span> <span class='ocrx_word' id='word_1_258' title='bbox 1593 2422 1838 2469; x_wconf 88' lang='lat' dir='ltr'>rationem</span> 
     </span>
     <span class='ocr_line' id='line_1_32' title="bbox 147 2482 1979 2557; baseline 0.003 -17"><span class='ocrx_word' id='word_1_259' title='bbox 147 2492 377 2554; x_wconf 86' lang='lat' dir='ltr'>pertinet,</span> <span class='ocrx_word' id='word_1_260' title='bbox 416 2499 574 2556; x_wconf 85' lang='lat' dir='ltr'>patre,</span> <span class='ocrx_word' id='word_1_261' title='bbox 605 2494 784 2556; x_wconf 89' lang='lat' dir='ltr'>inquit,</span> <span class='ocrx_word' id='word_1_262' title='bbox 817 2494 1090 2542; x_wconf 85' lang='lat' dir='ltr'>Adamasto</span> <span class='ocrx_word' id='word_1_263' title='bbox 1129 2497 1276 2543; x_wconf 87' lang='lat' dir='ltr'>natus</span> <span class='ocrx_word' id='word_1_264' title='bbox 1316 2510 1425 2543; x_wconf 91' lang='lat' dir='ltr'>sum</span> <span class='ocrx_word' id='word_1_265' title='bbox 1461 2511 1694 2557; x_wconf 84' lang='lat' dir='ltr'>paupere,</span> <span class='ocrx_word' id='word_1_266' title='bbox 1723 2511 1836 2557; x_wconf 90' lang='lat' dir='ltr'>pro-</span> <span class='ocrx_word' id='word_1_267' title='bbox 1859 2511 1905 2547; x_wconf 70' lang='lat' dir='ltr'>zo</span> <span class='ocrx_word' id='word_1_268' title='bbox 1973 2482 1979 2511; x_wconf 34' lang='grc' dir='ltr'>ι’</span> 
     </span>
     <span class='ocr_line' id='line_1_33' title="bbox 146 2567 1839 2632; baseline 0.002 -19"><span class='ocrx_word' id='word_1_269' title='bbox 146 2567 303 2614; x_wconf 84' lang='lat' dir='ltr'>fectus</span> <span class='ocrx_word' id='word_1_270' title='bbox 365 2570 532 2615; x_wconf 81' lang='lat' dir='ltr'>autem</span> <span class='ocrx_word' id='word_1_271' title='bbox 595 2567 658 2616; x_wconf 87' lang='lat' dir='ltr'>ad</span> <span class='ocrx_word' id='word_1_272' title='bbox 711 2569 912 2616; x_wconf 86' lang='lat' dir='ltr'>Troiam</span> <span class='ocrx_word' id='word_1_273' title='bbox 974 2584 1134 2617; x_wconf 88' lang='lat' dir='ltr'>comes</span> <span class='ocrx_word' id='word_1_274' title='bbox 1195 2569 1407 2617; x_wconf 90' lang='lat' dir='ltr'>infelicis</span> <span class='ocrx_word' id='word_1_275' title='bbox 1467 2568 1624 2632; x_wconf 85' lang='lat' dir='ltr'>Ulixi3</span> <span class='ocrx_word' id='word_1_276' title='bbox 1687 2571 1839 2631; x_wconf 88' lang='lat' dir='ltr'>atque</span> 
     </span>
    </p>
   </div>
   <div class='ocr_carea' id='block_1_5' title="bbox 146 2665 503 2676">
    <p class='ocr_par' dir='ltr' id='par_1_5' title="bbox 146 2665 503 2676">
     <span class='ocr_line' id='line_1_34' title="bbox 146 2665 503 2676; baseline 0 0"><span class='ocrx_word' id='word_1_277' title='bbox 146 2665 503 2676; x_wconf 95' lang='lat' dir='ltr'> </span> 
     </span>
    </p>
   </div>
   <div class='ocr_carea' id='block_1_6' title="bbox 144 2694 1926 3070">
    <p class='ocr_par' dir='ltr' id='par_1_6' title="bbox 144 2694 1926 3070">
     <span class='ocr_line' id='line_1_35' title="bbox 267 2694 1774 2768; baseline 0.001 -3"><span class='ocrx_word' id='word_1_278' title='bbox 267 2727 293 2764; x_wconf 85' lang='lat'>4</span> <span class='ocrx_word' id='word_1_279' title='bbox 324 2724 584 2767; x_wconf 76' lang='lat' dir='ltr'>commeruit</span> <span class='ocrx_word' id='word_1_280' title='bbox 614 2722 733 2766; x_wconf 82' lang='lat' dir='ltr'>LR</span> <span class='ocrx_word' id='word_1_281' title='bbox 736 2724 829 2767; x_wconf 81' lang='lat' dir='ltr'>-rui</span> <span class='ocrx_word' id='word_1_282' title='bbox 858 2738 882 2766; x_wconf 91' lang='lat' dir='ltr'>r</span> <span class='ocrx_word' id='word_1_283' title='bbox 911 2725 1051 2768; x_wconf 78' lang='lat' dir='ltr'>-ritus</span> <span class='ocrx_word' id='word_1_284' title='bbox 1079 2738 1176 2768; x_wconf 84' lang='lat' dir='ltr'>sum</span> <span class='ocrx_word' id='word_1_285' title='bbox 1211 2723 1283 2768; x_wconf 87' lang='lat' dir='ltr'>ed.</span> <span class='ocrx_word' id='word_1_286' title='bbox 1399 2727 1425 2767; x_wconf 85' lang='lat'>5</span> <span class='ocrx_word' id='word_1_287' title='bbox 1456 2694 1646 2768; x_wconf 61' lang='lat' dir='ltr'>babebat</span> <span class='ocrx_word' id='word_1_288' title='bbox 1675 2723 1774 2768; x_wconf 89' lang='lat' dir='ltr'>LR.</span> 
     </span>
     <span class='ocr_line' id='line_1_36' title="bbox 146 2781 1837 2850; baseline 0.002 -27"><span class='ocrx_word' id='word_1_289' title='bbox 146 2783 174 2823; x_wconf 84' lang='lat'>6</span> <span class='ocrx_word' id='word_1_290' title='bbox 206 2782 430 2850; x_wconf 73' lang='lat' dir='ltr'>corporeis</span> <span class='ocrx_word' id='word_1_291' title='bbox 461 2781 532 2826; x_wconf 89' lang='lat' dir='ltr'>ed.</span> <span class='ocrx_word' id='word_1_292' title='bbox 638 2786 662 2825; x_wconf 78' lang='grc'>’1</span> <span class='ocrx_word' id='word_1_293' title='bbox 694 2783 803 2838; x_wconf 87' lang='lat' dir='ltr'>post</span> <span class='ocrx_word' id='word_1_294' title='bbox 831 2796 981 2840; x_wconf 79' lang='lat' dir='ltr'>yenua</span> <span class='ocrx_word' id='word_1_295' title='bbox 1013 2783 1221 2839; x_wconf 88' lang='lat' dir='ltr'>spatium</span> <span class='ocrx_word' id='word_1_296' title='bbox 1245 2784 1426 2839; x_wconf 83' lang='lat' dir='ltr'>septem</span> <span class='ocrx_word' id='word_1_297' title='bbox 1451 2782 1549 2826; x_wconf 88' lang='lat' dir='ltr'>fere</span> <span class='ocrx_word' id='word_1_298' title='bbox 1571 2782 1837 2827; x_wconf 81' lang='lat' dir='ltr'>litterarum</span> 
     </span>
     <span class='ocr_line' id='line_1_37' title="bbox 146 2839 1834 2894; baseline 0.001 -12"><span class='ocrx_word' id='word_1_299' title='bbox 146 2842 285 2884; x_wconf 82' lang='lat' dir='ltr'>vacat</span> <span class='ocrx_word' id='word_1_300' title='bbox 307 2839 356 2883; x_wconf 89' lang='lat' dir='ltr'>in</span> <span class='ocrx_word' id='word_1_301' title='bbox 381 2839 432 2894; x_wconf 89' lang='lat' dir='ltr'>L,</span> <span class='ocrx_word' id='word_1_302' title='bbox 455 2839 655 2885; x_wconf 84' lang='lat' dir='ltr'>fortasse</span> <span class='ocrx_word' id='word_1_303' title='bbox 685 2846 843 2886; x_wconf 83' lang='lat' dir='ltr'>nostra</span> <span class='ocrx_word' id='word_1_304' title='bbox 875 2841 1060 2885; x_wconf 86' lang='lat' dir='ltr'>excidit.</span> <span class='ocrx_word' id='word_1_305' title='bbox 1160 2846 1213 2886; x_wconf 87' lang='lat'>11</span> <span class='ocrx_word' id='word_1_306' title='bbox 1246 2843 1344 2886; x_wconf 78' lang='lat' dir='ltr'>eius</span> <span class='ocrx_word' id='word_1_307' title='bbox 1367 2855 1456 2885; x_wconf 93' lang='lat' dir='ltr'>om.</span> <span class='ocrx_word' id='word_1_308' title='bbox 1474 2841 1516 2884; x_wconf 90' lang='lat' dir='ltr'>R</span> <span class='ocrx_word' id='word_1_309' title='bbox 1539 2841 1646 2885; x_wconf 86' lang='lat' dir='ltr'>add.</span> <span class='ocrx_word' id='word_1_310' title='bbox 1663 2842 1697 2884; x_wconf 88' lang='lat' dir='ltr'>r&#39;</span> <span class='ocrx_word' id='word_1_311' title='bbox 1710 2863 1766 2878; x_wconf 95' lang='lat'><strong><em>=</em></strong></span> <span class='ocrx_word' id='word_1_312' title='bbox 1783 2841 1834 2886; x_wconf 90' lang='lat' dir='ltr'>L.</span> 
     </span>
     <span class='ocr_line' id='line_1_38' title="bbox 237 2874 1836 2958; baseline 0.001 -16"><span class='ocrx_word' id='word_1_313' title='bbox 237 2903 292 2942; x_wconf 83' lang='lat'>22</span> <span class='ocrx_word' id='word_1_314' title='bbox 323 2899 399 2954; x_wconf 79' lang='lat' dir='ltr'>for</span> <span class='ocrx_word' id='word_1_315' title='bbox 419 2874 508 2943; x_wconf 85' lang='lat' dir='ltr'>&#39;LR</span> <span class='ocrx_word' id='word_1_316' title='bbox 537 2900 784 2955; x_wconf 79' lang='lat' dir='ltr'>formidine</span> <span class='ocrx_word' id='word_1_317' title='bbox 810 2900 881 2958; x_wconf 87' lang='grc' dir='ltr'>1·.Ι</span> <span class='ocrx_word' id='word_1_318' title='bbox 909 2901 1022 2956; x_wconf 79' lang='lat' dir='ltr'>quid</span> <span class='ocrx_word' id='word_1_319' title='bbox 1049 2901 1174 2956; x_wconf 77' lang='lat' dir='ltr'>facio</span> <span class='ocrx_word' id='word_1_320' title='bbox 1203 2902 1368 2946; x_wconf 79' lang='lat' dir='ltr'>reiecta</span> <span class='ocrx_word' id='word_1_321' title='bbox 1389 2899 1478 2944; x_wconf 82' lang='lat' dir='ltr'>LR</span> <span class='ocrx_word' id='word_1_322' title='bbox 1507 2901 1588 2956; x_wconf 79' lang='lat' dir='ltr'>qui</span> <span class='ocrx_word' id='word_1_323' title='bbox 1617 2901 1783 2945; x_wconf 82' lang='lat' dir='ltr'>reiecta</span> <span class='ocrx_word' id='word_1_324' title='bbox 1812 2915 1836 2944; x_wconf 88' lang='grc'>1·</span> 
     </span>
     <span class='ocr_line' id='line_1_39' title="bbox 144 2958 1926 3020; baseline 0.001 -19"><span class='ocrx_word' id='word_1_325' title='bbox 144 2958 259 3012; x_wconf 75' lang='lat' dir='ltr'>quid</span> <span class='ocrx_word' id='word_1_326' title='bbox 287 2958 458 3012; x_wconf 75' lang='lat' dir='ltr'>faceret</span> <span class='ocrx_word' id='word_1_327' title='bbox 484 2973 522 3003; x_wconf 83' lang='lat' dir='ltr'>r</span> <span class='ocrx_word' id='word_1_328' title='bbox 555 2958 627 3003; x_wconf 85' lang='lat' dir='ltr'>ed.</span> <span class='ocrx_word' id='word_1_329' title='bbox 660 2959 772 3016; x_wconf 76' lang='lat' dir='ltr'>quid</span> <span class='ocrx_word' id='word_1_330' title='bbox 801 2959 919 3014; x_wconf 80' lang='lat' dir='ltr'>facit</span> <span class='ocrx_word' id='word_1_331' title='bbox 946 2974 983 3003; x_wconf 88' lang='lat' dir='ltr'>r.</span> <span class='ocrx_word' id='word_1_332' title='bbox 1015 2973 1114 3003; x_wconf 88' lang='lat' dir='ltr'>nos.</span> <span class='ocrx_word' id='word_1_333' title='bbox 1234 2963 1291 3003; x_wconf 85' lang='grc'>24</span> <span class='ocrx_word' id='word_1_334' title='bbox 1321 2961 1460 3005; x_wconf 81' lang='lat' dir='ltr'>comis</span> <span class='ocrx_word' id='word_1_335' title='bbox 1490 2959 1576 3002; x_wconf 85' lang='lat' dir='ltr'>LR</span> <span class='ocrx_word' id='word_1_336' title='bbox 1607 2973 1720 3004; x_wconf 84' lang='lat' dir='ltr'>corr.</span> <span class='ocrx_word' id='word_1_337' title='bbox 1751 2973 1787 3004; x_wconf 89' lang='lat' dir='ltr'>r</span> <span class='ocrx_word' id='word_1_338' title='bbox 1823 2958 1853 3020; x_wconf 75' lang='grc' dir='ltr'>Ι</span> <span class='ocrx_word' id='word_1_339' title='bbox 1924 3000 1926 3003; x_wconf 85' lang='grc'><strong>,</strong></span> 
     </span>
     <span class='ocr_line' id='line_1_40' title="bbox 144 3015 1759 3070; baseline 0.001 -10"><span class='ocrx_word' id='word_1_340' title='bbox 144 3015 348 3070; x_wconf 77' lang='lat' dir='ltr'>infelicis</span> <span class='ocrx_word' id='word_1_341' title='bbox 378 3031 467 3062; x_wconf 91' lang='lat' dir='ltr'>om.</span> <span class='ocrx_word' id='word_1_342' title='bbox 494 3017 580 3062; x_wconf 89' lang='lat' dir='ltr'>LR</span> <span class='ocrx_word' id='word_1_343' title='bbox 612 3017 719 3062; x_wconf 84' lang='lat' dir='ltr'>add.</span> <span class='ocrx_word' id='word_1_344' title='bbox 751 3032 787 3062; x_wconf 86' lang='lat' dir='ltr'>r.</span> <span class='ocrx_word' id='word_1_345' title='bbox 909 3022 966 3062; x_wconf 82' lang='grc'>25</span> <span class='ocrx_word' id='word_1_346' title='bbox 997 3020 1179 3065; x_wconf 82' lang='lat' dir='ltr'>nomine</span> <span class='ocrx_word' id='word_1_347' title='bbox 1211 3019 1283 3063; x_wconf 89' lang='lat' dir='ltr'>ed.</span> <span class='ocrx_word' id='word_1_348' title='bbox 1406 3022 1463 3062; x_wconf 79' lang='grc'>27</span> <span class='ocrx_word' id='word_1_349' title='bbox 1494 3017 1656 3064; x_wconf 79' lang='lat' dir='ltr'>deinde</span> <span class='ocrx_word' id='word_1_350' title='bbox 1686 3018 1759 3065; x_wconf 89' lang='lat' dir='ltr'>ed.</span> 
     </span>
    </p>
   </div>
  </div>
 </body>
</html>
