2014 3226
191 161 231 203 X
862 156 1202 200 PRAEFATIO

189 299 563 347 lestissimorum
603 298 837 345 iuvenum
877 294 1071 344 amore“
1112 296 1291 345 dixisse
1330 298 1540 358 putatur
1578 295 1733 357 „nihil
1765 296 1870 343 Deo

187 373 415 435 gravius“
464 388 565 420 esse
615 372 674 418 ab
724 370 993 418 editoribus
1038 370 1397 432 interpolatum
1443 369 1632 418 codices
1681 369 1870 417 docent.

189 450 240 494 at
286 447 454 493 multis
502 446 645 505 locis,
693 460 902 506 quorum
946 445 1239 506 praecipuos
1291 447 1336 503 1,
1370 444 1453 490 28.
1507 445 1629 491 442.
1678 437 1870 509 (7409)

191 523 237 577 2,
266 521 383 567 165.
437 521 482 578 5,
512 521 629 567 709.
685 520 730 573 7,
757 518 879 565 259.
933 519 977 577 9,
1006 519 1125 565 247.
1179 519 1300 566 404.
1356 519 1459 565 627
1513 534 1557 565 v.
1591 517 1635 565 d.
1668 517 1873 565 Hoeven

189 593 387 656 collegit
435 587 581 658 (adde
625 593 671 653 6,
706 586 851 657 230),
891 594 1114 639 veterum
1165 591 1370 639 deorum
1417 591 1572 639 cultui
1620 590 1872 638 addictum

189 683 238 714 se
280 683 381 715 esse
423 666 650 714 ostendit.

300 739 479 796 Quinto
512 757 557 801 p.
587 739 635 786 G,
661 756 705 785 n.
733 740 927 787 saeculo
954 739 1206 788 Donatum
1238 755 1337 787 non
1367 740 1693 800 posteriorem
1720 739 1873 786 fuisse

188 814 300 861 inde
348 816 554 875 apparet
602 813 733 874 quod
778 814 977 874 imperii
1015 813 1228 860 Romani
1272 816 1317 874 1,
1346 815 1410 860 12
1455 815 1504 860 et
1542 828 1739 860 morum
1778 812 1875 859 Ro-

188 904 446 935 manorum
484 891 738 948 tamquam
768 887 1107 948 praesentium
1139 889 1439 935 mentionem
1472 887 1614 934 facit:
1655 887 1715 934 cf.
1747 901 1874 947 quae

189 963 247 1008 de
280 962 408 1009 ludis
440 961 602 1008 mimis
636 961 861 1008 cantibus
901 961 1109 1022 picturis
1150 961 1272 1008 dicit
1315 964 1358 1021 1,
1389 962 1508 1008 741.
1552 961 1599 1021 5,
1627 961 1709 1008 65.
1755 961 1874 1007 128.

194 1037 310 1082 132.
340 1037 457 1082 144.
486 1036 604 1082 662.
644 1037 828 1094 7,172.
863 1035 911 1095 8,
931 1036 1050 1082 287.
1079 1036 1182 1082 343
1220 1028 1343 1100 (alia
1368 1034 1611 1096 quaedam
1637 1034 1875 1096 exempla,

189 1125 313 1171 quae
353 1109 577 1170 Hoppius
617 1125 663 1169 p.
700 1110 764 1155 21
817 1109 1009 1169 attulit,
1058 1111 1148 1156 aut
1195 1124 1374 1171 parum
1415 1109 1594 1156 idonea
1633 1110 1750 1156 sunt
1789 1110 1877 1156 aut

190 1182 251 1229 ab
291 1182 560 1230 editoribus
599 1176 939 1248 interpolata).
1017 1198 1104 1231 nec
1144 1183 1397 1230 latinitate
1438 1198 1526 1230 sua
1567 1181 1629 1230 ad
1674 1182 1875 1229 inferio-

189 1272 290 1304 rem
323 1259 538 1304 aetatem
568 1257 832 1319 relegatur,
858 1272 983 1318 quae
1011 1259 1071 1304 'ut
1102 1257 1364 1304 verborum
1395 1259 1592 1304 tumore
1625 1259 1674 1303 et
1706 1256 1878 1304 eodem

189 1346 380 1391 semper
419 1331 578 1377 colore
617 1330 968 1379 declamatorio
1009 1331 1179 1378 stilum
1218 1330 1363 1377 illum
1401 1346 1549 1392 quem
1579 1329 1876 1378 Africanum

189 1404 287 1450 dici
309 1405 580 1451 rectissime
604 1404 766 1451 vetuit
789 1404 991 1452 Norden
1017 1398 1210 1470 (antike
1228 1404 1538 1466 Kunstprosa
1562 1421 1609 1467 p.
1623 1405 1726 1452 591
1745 1397 1876 1470 sqq.)

188 1477 461 1539 profitetur,
501 1479 575 1525 ita
615 1493 644 1525 a
681 1477 906 1526 barbarie
946 1478 1093 1542 longe
1132 1481 1349 1526 remotus
1390 1481 1478 1526 est.
1549 1494 1666 1526 nam
1705 1478 1876 1526 odiosa

189 1567 383 1613 quoque
415 1551 503 1599 illa
535 1552 783 1599 affectatio
819 1568 915 1613 qua
947 1552 1432 1614 plusquamperfecto
1464 1569 1554 1615 pro
1586 1552 1876 1614 imperfecto

190 1626 268 1671 vel
306 1626 538 1686 perfecto,
569 1625 840 1673 indicativo
881 1628 931 1673 et
966 1628 1280 1674 coniunctivo
1313 1628 1367 1673 in
1399 1627 1695 1687 quibusdam
1727 1642 1878 1673 enun-

189 1699 330 1746 tiatis
378 1701 652 1760 promiscue
699 1699 860 1747 utitur
903 1700 1049 1747 modo
1097 1702 1315 1762 tantum,
1362 1716 1462 1748 non
1501 1716 1677 1764 genere
1719 1699 1878 1749 Servii

191 1771 498 1834 aliorumque
553 1774 719 1834 quarti
772 1776 821 1821 et
875 1775 1040 1835 quinti
1092 1774 1277 1823 saeculi
1331 1776 1631 1836 scriptorum
1691 1789 1880 1822 morem

191 1845 443 1908 egreditur
481 1839 564 1911 (cf.
592 1846 813 1895 Thilonis
847 1847 910 1895 ad
943 1846 1171 1895 Servium
1208 1849 1568 1910 praefationem
1606 1865 1653 1910 p.
1683 1849 1748 1894 72
1765 1842 1877 1913 sq.).

191 1921 242 1966 et
278 1919 364 1966 ubi
401 1919 603 1967 liberius
644 1923 802 1968 oratio
843 1923 1059 1969 excurrit
1097 1924 1154 1968 ut
1195 1923 1248 1969 in
1294 1923 1572 1983 prooemio,
1617 1923 1672 1969 in
1718 1921 1878 1969 decla-

192 1994 409 2041 matione
449 1993 658 2041 Amatae
702 1996 748 2055 7,
775 1995 897 2055 359,
936 1996 989 2042 111
1028 1996 1224 2059 epilogo
1265 1995 1484 2043 eiusdem
1522 1995 1652 2056 libri,
1684 1995 1736 2042 in
1777 1995 1878 2057 epi·

195 2067 322 2113 stola
362 2066 423 2113 ad
462 2067 619 2114 filium
657 2067 746 2115 fini
785 2068 1018 2128 subiecta,
1056 2069 1239 2116 bonam
1268 2070 1401 2117 haud
1434 2069 1579 2117 dubie
1612 2069 1880 2117 dictionem

194 2154 297 2187 esse
358 2140 667 2188 iudicaveris.
756 2143 1034 2190 accuratius
1099 2159 1196 2204 qua
1257 2146 1420 2191 aetate
1481 2144 1736 2205 scripserit
1797 2143 1877 2191 de-

191 2212 394 2260 finiendi
440 2214 629 2262 nullam
674 2215 817 2263 video
860 2218 1016 2277 viam,
1062 2217 1159 2264 nisi
1198 2219 1255 2264 ut
1293 2233 1419 2279 quae
1458 2218 1589 2265 inter
1626 2218 1791 2278 ipsum
1830 2220 1878 2265 et

195 2285 422 2334 Servium
459 2288 731 2336 intercedat
768 2291 898 2338 ratio
938 2305 1049 2338 cum
1089 2290 1257 2352 aliqua
1295 2293 1401 2339 veri
1447 2291 1752 2340 similtudine
1799 2307 1878 2338 ex-

192 2360 455 2421 ploremus.
531 2361 590 2408 de
636 2362 728 2410 hac
773 2378 825 2410 re
873 2363 1005 2425 quod
1049 2365 1103 2412 in
1149 2364 1318 2412 libello
1366 2381 1475 2413 meo
1514 2382 1561 2427 p.
1589 2366 1620 2412 4
1660 2364 1878 2412 Burcka-

195 2433 322 2481 sium
333 2427 373 2500 1)
421 2435 494 2482 ita
542 2435 819 2497 disputasse
866 2437 989 2498 dixi,
1035 2440 1092 2485 ut
1133 2437 1386 2486 Donatum
1426 2438 1588 2487 Servii
1634 2453 1879 2486 commen-

193 2507 335 2555 tariis
381 2523 479 2555 non
524 2524 668 2556 usum
714 2525 818 2558 esse
863 2511 1178 2572 nequaquam
1217 2512 1453 2574 effecerit,
1497 2511 1644 2561 hodie
1683 2527 1878 2574 quoque

194 2579 246 2627 id
283 2582 484 2629 retineo.
562 2598 676 2630 nam
716 2585 759 2630 si
797 2585 968 2632 multis
1007 2585 1127 2633 locis
1168 2585 1230 2632 ad
1277 2602 1334 2634 ea
1382 2602 1508 2648 quae
1556 2601 1667 2634 cum
1707 2585 1877 2634 Servio

195 2655 538 2702 convenientia
575 2655 724 2710 habet
764 2657 864 2704 alia
903 2658 1041 2706 addit
1080 2658 1158 2707 vel
1197 2659 1330 2708 locos
1372 2659 1612 2722 quosdam
1651 2658 1877 2707 difficiles

197 2726 343 2775 aliter
379 2728 737 2789 interpretatur
776 2746 831 2778 ac
872 2730 1072 2779 servius
1112 2733 1192 2780 vel
1232 2748 1342 2781 cum
1386 2733 1738 2781 additamentis
1778 2733 1878 2780 Da-

317 2899 358 2954 l)
390 2897 596 2942 Burckas
629 2899 686 2942 de
717 2898 787 2942 Ti.
813 2897 979 2944 Claudi
1010 2900 1182 2946 Donati
1213 2902 1263 2946 in
1293 2902 1504 2947 Aeneida
1543 2901 1876 2947 commentario

197 2954 479 3010 dissertatio,
514 2957 650 3001 Ienae
684 2962 811 3002 1888.
