2014 3226
113 184 121 191 .
199 145 304 196 130
663 141 895 186 DONATI
925 141 1204 185 INTERPR.
1238 139 1416 184 VERG.

194 286 438 332 tractatus
472 285 548 331 sui
583 282 875 343 Cupidinem
906 282 959 327 in
992 281 1195 329 Ascanii
1233 280 1443 343 figuram
1484 280 1886 327 commutandum

197 363 343 420 atque
399 357 717 416 mittendum,
772 357 828 402 ut
877 355 971 403 hoc
1017 371 1194 418 genere
1241 355 1513 402 Ascanium
1560 353 1886 415 subtraheret,

196 434 387 479 amaret
431 431 635 478 Aenean
679 429 810 477 Dido
866 431 916 476 et
965 428 1159 476 Aeneas
1214 428 1319 490 ipse
1374 428 1533 475 tutior
1583 427 1885 488 redderetur,

195 508 474 553 vinceretur
505 503 708 565 perinde
740 503 945 550 Iunonis
986 503 1137 550 factio
1177 501 1422 562 inimicae,
1457 503 1527 562 ut,
1560 502 1758 549 etiamsi
1797 501 1886 549 ali-

197 580 314 641 quid
370 578 563 626 adversi
617 579 882 637 niteretur,
936 577 1126 639 inplere
1180 593 1279 624 non
1333 579 1523 637 posset,
1581 575 1886 624 cessantibus
1930 591 1953 627 5

195 653 437 700 universis
477 668 566 713 per
605 666 727 713 quos
767 666 941 699 nocere
981 652 1160 712 posset.
1230 664 1339 710 erqo
1370 650 1446 696 his
1478 650 1716 710 aliyerum
1747 650 1887 697 dictis

195 729 397 786 adfatur
450 724 692 772 Amorem.
779 741 892 772 cum
951 724 1205 772 inducitur
1259 723 1509 771 adlocutio
1561 723 1768 771 Veneris
1825 723 1888 771 ad

197 800 505 861 Cupidinem,
544 799 615 846 ibi
655 798 863 847 consilia
902 800 1069 846 omnia
1108 814 1233 846 nove
1270 797 1474 844 inventa
1504 797 1793 859 panduntur
1824 796 1887 858 et,

197 876 312 936 quia
360 873 589 936 exigebat
635 873 764 920 ratio
811 872 1049 934 temporis
1096 871 1415 932 brevitatem,
1457 871 1627 934 paucis
1670 886 1758 919 usa
1799 873 1887 932 est,

195 948 279 996 sed
302 948 461 995 multa
490 947 730 1009 conplexa
762 949 959 994 servata
989 946 1081 994 illa
1112 948 1255 1007 parte
1285 945 1562 993 rhetoricae
1595 945 1886 1007 disciplinae
1911 962 1953 994 10

195 1022 297 1070 sine
346 1037 444 1083 qua
485 1023 652 1069 orator
689 1021 815 1068 nihil
855 1023 950 1079 est3
1005 1036 1122 1068 nam
1162 1022 1211 1067 et
1248 1034 1573 1081 personarum
1613 1021 1663 1066 et
1701 1019 1798 1068 loci
1837 1021 1887 1067 et

193 1097 428 1157 temporis
469 1096 716 1145 rationem
753 1095 918 1142 tenuit
957 1096 1007 1141 et
1045 1093 1165 1155 quid
1204 1094 1356 1141 vellet
1395 1094 1623 1156 exposuit
1670 1095 1720 1141 et
1767 1109 1885 1154 quo-

192 1170 338 1218 modo
393 1169 501 1216 fieri
554 1171 721 1231 posset
775 1167 1014 1228 ostendit,
1068 1169 1331 1215 honestum
1379 1183 1597 1229 quoque,
1643 1168 1790 1215 facile
1839 1168 1888 1214 et

192 1244 525 1291 necessarium
558 1243 932 1302 demonstravit,
967 1241 1339 1303 quaestionibus
1382 1258 1507 1303 quae
1546 1241 1885 1303 inpedimento

194 1333 295 1365 esse
334 1318 534 1381 negotio
574 1320 775 1379 possent
816 1318 959 1378 quasi
998 1315 1202 1364 obiectis
1241 1315 1509 1378 respondit.
1588 1315 1729 1363 duxit
1768 1331 1884 1379 ergo
1909 1330 1951 1364 15

194 1407 222 1438 a
261 1393 460 1440 nomine
499 1391 723 1438 naturali
761 1390 1066 1452 principium
1105 1389 1310 1438 dicendo
1351 1394 1463 1437 nate
1508 1391 1557 1437 et
1603 1391 1732 1437 mira
1779 1391 1884 1437 arte

192 1466 284 1514 hoc
323 1465 540 1527 primum
578 1466 760 1527 posuit.
821 1464 988 1513 officia
1019 1465 1151 1511 enim
1184 1464 1440 1527 sanguinis
1471 1463 1565 1510 filii
1595 1462 1885 1525 parentibus

99 1572 102 1574 -
191 1542 243 1586 in
284 1539 673 1601 quibuscumque
713 1540 874 1586 causis
914 1554 1095 1602 negare
1134 1554 1235 1586 non
1274 1537 1454 1585 debent
1494 1539 1544 1585 et
1574 1538 1693 1585 tunc
1724 1539 1884 1600 magis

193 1616 435 1676 coguntur
475 1612 537 1660 ad
575 1612 865 1674 inplendum
907 1611 1039 1674 quod
1076 1614 1306 1674 parentes
1347 1611 1618 1672 voluerint,
1665 1613 1708 1659 si
1745 1610 1885 1659 blan-

192 1687 422 1735 dimentis
483 1688 651 1748 potius
714 1703 866 1749 quam
927 1685 1129 1734 iubendi
1190 1687 1488 1734 auctoritate
1542 1687 1884 1748 provocentur.
1908 1700 1980 1734 2⁰·

193 1763 417 1823 sequitur
461 1776 595 1808 meae
641 1763 790 1817 vires,
838 1775 947 1809 mea
992 1775 1176 1821 mayna
1211 1762 1455 1820 potentia:
1515 1759 1738 1807 vindicat
1776 1758 1885 1820 sibi,

191 1836 371 1897 inquit,
410 1834 717 1883 necessitudo
756 1838 1024 1896 parentum
1065 1834 1301 1896 quicquid
1331 1833 1477 1882 liberi
1507 1836 1728 1896 possunt.
1791 1833 1885 1882 hoc

192 1910 300 1957 loco
339 1908 591 1971 Vergilius
640 1908 782 1957 docet
826 1910 959 1956 inter
1003 1908 1133 1956 filios
1180 1910 1231 1955 et
1274 1910 1504 1970 parentes
1558 1908 1660 1955 tale
1711 1906 1884 1955 debere

193 1997 297 2030 esse
337 1982 535 2030 volendi
574 1984 661 2030 aut
699 1982 900 2031 nolendi
940 1982 1181 2042 studium,
1228 1985 1285 2029 ut
1322 1983 1377 2029 in
1413 1981 1585 2030 multis
1623 1981 1742 2029 licet
1780 1996 1883 2029 cor-

192 2055 394 2118 poribus
433 2057 664 2105 voluntas
703 2073 804 2104 una
843 2059 892 2104 et
930 2055 1306 2104 necessitudinis
1337 2055 1594 2104 vinculum
1626 2055 1883 2103 indistinc-
1906 2068 1950 2103 25
1974 2087 1979 2094 ·

104 2133 190 2173 665
206 2134 314 2178 tum
353 2131 699 2194 integrumque
736 2130 983 2192 perduret.
1043 2131 1192 2186 solus,
1229 2132 1356 2186 nate,
1386 2131 1554 2190 patris
1590 2128 1772 2178 swmmd
1801 2129 1885 2190 qui

194 2204 287 2252 tela
321 2204 544 2265 Typhoea
574 2205 760 2260 temni&
792 2204 859 2252 ad
893 2207 936 2252 ie
974 2205 1199 2265 confugio
1239 2206 1283 2252 et
1318 2205 1523 2264 supplem
1559 2206 1646 2252 tua
1676 2205 1885 2252 numina

183 2291 356 2338 posco:
387 2279 502 2325 sunt
534 2277 619 2339 qui
650 2279 726 2325 ita
758 2277 1089 2342 distinguant:
1121 2294 1232 2326 mea
1262 2293 1446 2342 magna
1476 2278 1702 2339 potentia
1733 2277 1883 2339 solus,

194 2354 243 2398 et
267 2351 406 2399 'tunc
451 2354 637 2418 posset,
685 2353 728 2399 si
773 2352 950 2400 melior
995 2353 1126 2400 ratio
1178 2368 1277 2400 non
1332 2353 1623 2400 occurreret.
1699 2351 1883 2400 idcirco
1961 2401 1971 2415 -.

193 2426 323 2472 enim
361 2425 581 2487 positum
620 2427 694 2474 est
732 2426 879 2487 solus,
919 2427 1058 2486 nate,
1095 2427 1254 2488 patris
1295 2426 1477 2473 summi
1515 2424 1615 2487 qui'
1641 2425 1745 2472 tela
1784 2425 1882 2486 Ty·
1905 2436 1982 2479 sug<

191 2499 353 2560 phoea
404 2500 608 2559 temnis,
662 2501 720 2546 ut
774 2498 1116 2547 ostenderetur
1169 2500 1316 2547 facile
1373 2514 1477 2547 esse
1533 2498 1665 2560 quod
1712 2498 1882 2546 Venus

194 2572 322 2621 effici
354 2571 596 2635 cupiebat.
663 2573 752 2634 qui
781 2572 914 2620 enim
943 2574 1112 2636 potuit
1148 2573 1360 2621 fulmina
1397 2573 1532 2622 Iovis
1572 2574 1882 2621 contemnere
1942 2572 1948 2579 '

312 2716 338 2754 3
370 2712 500 2756 Dido
529 2717 571 2757 et
592 2712 679 2755 LR
701 2718 744 2758 et
765 2726 853 2756 om.
872 2712 944 2757 ed.
1029 2717 1057 2757 4
1080 2714 1296 2758 inimicae
1317 2713 1354 2757 L
1377 2713 1493 2757 item
1515 2713 1571 2767 R,
1597 2712 1679 2756 sed
1701 2712 1805 2769 ipse
1827 2711 1883 2755 ut
1930 2726 1983 2762 *a

193 2770 377 2815 videtur
407 2770 635 2827 expunxit
665 2773 714 2815 et
743 2773 933 2817 iwnonis
963 2771 1308 2829 suprascripsit.
1337 2772 1344 2830 Ι
1377 2773 1518 2828 factio
1549 2771 1585 2814 L
1615 2771 1650 2826 f'.
1667 2773 1882 2815 inimicae
1961 2777 1983 2831 J

191 2828 245 2873 R.
275 2830 281 2886 Ι
308 2831 488 2874 etiamsi
510 2829 546 2873 L
569 2832 613 2875 si
634 2831 770 2876 etiam
791 2830 845 2873 R.
932 2834 959 2874 8
989 2830 1286 2888 cupiditatem
1308 2830 1395 2874 LR
1417 2831 1678 2888 cupidinem
1701 2843 1815 2874 corr.
1839 2829 1882 2872 R
1939 2862 1964 2883 „2

193 2888 307 2944 ipse.
408 2893 465 2932 24
496 2894 579 2934 aut
608 2888 696 2932 LR
726 2903 781 2934 ac
811 2889 882 2933 ed.
984 2893 1039 2933 29
1071 2891 1149 2935 sed
1179 2895 1288 2935 twnc
1318 2890 1405 2934 LR
1436 2890 1507 2934 ed.
1540 2895 1582 2934 et
1611 2895 1640 2934 t.
1672 2902 1771 2933 nos.
1798 2890 1806 2946 Ι
1839 2887 1883 2932 εἰ
1942 2915 1961 2942 9

166 3020 169 3022 q
193 2946 280 2989 LR
305 2962 442 3004 qum
467 2948 539 2991 ed.
621 2951 677 2992 32
699 2949 876 3004 fulmen
890 2947 978 2991 LR
994 2949 1064 3022 ed.
1081 2949 1290 3003 fulmena
1313 2962 1426 2993 corr.
1443 2949 1486 2992 R
1500 2948 1602 3005 ipse
1616 2949 1821 3003 fulmina
1843 2961 1879 2992 r.
1938 2937 1975 3033 μ’
