2014 3226
169 171 230 214 Vl
840 162 1181 207 PRAEFATIO

172 310 395 357 doctrina
429 308 719 355 consumant
751 303 941 365 aliquid
976 319 1032 350 ex
1063 302 1252 350 Donati
1284 301 1696 362 interpretatione
1730 315 1861 348 com-

168 383 304 431 modi
349 381 492 429 hodie
543 395 736 441 quoque
786 379 1015 438 capturos
1064 391 1167 423 esse
1215 374 1421 422 confido.
1498 372 1721 422 timidius
1769 373 1861 420 1100

171 457 332 504 dicam
373 455 431 502 de
475 454 630 501 altero
671 452 857 499 Donati
897 451 1124 510 consilio,
1174 465 1270 510 quo
1313 447 1433 509 quid
1472 447 1648 495 doceat
1685 446 1860 510 Vergi-

171 531 265 576 lius
306 545 403 575 non
444 528 601 576 solum
642 526 698 571 de
739 527 868 572 recte
908 523 1109 571 vivendi
1139 523 1417 585 praeceptis
1456 515 1539 585 (cf.
1563 523 1606 581 1,
1628 521 1673 567 8.
1710 521 1860 581 2,18.

173 604 292 651 260.
338 604 383 661 8,
411 602 529 647 364.
576 601 656 661 10,
688 600 805 646 783.
851 601 931 658 11,
960 598 1081 644 228.
1117 590 1246 661 303)
1290 595 1375 643 sed
1417 595 1569 643 etiam
1608 594 1667 641 de
1707 595 1860 642 variis

169 678 427 723 hominum
469 673 655 721 artibus
690 675 738 719 et
771 671 1053 719 muneribus
1094 673 1144 718 et
1183 670 1242 717 de
1281 685 1374 717 usu
1413 671 1547 717 vitae
1589 662 1672 734 (cf.
1704 673 1748 728 1,
1776 669 1859 715 52.

175 751 256 797 75.
293 751 338 809 2,
369 750 486 796 741.
523 751 567 806 9,
597 747 715 794 288.
756 748 838 805 10,
867 746 985 792 783.
1023 746 1104 804 12,
1134 747 1216 793 91.
1254 745 1356 790 172
1393 745 1442 790 et
1473 757 1689 804 prooem.
1717 759 1764 804 p.
1788 738 1863 805 5),

171 823 229 870 de
278 822 369 868 diis
419 836 474 868 ac
522 822 638 868 fatis
688 814 771 884 (cf.
816 821 861 880 2,
897 819 1016 866 213.
1068 819 1115 878 8,
1152 818 1271 865 398.
1325 819 1407 877 10,
1434 817 1556 863 466.
1605 808 1861 882 11,536),

169 897 228 943 de
266 912 429 943 rerum
468 896 646 942 natura
685 888 788 957 (vel
827 894 933 940 1000
973 892 1210 939 eminenti
1251 892 1298 951 6,
1326 892 1428 938 723
1471 890 1549 938 vel
1588 906 1677 952 per
1715 905 1800 938 000
1816 905 1865 937 a·

174 971 361 1017 sionem
399 973 443 1027 1,
471 969 589 1014 607.
633 969 680 1027 4,
707 968 828 1014 367.
873 968 918 1026 5,
947 967 1065 1012 738.
1112 967 1194 1025 12,
1222 959 1351 1031 684)
1394 964 1735 1026 exponendum
1768 963 1863 1011 sibi

172 1058 275 1091 esse
323 1042 567 1104 opinatur.
644 1041 789 1088 huius
835 1041 1026 1104 generis
1065 1040 1224 1086 multa
1263 1039 1389 1086 talia
1428 1040 1559 1099 sunt,
1597 1040 1654 1085 ut
1691 1039 1863 1099 inepta

171 1116 313 1164 nobis
354 1115 636 1162 videantur:
677 1114 762 1162 sed
798 1113 1063 1176 singularis
1095 1114 1313 1175 ineptiae
1346 1113 1601 1160 Donatum
1633 1126 1862 1160 accusare

132 1181 153 1196 “
172 1206 271 1238 11011
303 1189 504 1236 audebit
538 1189 626 1249 qui
658 1187 926 1236 attenderit
953 1187 1219 1247 Macrobio‚
1247 1186 1418 1235 Servio
1453 1186 1662 1248 aliisque
1695 1188 1862 1233 aucto-

171 1263 307 1311 ribus
346 1263 558 1326 Vergilii
599 1262 819 1309 carmina
858 1261 947 1308 illa
987 1262 1150 1308 aetate
1188 1277 1278 1322 pro
1317 1260 1550 1308 thesauro
1591 1260 1750 1308 omnis
1787 1274 1863 1307 sa-

171 1338 387 1399 pientiae
437 1339 485 1382 et
533 1336 784 1383 doctrinae
830 1334 1002 1382 habita
1051 1350 1168 1382 esse.
1245 1350 1362 1382 suae
1412 1336 1578 1381 autem
1620 1349 1862 1395 quemque

174 1411 353 1458 aetatis
393 1410 594 1458 modulo
634 1409 801 1456 metiri
831 1410 1099 1470 praecipua
1130 1409 1210 1456 lex
1241 1410 1316 1456 est
1346 1409 1597 1456 historiae.
1660 1410 1865 1469 propter

171 1484 468 1532 rhetoricam
515 1483 978 1545 interpretationem
1031 1483 1257 1544 ineptum
1310 1482 1561 1530 hominem
1610 1481 1864 1529 Donatum

172 1557 395 1619 Heynius
435 1557 574 1604 dixit.
639 1555 791 1618 quid?
832 1556 1060 1616 etiamne,
1093 1556 1250 1616 credo,
1283 1554 1625 1611 Quintilianus
1665 1556 1865 1618 ineptus

172 1631 375 1691 dicetur,
407 1632 494 1692 qui
524 1630 794 1678 Homerum
826 1629 1053 1678 omnibus
1087 1629 1397 1691 eloquentiae
1438 1629 1663 1692 partibus
1704 1644 1863 1676 exem-

171 1705 311 1766 plum
351 1706 400 1751 et
439 1705 603 1752 ortum
634 1704 825 1752 dedisse
856 1703 1113 1765 praedicat
1148 1704 1533 1764 10,1,46-51
1564 1704 1623 1751 cf.
1645 1704 1796 1764 2,17,
1816 1703 1863 1750 8.

178 1779 268 1838 12,
304 1780 393 1837 11,
429 1775 530 1825 21?
605 1779 736 1826 recte
783 1777 980 1839 Heynio
1029 1794 1073 1825 v.
1109 1777 1153 1823 d.
1185 1777 1391 1825 Hoeven
1438 1780 1719 1839 temporum
1756 1777 1864 1837 hoc,

172 1866 272 1899 non
295 1851 507 1898 hominis
532 1850 710 1899 vitium
743 1866 845 1899 esse
876 1850 1146 1912 respondit.
1203 1851 1289 1899 sed
1318 1867 1496 1912 parum
1526 1851 1654 1899 fllud
1677 1851 1865 1912 Heynii

171 1924 372 1987 Hoppio
385 1918 427 1990 1)
473 1925 591 1985 fuit,
639 1924 939 1985 „stultitiam
985 1927 1035 1972 et
1081 1923 1491 1986 perversitatem“
1538 1924 1735 1972 Donato
1784 1940 1863 1971 ex-

172 1998 391 2060 probrat,
430 1998 560 2059 quod
599 2013 971 2059 nonnumquam
1007 1999 1062 2044 in
1099 2013 1198 2046 11110
1233 1998 1342 2046 1000
1376 1998 1661 2060 exponendo
1695 2013 1864 2046 eorum

173 2086 304 2133 quae
344 2070 473 2130 ‘alibi
520 2071 651 2133 apud
689 2071 967 2135 Vergilium
1014 2073 1206 2119 exstent
1243 2074 1489 2120 rationem
1528 2088 1627 2120 non
1666 2072 1863 2132 habeat,

174 2144 306 2207 quod
346 2144 451 2206 ipse
490 2144 587 2193 sibi
619 2146 882 2206 aliquoties
913 2161 1013 2193 non
1045 2147 1250 2206 constet,
1284 2146 1419 2208 quod
1449 2147 1862 2208 interpretatione

173 2232 263 2266 sua
301 2217 523 2281 Vergilio
562 2217 776 2281 ineptias
815 2218 1065 2282 iniungat:
1121 2219 1263 2282 quasi
1301 2235 1417 2267 vero
1458 2220 1700 2268 eiusmodi
1737 2220 1863 2268 vitia

174 2306 275 2339 non
322 2292 473 2339 etiam
515 2292 567 2339 in
607 2291 767 2339 Servii
807 2294 1172 2341 commentariis
1213 2294 1494 2342 occurrant!
1571 2293 1691 2356 quid
1730 2293 1865 2356 quod

173 2379 232 2412 eo
271 2364 516 2427 procedit,
554 2367 613 2412 ut
651 2381 972 2427 quaecunque
1012 2366 1143 2428 apud
1182 2366 1460 2427 Donatum,
1499 2366 1542 2416 si
1579 2383 1679 2416 non
1715 2370 1864 2425 recte,

178 2441 231 2485 at
275 2440 443 2486 tamen
490 2440 639 2500 „scite
686 2441 956 2502 arguteque
1004 2439 1314 2504 excogitata“
1367 2442 1686 2489 inveniantur
1735 2457 1863 2502 „non

174 2527 235 2559 ex
273 2511 429 2572 ipsius
467 2511 667 2574 ingenio
698 2511 964 2574 profecta“‚
996 2512 1082 2561 sed
1113 2513 1174 2562 ab
1207 2515 1320 2562 aliis
1352 2515 1512 2576 petita
1543 2530 1646 2564 esse
1676 2515 1865 2563 iudicet

174 2584 231 2632 in
277 2598 428 2646 eoque
482 2585 785 2646 praeiudicio
839 2589 1094 2648 tamquam
1148 2587 1472 2636 fundamento
1527 2605 1693 2637 omnes
1749 2603 1864 2637 suas

175 2659 630 2721 argumentationes
678 2660 912 2711 exstruat.
988 2660 1081 2708 hoc
1135 2676 1286 2722 quam
1338 2664 1522 2710 temere
1577 2662 1864 2711 conclusum

174 2731 248 2779 sit
291 2731 371 2779 vel
415 2746 514 2779 uno
559 2732 667 2780 loco
709 2734 756 2793 5,
790 2734 819 2780 2
869 2736 1154 2796 comparato
1193 2735 1471 2799 intellegas,
1509 2736 1599 2784 ubi
1635 2735 1862 2784 Donatus

301 2901 343 2956 1)
381 2898 549 2956 Hoppe
587 2899 646 2944 de
676 2898 864 2945 Tiberio
895 2899 1091 2946 Claudio
1122 2901 1305 2948 Donato
1337 2903 1568 2949 Aeneidos
1607 2904 1862 2962 interprete

176 2956 466 3013 dissertatio,
497 2957 752 3018 Gottingae
786 2964 914 3005 1891.
