<?xml version="1.0" encoding="UTF-8"?>
<!DOCTYPE html PUBLIC "-//W3C//DTD XHTML 1.0 Transitional//EN"
    "http://www.w3.org/TR/xhtml1/DTD/xhtml1-transitional.dtd">
<html xmlns="http://www.w3.org/1999/xhtml" xml:lang="en" lang="en">
 <head>
  <title>
</title>
<meta http-equiv="Content-Type" content="text/html;charset=utf-8" />
  <meta name='ocr-system' content='tesseract 3.04.00' />
  <meta name='ocr-capabilities' content='ocr_page ocr_carea ocr_par ocr_line ocrx_word'/>
</head>
<body>
  <div class='ocr_page' id='page_1' title='image "./interpretationes01donauoft_0268.png"; bbox 0 0 2014 3226; ppageno 0'>
   <div class='ocr_carea' id='block_1_1' title="bbox 175 161 1394 214">
    <p class='ocr_par' dir='ltr' id='par_1_1' title="bbox 175 161 1394 214">
     <span class='ocr_line' id='line_1_1' title="bbox 175 161 1394 214; baseline -0.008 1"><span class='ocrx_word' id='word_1_1' title='bbox 175 162 282 214; x_wconf 77' lang='grc'>218</span> <span class='ocrx_word' id='word_1_2' title='bbox 642 161 874 205; x_wconf 83' lang='lat' dir='ltr'><strong>DONATI</strong></span> <span class='ocrx_word' id='word_1_3' title='bbox 903 161 1182 204; x_wconf 80' lang='lat' dir='ltr'><strong>INTERPR.</strong></span> <span class='ocrx_word' id='word_1_4' title='bbox 1217 161 1394 206; x_wconf 80' lang='lat' dir='ltr'><strong>VERG.</strong></span> 
     </span>
    </p>
   </div>
   <div class='ocr_carea' id='block_1_2' title="bbox 175 302 1997 733">
    <p class='ocr_par' dir='ltr' id='par_1_2' title="bbox 175 302 1997 733">
     <span class='ocr_line' id='line_1_2' title="bbox 286 302 1866 362; baseline 0.001 -14"><span class='ocrx_word' id='word_1_5' title='bbox 286 303 517 350; x_wconf 72' lang='lat' dir='ltr'>Forsitan</span> <span class='ocrx_word' id='word_1_6' title='bbox 562 306 603 349; x_wconf 73' lang='grc'>01</span> <span class='ocrx_word' id='word_1_7' title='bbox 641 302 831 349; x_wconf 82' lang='lat' dir='ltr'>Priami</span> <span class='ocrx_word' id='word_1_8' title='bbox 876 303 1063 360; x_wconf 75' lang='lat' dir='ltr'>fuerint</span> <span class='ocrx_word' id='word_1_9' title='bbox 1099 317 1222 361; x_wconf 92' lang='lat' dir='ltr'>quae</span> <span class='ocrx_word' id='word_1_10' title='bbox 1259 303 1368 360; x_wconf 77' lang='lat' dir='ltr'>fata</span> <span class='ocrx_word' id='word_1_11' title='bbox 1406 305 1652 362; x_wconf 75' lang='lat' dir='ltr'><em>requiras:</em></span> <span class='ocrx_word' id='word_1_12' title='bbox 1706 305 1866 350; x_wconf 87' lang='lat' dir='ltr'>utitur</span> 
     </span>
     <span class='ocr_line' id='line_1_3' title="bbox 175 375 1864 438; baseline 0.002 -16"><span class='ocrx_word' id='word_1_13' title='bbox 175 378 388 424; x_wconf 83' lang='lat' dir='ltr'>referens</span> <span class='ocrx_word' id='word_1_14' title='bbox 421 392 601 438; x_wconf 80' lang='lat' dir='ltr'>magno</span> <span class='ocrx_word' id='word_1_15' title='bbox 636 375 924 437; x_wconf 83' lang='lat' dir='ltr'>conpendio,</span> <span class='ocrx_word' id='word_1_16' title='bbox 955 377 1013 422; x_wconf 92' lang='lat' dir='ltr'>ut</span> <span class='ocrx_word' id='word_1_17' title='bbox 1046 376 1178 436; x_wconf 91' lang='lat' dir='ltr'>quod</span> <span class='ocrx_word' id='word_1_18' title='bbox 1210 375 1397 423; x_wconf 81' lang='lat' dir='ltr'>sciebat</span> <span class='ocrx_word' id='word_1_19' title='bbox 1437 378 1609 437; x_wconf 87' lang='lat' dir='ltr'>quaeri</span> <span class='ocrx_word' id='word_1_20' title='bbox 1645 379 1864 438; x_wconf 86' lang='lat' dir='ltr'>potuisse</span> 
     </span>
     <span class='ocr_line' id='line_1_4' title="bbox 177 451 1996 512; baseline 0.001 -15"><span class='ocrx_word' id='word_1_21' title='bbox 177 454 350 512; x_wconf 89' lang='lat' dir='ltr'>sponte</span> <span class='ocrx_word' id='word_1_22' title='bbox 381 452 578 512; x_wconf 83' lang='lat' dir='ltr'>ingerat</span> <span class='ocrx_word' id='word_1_23' title='bbox 610 466 760 510; x_wconf 87' lang='lat' dir='ltr'>quam</span> <span class='ocrx_word' id='word_1_24' title='bbox 793 451 1015 510; x_wconf 75' lang='lat' dir='ltr'>expectet</span> <span class='ocrx_word' id='word_1_25' title='bbox 1053 451 1509 512; x_wconf 69' lang='lat' dir='ltr'>interrogationem.</span> <span class='ocrx_word' id='word_1_26' title='bbox 1565 451 1699 498; x_wconf 87' lang='lat' dir='ltr'>mala</span> <span class='ocrx_word' id='word_1_27' title='bbox 1735 452 1867 498; x_wconf 90' lang='lat' dir='ltr'>enim</span> <span class='ocrx_word' id='word_1_28' title='bbox 1993 502 1996 509; x_wconf 20' lang='lat' dir='ltr'>q</span> 
     </span>
     <span class='ocr_line' id='line_1_5' title="bbox 178 513 1997 589; baseline 0.001 -18"><span class='ocrx_word' id='word_1_29' title='bbox 178 541 266 571; x_wconf 88' lang='lat' dir='ltr'>sua</span> <span class='ocrx_word' id='word_1_30' title='bbox 315 526 364 570; x_wconf 89' lang='lat' dir='ltr'>et</span> <span class='ocrx_word' id='word_1_31' title='bbox 410 525 556 584; x_wconf 90' lang='lat' dir='ltr'>plena</span> <span class='ocrx_word' id='word_1_32' title='bbox 605 523 911 571; x_wconf 70' lang='lat' dir='ltr'>crudelitatis</span> <span class='ocrx_word' id='word_1_33' title='bbox 930 560 1089 570; x_wconf 88' lang='grc'><strong>......</strong></span> <span class='ocrx_word' id='word_1_34' title='bbox 1129 524 1209 570; x_wconf 87' lang='lat' dir='ltr'>vel</span> <span class='ocrx_word' id='word_1_35' title='bbox 1247 525 1461 571; x_wconf 85' lang='lat' dir='ltr'>maxime</span> <span class='ocrx_word' id='word_1_36' title='bbox 1500 527 1720 585; x_wconf 91' lang='lat' dir='ltr'>tempore</span> <span class='ocrx_word' id='word_1_37' title='bbox 1769 541 1866 586; x_wconf 92' lang='lat' dir='ltr'>quo</span> <span class='ocrx_word' id='word_1_38' title='bbox 1990 513 1997 589; x_wconf 49' lang='grc' dir='ltr'>*Ι</span> 
     </span>
     <span class='ocr_line' id='line_1_6' title="bbox 178 595 1997 675; baseline 0.002 -31"><span class='ocrx_word' id='word_1_39' title='bbox 178 598 315 659; x_wconf 84' lang='lat' dir='ltr'>quies</span> <span class='ocrx_word' id='word_1_40' title='bbox 372 597 596 644; x_wconf 90' lang='lat' dir='ltr'>omnibus</span> <span class='ocrx_word' id='word_1_41' title='bbox 653 597 812 644; x_wconf 84' lang='lat' dir='ltr'>defuit</span> <span class='ocrx_word' id='word_1_42' title='bbox 866 597 1076 658; x_wconf 86' lang='lat' dir='ltr'>optabat</span> <span class='ocrx_word' id='word_1_43' title='bbox 1125 599 1371 645; x_wconf 90' lang='lat' dir='ltr'>maturius</span> <span class='ocrx_word' id='word_1_44' title='bbox 1419 599 1552 645; x_wconf 79' lang='lat' dir='ltr'>facto</span> <span class='ocrx_word' id='word_1_45' title='bbox 1603 598 1698 645; x_wconf 88' lang='lat' dir='ltr'>fine</span> <span class='ocrx_word' id='word_1_46' title='bbox 1754 614 1867 646; x_wconf 88' lang='grc'>0011-</span> <span class='ocrx_word' id='word_1_47' title='bbox 1915 616 1935 648; x_wconf 84' lang='lat'>5</span> <span class='ocrx_word' id='word_1_48' title='bbox 1980 595 1997 675; x_wconf 57' lang='grc' dir='ltr'>ξ</span> 
     </span>
     <span class='ocr_line' id='line_1_7' title="bbox 179 671 1997 733; baseline 0.001 -14"><span class='ocrx_word' id='word_1_49' title='bbox 179 672 386 719; x_wconf 80' lang='lat' dir='ltr'>cludere.</span> <span class='ocrx_word' id='word_1_50' title='bbox 457 672 682 732; x_wconf 79' lang='lat' dir='ltr'>forsitan,</span> <span class='ocrx_word' id='word_1_51' title='bbox 723 673 902 733; x_wconf 81' lang='lat' dir='ltr'>inquit,</span> <span class='ocrx_word' id='word_1_52' title='bbox 943 674 992 718; x_wconf 86' lang='lat' dir='ltr'>et</span> <span class='ocrx_word' id='word_1_53' title='bbox 1030 671 1217 718; x_wconf 83' lang='lat' dir='ltr'>Priami</span> <span class='ocrx_word' id='word_1_54' title='bbox 1258 672 1443 719; x_wconf 88' lang='lat' dir='ltr'>fuerint</span> <span class='ocrx_word' id='word_1_55' title='bbox 1483 688 1608 732; x_wconf 90' lang='lat' dir='ltr'>quae</span> <span class='ocrx_word' id='word_1_56' title='bbox 1648 673 1754 720; x_wconf 87' lang='lat' dir='ltr'>fata</span> <span class='ocrx_word' id='word_1_57' title='bbox 1792 689 1867 720; x_wconf 91' lang='grc'>10-</span> <span class='ocrx_word' id='word_1_58' title='bbox 1993 686 1997 695; x_wconf 85' lang='grc'><em>’</em></span> 
     </span>
    </p>
   </div>
   <div class='ocr_carea' id='block_1_3' title="bbox 1970 691 2014 2048">
    <p class='ocr_par' dir='ltr' id='par_1_3' title="bbox 1970 691 2014 2048">
     <span class='ocr_line' id='line_1_8' title="bbox 1970 691 2014 1603; baseline 0 -668"><span class='ocrx_word' id='word_1_59' title='bbox 1970 691 2014 1603; x_wconf 95' lang='lat' dir='ltr'>      </span> 
     </span>
     <span class='ocr_line' id='line_1_9' title="bbox 1990 1603 2014 2048; baseline 0 -247"><span class='ocrx_word' id='word_1_60' title='bbox 1990 1603 2014 2048; x_wconf 95' lang='lat' dir='ltr'>   </span> 
     </span>
    </p>
   </div>
   <div class='ocr_carea' id='block_1_4' title="bbox 94 744 1990 2289">
    <p class='ocr_par' dir='ltr' id='par_1_4' title="bbox 94 744 1990 2292">
     <span class='ocr_line' id='line_1_10' title="bbox 179 744 1869 808; baseline 0.001 -17"><span class='ocrx_word' id='word_1_61' title='bbox 179 747 367 806; x_wconf 80' lang='lat' dir='ltr'>quiras:</span> <span class='ocrx_word' id='word_1_62' title='bbox 425 745 629 792; x_wconf 82' lang='lat' dir='ltr'>dicendo</span> <span class='ocrx_word' id='word_1_63' title='bbox 679 748 727 792; x_wconf 89' lang='lat' dir='ltr'>et</span> <span class='ocrx_word' id='word_1_64' title='bbox 766 744 956 792; x_wconf 84' lang='lat' dir='ltr'>Priami</span> <span class='ocrx_word' id='word_1_65' title='bbox 1003 745 1223 792; x_wconf 85' lang='lat' dir='ltr'>ostendit</span> <span class='ocrx_word' id='word_1_66' title='bbox 1271 747 1429 793; x_wconf 90' lang='lat' dir='ltr'>omnis</span> <span class='ocrx_word' id='word_1_67' title='bbox 1472 762 1680 806; x_wconf 89' lang='lat' dir='ltr'>quorum</span> <span class='ocrx_word' id='word_1_68' title='bbox 1720 763 1869 808; x_wconf 85' lang='lat' dir='ltr'>supra</span> 
     </span>
     <span class='ocr_line' id='line_1_11' title="bbox 177 819 1867 882; baseline 0.001 -16"><span class='ocrx_word' id='word_1_69' title='bbox 177 819 403 866; x_wconf 87' lang='lat' dir='ltr'>meminit</span> <span class='ocrx_word' id='word_1_70' title='bbox 450 835 554 866; x_wconf 91' lang='lat' dir='ltr'>esse</span> <span class='ocrx_word' id='word_1_71' title='bbox 603 821 935 881; x_wconf 82' lang='lat' dir='ltr'>consumptos.</span> <span class='ocrx_word' id='word_1_72' title='bbox 1013 819 1131 867; x_wconf 81' lang='lat' dir='ltr'>lieet</span> <span class='ocrx_word' id='word_1_73' title='bbox 1178 821 1280 866; x_wconf 87' lang='lat' dir='ltr'>iam</span> <span class='ocrx_word' id='word_1_74' title='bbox 1327 819 1508 867; x_wconf 85' lang='lat' dir='ltr'>dixerit</span> <span class='ocrx_word' id='word_1_75' title='bbox 1551 821 1718 867; x_wconf 90' lang='lat' dir='ltr'>omnia</span> <span class='ocrx_word' id='word_1_76' title='bbox 1755 837 1867 882; x_wconf 89' lang='lat' dir='ltr'>pro-</span> 
     </span>
     <span class='ocr_line' id='line_1_12' title="bbox 179 893 1868 954; baseline 0.001 -14"><span class='ocrx_word' id='word_1_77' title='bbox 179 893 420 952; x_wconf 74' lang='lat' dir='ltr'>cubuisse,</span> <span class='ocrx_word' id='word_1_78' title='bbox 454 893 635 940; x_wconf 84' lang='lat' dir='ltr'>dixerit</span> <span class='ocrx_word' id='word_1_79' title='bbox 667 895 820 940; x_wconf 89' lang='lat' dir='ltr'>etiam</span> <span class='ocrx_word' id='word_1_80' title='bbox 852 893 1107 940; x_wconf 88' lang='lat' dir='ltr'>Priamum</span> <span class='ocrx_word' id='word_1_81' title='bbox 1138 894 1303 954; x_wconf 89' lang='lat' dir='ltr'>ipsum</span> <span class='ocrx_word' id='word_1_82' title='bbox 1335 895 1580 954; x_wconf 88' lang='lat' dir='ltr'>interisse,</span> <span class='ocrx_word' id='word_1_83' title='bbox 1615 909 1725 941; x_wconf 84' lang='lat' dir='ltr'>cum</span> <span class='ocrx_word' id='word_1_84' title='bbox 1757 910 1868 943; x_wconf 88' lang='lat' dir='ltr'>aras</span> 
     </span>
     <span class='ocr_line' id='line_1_13' title="bbox 177 967 1938 1031; baseline 0.002 -18"><span class='ocrx_word' id='word_1_85' title='bbox 177 967 424 1015; x_wconf 80' lang='lat' dir='ltr'>foedasset</span> <span class='ocrx_word' id='word_1_86' title='bbox 463 969 704 1031; x_wconf 88' lang='lat' dir='ltr'>sanguine</span> <span class='ocrx_word' id='word_1_87' title='bbox 744 983 846 1028; x_wconf 87' lang='lat' dir='ltr'>suo,</span> <span class='ocrx_word' id='word_1_88' title='bbox 877 984 977 1015; x_wconf 91' lang='lat' dir='ltr'>non</span> <span class='ocrx_word' id='word_1_89' title='bbox 1008 967 1101 1015; x_wconf 85' lang='lat' dir='ltr'>hoo</span> <span class='ocrx_word' id='word_1_90' title='bbox 1131 968 1265 1014; x_wconf 91' lang='lat' dir='ltr'>idem</span> <span class='ocrx_word' id='word_1_91' title='bbox 1295 969 1491 1028; x_wconf 87' lang='lat' dir='ltr'>repetit,</span> <span class='ocrx_word' id='word_1_92' title='bbox 1525 967 1608 1015; x_wconf 89' lang='lat' dir='ltr'>sed</span> <span class='ocrx_word' id='word_1_93' title='bbox 1647 968 1870 1016; x_wconf 84' lang='lat' dir='ltr'>ordinem</span> <span class='ocrx_word' id='word_1_94' title='bbox 1894 985 1938 1017; x_wconf 88' lang='lat'>10</span> 
     </span>
     <span class='ocr_line' id='line_1_14' title="bbox 178 1041 1871 1104; baseline 0.001 -16"><span class='ocrx_word' id='word_1_95' title='bbox 178 1055 308 1088; x_wconf 89' lang='grc'>1111110</span> <span class='ocrx_word' id='word_1_96' title='bbox 355 1043 404 1088; x_wconf 89' lang='lat' dir='ltr'>et</span> <span class='ocrx_word' id='word_1_97' title='bbox 450 1057 603 1104; x_wconf 87' lang='lat' dir='ltr'>genus</span> <span class='ocrx_word' id='word_1_98' title='bbox 651 1041 825 1090; x_wconf 89' lang='lat' dir='ltr'>mortis</span> <span class='ocrx_word' id='word_1_99' title='bbox 873 1043 976 1090; x_wconf 89' lang='lat' dir='ltr'>eius</span> <span class='ocrx_word' id='word_1_100' title='bbox 1025 1043 1228 1102; x_wconf 84' lang='lat' dir='ltr'>exponit</span> <span class='ocrx_word' id='word_1_101' title='bbox 1275 1043 1324 1088; x_wconf 90' lang='lat' dir='ltr'>et</span> <span class='ocrx_word' id='word_1_102' title='bbox 1369 1041 1630 1104; x_wconf 84' lang='lat' dir='ltr'>indignum</span> <span class='ocrx_word' id='word_1_103' title='bbox 1686 1043 1871 1090; x_wconf 84' lang='lat' dir='ltr'>exitum</span> 
     </span>
     <span class='ocr_line' id='line_1_15' title="bbox 178 1115 1872 1177; baseline 0.001 -16"><span class='ocrx_word' id='word_1_104' title='bbox 178 1117 311 1162; x_wconf 87' lang='lat' dir='ltr'>vitae</span> <span class='ocrx_word' id='word_1_105' title='bbox 358 1116 709 1177; x_wconf 85' lang='lat' dir='ltr'>fortunamque</span> <span class='ocrx_word' id='word_1_106' title='bbox 758 1118 862 1163; x_wconf 92' lang='lat' dir='ltr'>eius</span> <span class='ocrx_word' id='word_1_107' title='bbox 909 1115 1242 1163; x_wconf 88' lang='lat' dir='ltr'>miserabilem</span> <span class='ocrx_word' id='word_1_108' title='bbox 1287 1118 1544 1163; x_wconf 87' lang='lat' dir='ltr'>memorat.</span> <span class='ocrx_word' id='word_1_109' title='bbox 1621 1117 1758 1163; x_wconf 79' lang='lat' dir='ltr'>urbis</span> <span class='ocrx_word' id='word_1_110' title='bbox 1801 1117 1872 1163; x_wconf 77' lang='lat' dir='ltr'>uti</span> 
     </span>
     <span class='ocr_line' id='line_1_16' title="bbox 178 1191 1874 1249; baseline 0.001 -13"><span class='ocrx_word' id='word_1_111' title='bbox 178 1192 346 1248; x_wconf 74' lang='lat' dir='ltr'>captae</span> <span class='ocrx_word' id='word_1_112' title='bbox 378 1205 546 1237; x_wconf 74' lang='lat' dir='ltr'>casum</span> <span class='ocrx_word' id='word_1_113' title='bbox 584 1191 906 1249; x_wconf 73' lang='lat' dir='ltr'>convulsaque</span> <span class='ocrx_word' id='word_1_114' title='bbox 944 1191 1068 1237; x_wconf 74' lang='lat' dir='ltr'>vidit</span> <span class='ocrx_word' id='word_1_115' title='bbox 1104 1191 1278 1237; x_wconf 83' lang='lat' dir='ltr'>limina</span> <span class='ocrx_word' id='word_1_116' title='bbox 1316 1193 1543 1237; x_wconf 75' lang='lat' dir='ltr'>tectorum</span> <span class='ocrx_word' id='word_1_117' title='bbox 1583 1194 1626 1237; x_wconf 74' lang='lat' dir='ltr'>et</span> <span class='ocrx_word' id='word_1_118' title='bbox 1661 1191 1874 1238; x_wconf 83' lang='lat' dir='ltr'>medium</span> 
     </span>
     <span class='ocr_line' id='line_1_17' title="bbox 178 1263 1874 1323; baseline 0 -13"><span class='ocrx_word' id='word_1_119' title='bbox 178 1265 231 1310; x_wconf 84' lang='lat' dir='ltr'>in</span> <span class='ocrx_word' id='word_1_120' title='bbox 260 1264 596 1323; x_wconf 72' lang='lat' dir='ltr'>penetralibus</span> <span class='ocrx_word' id='word_1_121' title='bbox 633 1265 834 1312; x_wconf 76' lang='lat' dir='ltr'>hostem:</span> <span class='ocrx_word' id='word_1_122' title='bbox 885 1266 1209 1312; x_wconf 80' lang='lat' dir='ltr'>crescentium</span> <span class='ocrx_word' id='word_1_123' title='bbox 1249 1264 1492 1311; x_wconf 88' lang='lat' dir='ltr'>malorum</span> <span class='ocrx_word' id='word_1_124' title='bbox 1531 1263 1618 1311; x_wconf 90' lang='lat' dir='ltr'>ubi</span> <span class='ocrx_word' id='word_1_125' title='bbox 1656 1265 1727 1312; x_wconf 84' lang='lat' dir='ltr'>sio</span> <span class='ocrx_word' id='word_1_126' title='bbox 1765 1263 1874 1312; x_wconf 86' lang='lat' dir='ltr'>fieri</span> 
     </span>
     <span class='ocr_line' id='line_1_18' title="bbox 178 1337 1981 1400; baseline 0.002 -17"><span class='ocrx_word' id='word_1_127' title='bbox 178 1337 306 1384; x_wconf 86' lang='lat' dir='ltr'>vidit</span> <span class='ocrx_word' id='word_1_128' title='bbox 353 1341 640 1400; x_wconf 84' lang='lat' dir='ltr'>augmenta,</span> <span class='ocrx_word' id='word_1_129' title='bbox 696 1340 753 1385; x_wconf 91' lang='lat' dir='ltr'>ut</span> <span class='ocrx_word' id='word_1_130' title='bbox 798 1338 925 1385; x_wconf 89' lang='lat' dir='ltr'>nihil</span> <span class='ocrx_word' id='word_1_131' title='bbox 970 1340 1072 1384; x_wconf 89' lang='lat' dir='ltr'>iam</span> <span class='ocrx_word' id='word_1_132' title='bbox 1123 1338 1220 1385; x_wconf 89' lang='lat' dir='ltr'>nisi</span> <span class='ocrx_word' id='word_1_133' title='bbox 1276 1339 1541 1399; x_wconf 84' lang='lat' dir='ltr'>captivitas</span> <span class='ocrx_word' id='word_1_134' title='bbox 1597 1340 1873 1400; x_wconf 84' lang='lat' dir='ltr'>superesset</span> <span class='ocrx_word' id='word_1_135' title='bbox 1897 1354 1940 1386; x_wconf 87' lang='lat'>15</span> <span class='ocrx_word' id='word_1_136' title='bbox 1975 1347 1981 1394; x_wconf 71' lang='grc' dir='ltr'>ᾗ</span> 
     </span>
     <span class='ocr_line' id='line_1_19' title="bbox 181 1406 1982 1475; baseline 0.001 -17"><span class='ocrx_word' id='word_1_137' title='bbox 181 1406 378 1475; x_wconf 78' lang='lat' dir='ltr'>(invasa</span> <span class='ocrx_word' id='word_1_138' title='bbox 425 1413 558 1459; x_wconf 85' lang='lat' dir='ltr'>enim</span> <span class='ocrx_word' id='word_1_139' title='bbox 605 1413 810 1460; x_wconf 82' lang='lat' dir='ltr'>civitate</span> <span class='ocrx_word' id='word_1_140' title='bbox 860 1412 981 1473; x_wconf 84' lang='lat' dir='ltr'>quid</span> <span class='ocrx_word' id='word_1_141' title='bbox 1026 1412 1248 1459; x_wconf 86' lang='lat' dir='ltr'>restabat</span> <span class='ocrx_word' id='word_1_142' title='bbox 1294 1410 1432 1472; x_wconf 79' lang='lat' dir='ltr'>spei?</span> <span class='ocrx_word' id='word_1_143' title='bbox 1511 1427 1759 1460; x_wconf 80' lang='lat' dir='ltr'>aceessum</span> <span class='ocrx_word' id='word_1_144' title='bbox 1799 1413 1875 1461; x_wconf 89' lang='lat' dir='ltr'>est</span> <span class='ocrx_word' id='word_1_145' title='bbox 1980 1415 1982 1418; x_wconf 74' lang='grc'>’</span> 
     </span>
     <span class='ocr_line' id='line_1_20' title="bbox 182 1485 1874 1550; baseline 0.001 -17"><span class='ocrx_word' id='word_1_146' title='bbox 182 1485 244 1533; x_wconf 86' lang='lat' dir='ltr'>ad</span> <span class='ocrx_word' id='word_1_147' title='bbox 289 1485 442 1550; x_wconf 80' lang='lat' dir='ltr'>limen</span> <span class='ocrx_word' id='word_1_148' title='bbox 491 1486 686 1547; x_wconf 88' lang='lat' dir='ltr'>domus,</span> <span class='ocrx_word' id='word_1_149' title='bbox 735 1488 947 1548; x_wconf 89' lang='lat' dir='ltr'>sumpsit</span> <span class='ocrx_word' id='word_1_150' title='bbox 994 1488 1316 1549; x_wconf 85' lang='lat' dir='ltr'>augmentum</span> <span class='ocrx_word' id='word_1_151' title='bbox 1365 1485 1667 1548; x_wconf 83' lang='lat' dir='ltr'>desperatio,</span> <span class='ocrx_word' id='word_1_152' title='bbox 1717 1486 1874 1534; x_wconf 79' lang='lat' dir='ltr'>hostis</span> 
     </span>
     <span class='ocr_line' id='line_1_21' title="bbox 180 1547 1990 1644; baseline -0.001 -38"><span class='ocrx_word' id='word_1_153' title='bbox 180 1576 279 1607; x_wconf 91' lang='lat' dir='ltr'>non</span> <span class='ocrx_word' id='word_1_154' title='bbox 325 1562 524 1607; x_wconf 87' lang='lat' dir='ltr'>tantum</span> <span class='ocrx_word' id='word_1_155' title='bbox 570 1562 820 1624; x_wconf 82' lang='lat' dir='ltr'>ingressus</span> <span class='ocrx_word' id='word_1_156' title='bbox 866 1577 1041 1608; x_wconf 87' lang='lat' dir='ltr'>verum</span> <span class='ocrx_word' id='word_1_157' title='bbox 1089 1561 1242 1607; x_wconf 84' lang='lat' dir='ltr'>etiam</span> <span class='ocrx_word' id='word_1_158' title='bbox 1287 1575 1443 1621; x_wconf 87' lang='lat' dir='ltr'>usque</span> <span class='ocrx_word' id='word_1_159' title='bbox 1495 1559 1558 1607; x_wconf 88' lang='lat' dir='ltr'>ad</span> <span class='ocrx_word' id='word_1_160' title='bbox 1595 1561 1876 1644; x_wconf 78' lang='lat' dir='ltr'>penetralia</span> <span class='ocrx_word' id='word_1_161' title='bbox 1974 1547 1990 1621; x_wconf 25' lang='grc' dir='ltr'><strong>ζῖ</strong></span> 
     </span>
     <span class='ocr_line' id='line_1_22' title="bbox 179 1628 1971 1700; baseline 0.001 -20"><span class='ocrx_word' id='word_1_162' title='bbox 179 1636 421 1694; x_wconf 89' lang='lat' dir='ltr'>pervenit,</span> <span class='ocrx_word' id='word_1_163' title='bbox 460 1635 592 1695; x_wconf 92' lang='lat' dir='ltr'>quod</span> <span class='ocrx_word' id='word_1_164' title='bbox 630 1635 728 1682; x_wconf 83' lang='lat' dir='ltr'>fuit</span> <span class='ocrx_word' id='word_1_165' title='bbox 767 1628 1080 1700; x_wconf 84' lang='lat' dir='ltr'>extremum),</span> <span class='ocrx_word' id='word_1_166' title='bbox 1114 1634 1233 1695; x_wconf 91' lang='lat' dir='ltr'>quid</span> <span class='ocrx_word' id='word_1_167' title='bbox 1271 1634 1431 1681; x_wconf 82' lang='lat' dir='ltr'>facere</span> <span class='ocrx_word' id='word_1_168' title='bbox 1472 1633 1644 1682; x_wconf 90' lang='lat' dir='ltr'>debuit</span> <span class='ocrx_word' id='word_1_169' title='bbox 1682 1635 1875 1696; x_wconf 86' lang='lat' dir='ltr'>sapien·</span> <span class='ocrx_word' id='word_1_170' title='bbox 1965 1629 1971 1637; x_wconf 83' lang='grc'><strong><em>’</em></strong></span> 
     </span>
     <span class='ocr_line' id='line_1_23' title="bbox 180 1708 1980 1783; baseline 0.002 -28"><span class='ocrx_word' id='word_1_171' title='bbox 180 1709 402 1755; x_wconf 88' lang='lat' dir='ltr'>tissimus</span> <span class='ocrx_word' id='word_1_172' title='bbox 434 1724 518 1755; x_wconf 83' lang='lat' dir='ltr'>rex</span> <span class='ocrx_word' id='word_1_173' title='bbox 548 1710 648 1756; x_wconf 89' lang='lat' dir='ltr'>nisi</span> <span class='ocrx_word' id='word_1_174' title='bbox 672 1710 1020 1770; x_wconf 83' lang='lat' dir='ltr'>captivitatem</span> <span class='ocrx_word' id='word_1_175' title='bbox 1042 1709 1303 1771; x_wconf 87' lang='lat' dir='ltr'>indignam</span> <span class='ocrx_word' id='word_1_176' title='bbox 1328 1708 1675 1770; x_wconf 84' lang='lat' dir='ltr'>qualicumque</span> <span class='ocrx_word' id='word_1_177' title='bbox 1698 1709 1875 1756; x_wconf 88' lang='lat' dir='ltr'>mortis</span> <span class='ocrx_word' id='word_1_178' title='bbox 1900 1723 1980 1783; x_wconf 54' lang='grc' dir='ltr'>εινἦ</span> 
     </span>
     <span class='ocr_line' id='line_1_24' title="bbox 182 1781 1969 1854; baseline 0.001 -26"><span class='ocrx_word' id='word_1_179' title='bbox 182 1783 316 1829; x_wconf 83' lang='lat' dir='ltr'>exitu</span> <span class='ocrx_word' id='word_1_180' title='bbox 347 1781 670 1843; x_wconf 81' lang='lat' dir='ltr'>praevenire?</span> <span class='ocrx_word' id='word_1_181' title='bbox 709 1783 891 1830; x_wconf 82' lang='lat' dir='ltr'>inferre</span> <span class='ocrx_word' id='word_1_182' title='bbox 923 1783 1020 1830; x_wconf 90' lang='lat' dir='ltr'>sibi</span> <span class='ocrx_word' id='word_1_183' title='bbox 1050 1797 1226 1830; x_wconf 89' lang='lat' dir='ltr'>manus</span> <span class='ocrx_word' id='word_1_184' title='bbox 1257 1797 1347 1830; x_wconf 88' lang='grc'>1100</span> <span class='ocrx_word' id='word_1_185' title='bbox 1378 1783 1578 1843; x_wconf 89' lang='lat' dir='ltr'>poterat</span> <span class='ocrx_word' id='word_1_186' title='bbox 1607 1798 1698 1829; x_wconf 85' lang='lat' dir='ltr'>neo</span> <span class='ocrx_word' id='word_1_187' title='bbox 1730 1781 1877 1830; x_wconf 87' lang='lat' dir='ltr'>aude·</span> <span class='ocrx_word' id='word_1_188' title='bbox 1960 1843 1969 1854; x_wconf 36' lang='grc' dir='ltr'><em>Α</em></span> 
     </span>
     <span class='ocr_line' id='line_1_25' title="bbox 94 1855 1982 1915; baseline -0.001 -12"><span class='ocrx_word' id='word_1_189' title='bbox 94 1858 179 1897; x_wconf 83' lang='grc'>510</span> <span class='ocrx_word' id='word_1_190' title='bbox 196 1855 295 1903; x_wconf 87' lang='lat' dir='ltr'>bat.</span> <span class='ocrx_word' id='word_1_191' title='bbox 368 1872 511 1904; x_wconf 83' lang='lat' dir='ltr'>arma</span> <span class='ocrx_word' id='word_1_192' title='bbox 550 1857 637 1904; x_wconf 82' lang='lat' dir='ltr'>diu</span> <span class='ocrx_word' id='word_1_193' title='bbox 673 1859 836 1905; x_wconf 81' lang='lat' dir='ltr'>senior</span> <span class='ocrx_word' id='word_1_194' title='bbox 874 1858 1069 1905; x_wconf 76' lang='lat' dir='ltr'>desueta</span> <span class='ocrx_word' id='word_1_195' title='bbox 1108 1856 1417 1904; x_wconf 76' lang='lat' dir='ltr'>trementibus</span> <span class='ocrx_word' id='word_1_196' title='bbox 1457 1870 1572 1904; x_wconf 83' lang='lat' dir='ltr'>aevo</span> <span class='ocrx_word' id='word_1_197' title='bbox 1612 1857 1880 1904; x_wconf 76' lang='lat' dir='ltr'>circumdat</span> <span class='ocrx_word' id='word_1_198' title='bbox 1956 1855 1982 1915; x_wconf 68' lang='lat' dir='ltr'>j.</span> 
     </span>
     <span class='ocr_line' id='line_1_26' title="bbox 182 1930 1962 1992; baseline 0.001 -16"><span class='ocrx_word' id='word_1_199' title='bbox 182 1931 502 1989; x_wconf 68' lang='lat' dir='ltr'>nequicquam</span> <span class='ocrx_word' id='word_1_200' title='bbox 539 1933 722 1979; x_wconf 78' lang='lat' dir='ltr'>umeris</span> <span class='ocrx_word' id='word_1_201' title='bbox 762 1934 805 1979; x_wconf 72' lang='lat' dir='ltr'>el</span> <span class='ocrx_word' id='word_1_202' title='bbox 840 1933 1012 1979; x_wconf 79' lang='lat' dir='ltr'>inutile</span> <span class='ocrx_word' id='word_1_203' title='bbox 1050 1932 1264 1990; x_wconf 78' lang='lat' dir='ltr'>ferrum:</span> <span class='ocrx_word' id='word_1_204' title='bbox 1300 1930 1377 1978; x_wconf 89' lang='lat' dir='ltr'>bis</span> <span class='ocrx_word' id='word_1_205' title='bbox 1410 1930 1753 1992; x_wconf 77' lang='lat' dir='ltr'>accipiendum</span> <span class='ocrx_word' id='word_1_206' title='bbox 1783 1930 1877 1978; x_wconf 89' lang='grc'>011·-</span> <span class='ocrx_word' id='word_1_207' title='bbox 1960 1961 1962 1969; x_wconf 59' lang='lat'>1</span> 
     </span>
     <span class='ocr_line' id='line_1_27' title="bbox 185 2001 1880 2065; baseline -0.001 -14"><span class='ocrx_word' id='word_1_208' title='bbox 185 2003 397 2065; x_wconf 85' lang='lat' dir='ltr'>oumdat,</span> <span class='ocrx_word' id='word_1_209' title='bbox 429 2007 486 2052; x_wconf 89' lang='lat' dir='ltr'>ut</span> <span class='ocrx_word' id='word_1_210' title='bbox 517 2006 583 2053; x_wconf 89' lang='lat' dir='ltr'>sit</span> <span class='ocrx_word' id='word_1_211' title='bbox 614 2005 888 2053; x_wconf 76' lang='lat' dir='ltr'>circumdat</span> <span class='ocrx_word' id='word_1_212' title='bbox 919 2022 1072 2065; x_wconf 89' lang='lat' dir='ltr'>arma,</span> <span class='ocrx_word' id='word_1_213' title='bbox 1105 2004 1381 2052; x_wconf 80' lang='lat' dir='ltr'>circumdat</span> <span class='ocrx_word' id='word_1_214' title='bbox 1412 2004 1610 2052; x_wconf 88' lang='lat' dir='ltr'>ferrum.</span> <span class='ocrx_word' id='word_1_215' title='bbox 1670 2001 1880 2064; x_wconf 76' lang='lat' dir='ltr'>einyilur</span> 
     </span>
     <span class='ocr_line' id='line_1_28' title="bbox 185 2078 1984 2158; baseline 0 -33"><span class='ocrx_word' id='word_1_216' title='bbox 185 2093 243 2125; x_wconf 88' lang='lat' dir='ltr'>ae</span> <span class='ocrx_word' id='word_1_217' title='bbox 281 2078 452 2126; x_wconf 81' lang='lat' dir='ltr'>densos</span> <span class='ocrx_word' id='word_1_218' title='bbox 488 2080 647 2138; x_wconf 76' lang='lat' dir='ltr'>fertur</span> <span class='ocrx_word' id='word_1_219' title='bbox 684 2081 949 2127; x_wconf 81' lang='lat' dir='ltr'>moriturus</span> <span class='ocrx_word' id='word_1_220' title='bbox 993 2082 1048 2127; x_wconf 79' lang='lat' dir='ltr'>in</span> <span class='ocrx_word' id='word_1_221' title='bbox 1091 2079 1263 2126; x_wconf 75' lang='lat' dir='ltr'>hostis:</span> <span class='ocrx_word' id='word_1_222' title='bbox 1316 2078 1479 2126; x_wconf 85' lang='lat' dir='ltr'>visum</span> <span class='ocrx_word' id='word_1_223' title='bbox 1526 2080 1601 2126; x_wconf 89' lang='lat' dir='ltr'>est</span> <span class='ocrx_word' id='word_1_224' title='bbox 1647 2079 1694 2126; x_wconf 91' lang='lat' dir='ltr'>ei</span> <span class='ocrx_word' id='word_1_225' title='bbox 1740 2093 1878 2126; x_wconf 86' lang='lat' dir='ltr'>arma</span> <span class='ocrx_word' id='word_1_226' title='bbox 1902 2093 1984 2158; x_wconf 44' lang='lat'>²⁵³&amp;</span> 
     </span>
     <span class='ocr_line' id='line_1_29' title="bbox 186 2142 1982 2236; baseline 0.001 -38"><span class='ocrx_word' id='word_1_227' title='bbox 186 2167 382 2213; x_wconf 78' lang='lat' dir='ltr'>capere,</span> <span class='ocrx_word' id='word_1_228' title='bbox 436 2169 536 2201; x_wconf 91' lang='lat' dir='ltr'>non</span> <span class='ocrx_word' id='word_1_229' title='bbox 582 2155 639 2200; x_wconf 90' lang='lat' dir='ltr'>ut</span> <span class='ocrx_word' id='word_1_230' title='bbox 684 2155 877 2215; x_wconf 85' lang='lat' dir='ltr'>peteret</span> <span class='ocrx_word' id='word_1_231' title='bbox 923 2168 1144 2236; x_wconf 80' lang='lat' dir='ltr'>pugnam</span> <span class='ocrx_word' id='word_1_232' title='bbox 1192 2153 1280 2200; x_wconf 90' lang='lat' dir='ltr'>aut</span> <span class='ocrx_word' id='word_1_233' title='bbox 1330 2152 1562 2200; x_wconf 82' lang='lat' dir='ltr'>certando</span> <span class='ocrx_word' id='word_1_234' title='bbox 1618 2152 1879 2201; x_wconf 81' lang='lat' dir='ltr'>victoriam</span> <span class='ocrx_word' id='word_1_235' title='bbox 1951 2142 1982 2226; x_wconf 54' lang='grc' dir='ltr'><em>ξ</em></span> 
     </span>
     <span class='ocr_line' id='line_1_30' title="bbox 187 2226 1881 2289; baseline 0.001 -17"><span class='ocrx_word' id='word_1_236' title='bbox 187 2229 466 2286; x_wconf 84' lang='lat' dir='ltr'>quaereret,</span> <span class='ocrx_word' id='word_1_237' title='bbox 521 2227 607 2275; x_wconf 88' lang='lat' dir='ltr'>sed</span> <span class='ocrx_word' id='word_1_238' title='bbox 652 2230 709 2275; x_wconf 92' lang='lat' dir='ltr'>ut</span> <span class='ocrx_word' id='word_1_239' title='bbox 753 2229 808 2274; x_wconf 89' lang='lat' dir='ltr'>in</span> <span class='ocrx_word' id='word_1_240' title='bbox 855 2227 1005 2275; x_wconf 86' lang='lat' dir='ltr'>armis</span> <span class='ocrx_word' id='word_1_241' title='bbox 1051 2226 1244 2289; x_wconf 88' lang='lat' dir='ltr'>positus</span> <span class='ocrx_word' id='word_1_242' title='bbox 1290 2242 1381 2288; x_wconf 88' lang='lat' dir='ltr'>pro</span> <span class='ocrx_word' id='word_1_243' title='bbox 1427 2226 1622 2289; x_wconf 79' lang='lat' dir='ltr'>integro</span> <span class='ocrx_word' id='word_1_244' title='bbox 1671 2228 1720 2273; x_wconf 92' lang='lat' dir='ltr'>et</span> <span class='ocrx_word' id='word_1_245' title='bbox 1757 2227 1881 2274; x_wconf 70' lang='lat' dir='ltr'>lorti</span> 
     </span>
    </p>
   </div>
   <div class='ocr_carea' id='block_1_5' title="bbox 1964 1682 1979 1732">
    <p class='ocr_par' dir='ltr' id='par_1_5' title="bbox 1964 1682 1979 1732">
     <span class='ocr_line' id='line_1_31' title="bbox 1964 1682 1979 1732; baseline 0 -17"><span class='ocrx_word' id='word_1_246' title='bbox 1964 1682 1979 1732; x_wconf 61' lang='grc' dir='ltr'><em>ξ</em></span> 
     </span>
    </p>
   </div>
   <div class='ocr_carea' id='block_1_6' title="bbox 186 2378 1950 3029">
    <p class='ocr_par' dir='ltr' id='par_1_6' title="bbox 186 2378 1950 2618">
     <span class='ocr_line' id='line_1_32' title="bbox 307 2378 1950 2440; baseline 0.002 -17"><span class='ocrx_word' id='word_1_247' title='bbox 307 2386 332 2423; x_wconf 85' lang='grc'>3</span> <span class='ocrx_word' id='word_1_248' title='bbox 365 2383 545 2440; x_wconf 77' lang='lat' dir='ltr'>inqerat</span> <span class='ocrx_word' id='word_1_249' title='bbox 566 2381 654 2424; x_wconf 78' lang='lat' dir='ltr'>LR</span> <span class='ocrx_word' id='word_1_250' title='bbox 677 2383 707 2426; x_wconf 88' lang='lat' dir='ltr'>i.</span> <span class='ocrx_word' id='word_1_251' title='bbox 719 2384 858 2439; x_wconf 77' lang='lat' dir='ltr'>prius</span> <span class='ocrx_word' id='word_1_252' title='bbox 882 2383 954 2427; x_wconf 87' lang='lat' dir='ltr'>ed.</span> <span class='ocrx_word' id='word_1_253' title='bbox 1047 2386 1075 2424; x_wconf 84' lang='lat'>4</span> <span class='ocrx_word' id='word_1_254' title='bbox 1106 2382 1215 2439; x_wconf 85' lang='lat' dir='ltr'>post</span> <span class='ocrx_word' id='word_1_255' title='bbox 1245 2378 1540 2426; x_wconf 75' lang='lat' dir='ltr'>crudelitatis</span> <span class='ocrx_word' id='word_1_256' title='bbox 1561 2395 1641 2425; x_wconf 83' lang='lat' dir='ltr'>sex</span> <span class='ocrx_word' id='word_1_257' title='bbox 1670 2381 1770 2426; x_wconf 83' lang='lat' dir='ltr'>fere</span> <span class='ocrx_word' id='word_1_258' title='bbox 1799 2380 1880 2425; x_wconf 78' lang='lat' dir='ltr'>lit-</span> <span class='ocrx_word' id='word_1_259' title='bbox 1948 2423 1950 2426; x_wconf 79' lang='grc'>,</span> 
     </span>
     <span class='ocr_line' id='line_1_33' title="bbox 186 2440 1879 2498; baseline 0.001 -15"><span class='ocrx_word' id='word_1_260' title='bbox 186 2442 393 2484; x_wconf 83' lang='lat' dir='ltr'>terarum</span> <span class='ocrx_word' id='word_1_261' title='bbox 425 2441 632 2497; x_wconf 83' lang='lat' dir='ltr'>spatium</span> <span class='ocrx_word' id='word_1_262' title='bbox 662 2443 801 2485; x_wconf 83' lang='lat' dir='ltr'>vacat</span> <span class='ocrx_word' id='word_1_263' title='bbox 823 2441 873 2484; x_wconf 90' lang='lat' dir='ltr'>in</span> <span class='ocrx_word' id='word_1_264' title='bbox 897 2441 932 2484; x_wconf 90' lang='lat' dir='ltr'>L</span> <span class='ocrx_word' id='word_1_265' title='bbox 963 2442 1066 2496; x_wconf 81' lang='lat' dir='ltr'>fata</span> <span class='ocrx_word' id='word_1_266' title='bbox 1097 2455 1146 2486; x_wconf 83' lang='lat' dir='ltr'>eo</span> <span class='ocrx_word' id='word_1_267' title='bbox 1178 2440 1413 2498; x_wconf 80' lang='lat' dir='ltr'>suppleas.</span> <span class='ocrx_word' id='word_1_268' title='bbox 1508 2446 1534 2484; x_wconf 83' lang='lat'>5</span> <span class='ocrx_word' id='word_1_269' title='bbox 1566 2441 1722 2485; x_wconf 80' lang='lat' dir='ltr'>debuit</span> <span class='ocrx_word' id='word_1_270' title='bbox 1751 2445 1879 2496; x_wconf 80' lang='lat' dir='ltr'>opta-</span> 
     </span>
     <span class='ocr_line' id='line_1_34' title="bbox 188 2499 1882 2557; baseline 0 -14"><span class='ocrx_word' id='word_1_271' title='bbox 188 2501 266 2544; x_wconf 82' lang='lat' dir='ltr'>bat</span> <span class='ocrx_word' id='word_1_272' title='bbox 294 2499 382 2542; x_wconf 86' lang='lat' dir='ltr'>LR</span> <span class='ocrx_word' id='word_1_273' title='bbox 411 2501 656 2556; x_wconf 76' lang='lat' dir='ltr'>optabatur</span> <span class='ocrx_word' id='word_1_274' title='bbox 687 2501 840 2546; x_wconf 79' lang='lat' dir='ltr'>debuit</span> <span class='ocrx_word' id='word_1_275' title='bbox 871 2501 941 2544; x_wconf 83' lang='lat' dir='ltr'>ed..</span> <span class='ocrx_word' id='word_1_276' title='bbox 976 2501 1126 2556; x_wconf 75' lang='lat' dir='ltr'>defuit</span> <span class='ocrx_word' id='word_1_277' title='bbox 1155 2502 1343 2557; x_wconf 76' lang='lat' dir='ltr'>optabat</span> <span class='ocrx_word' id='word_1_278' title='bbox 1372 2514 1471 2544; x_wconf 87' lang='lat' dir='ltr'>nos.</span> <span class='ocrx_word' id='word_1_279' title='bbox 1605 2504 1632 2544; x_wconf 90' lang='lat'>8</span> <span class='ocrx_word' id='word_1_280' title='bbox 1663 2501 1766 2544; x_wconf 78' lang='lat' dir='ltr'>licet</span> <span class='ocrx_word' id='word_1_281' title='bbox 1794 2499 1882 2542; x_wconf 85' lang='lat' dir='ltr'>LR</span> 
     </span>
     <span class='ocr_line' id='line_1_35' title="bbox 187 2557 1820 2618; baseline 0.001 -15"><span class='ocrx_word' id='word_1_282' title='bbox 187 2560 309 2604; x_wconf 81' lang='lat' dir='ltr'>ilicet</span> <span class='ocrx_word' id='word_1_283' title='bbox 339 2559 426 2603; x_wconf 86' lang='lat' dir='ltr'>ed..</span> <span class='ocrx_word' id='word_1_284' title='bbox 505 2564 560 2602; x_wconf 91' lang='grc'>10</span> <span class='ocrx_word' id='word_1_285' title='bbox 591 2560 794 2613; x_wconf 79' lang='lat' dir='ltr'>foedasse</span> <span class='ocrx_word' id='word_1_286' title='bbox 825 2559 911 2602; x_wconf 86' lang='lat' dir='ltr'>LR</span> <span class='ocrx_word' id='word_1_287' title='bbox 943 2565 1027 2604; x_wconf 81' lang='lat' dir='ltr'>-set</span> <span class='ocrx_word' id='word_1_288' title='bbox 1055 2575 1079 2602; x_wconf 90' lang='lat'>1·</span> <span class='ocrx_word' id='word_1_289' title='bbox 1110 2559 1181 2604; x_wconf 89' lang='lat' dir='ltr'>ed.</span> <span class='ocrx_word' id='word_1_290' title='bbox 1211 2559 1217 2618; x_wconf 89' lang='grc' dir='ltr'>Ι</span> <span class='ocrx_word' id='word_1_291' title='bbox 1243 2573 1339 2603; x_wconf 85' lang='grc'>11011</span> <span class='ocrx_word' id='word_1_292' title='bbox 1369 2559 1456 2602; x_wconf 86' lang='lat' dir='ltr'>LR</span> <span class='ocrx_word' id='word_1_293' title='bbox 1487 2565 1639 2603; x_wconf 86' lang='lat' dir='ltr'>tamen</span> <span class='ocrx_word' id='word_1_294' title='bbox 1668 2573 1713 2602; x_wconf 89' lang='lat' dir='ltr'>n.</span> <span class='ocrx_word' id='word_1_295' title='bbox 1748 2557 1820 2604; x_wconf 88' lang='lat' dir='ltr'>ed.</span> 
     </span>
    </p>

    <p class='ocr_par' dir='ltr' id='par_1_7' title="bbox 187 2617 1935 2854">
     <span class='ocr_line' id='line_1_36' title="bbox 216 2617 1885 2667; baseline 0 -5"><span class='ocrx_word' id='word_1_296' title='bbox 216 2663 217 2666; x_wconf 65' lang='grc'>,</span> <span class='ocrx_word' id='word_1_297' title='bbox 280 2622 332 2662; x_wconf 87' lang='grc'>11</span> <span class='ocrx_word' id='word_1_298' title='bbox 366 2623 410 2663; x_wconf 78' lang='lat' dir='ltr'>et</span> <span class='ocrx_word' id='word_1_299' title='bbox 436 2632 562 2663; x_wconf 83' lang='lat' dir='ltr'>nunc</span> <span class='ocrx_word' id='word_1_300' title='bbox 591 2617 678 2662; x_wconf 82' lang='lat' dir='ltr'>LR</span> <span class='ocrx_word' id='word_1_301' title='bbox 709 2633 834 2662; x_wconf 83' lang='lat' dir='ltr'>nune</span> <span class='ocrx_word' id='word_1_302' title='bbox 863 2624 906 2663; x_wconf 80' lang='lat' dir='ltr'>et</span> <span class='ocrx_word' id='word_1_303' title='bbox 936 2633 959 2661; x_wconf 88' lang='lat' dir='ltr'>r</span> <span class='ocrx_word' id='word_1_304' title='bbox 990 2618 1061 2662; x_wconf 88' lang='lat' dir='ltr'>ed.</span> <span class='ocrx_word' id='word_1_305' title='bbox 1217 2623 1271 2662; x_wconf 86' lang='lat'>15</span> <span class='ocrx_word' id='word_1_306' title='bbox 1302 2619 1384 2663; x_wconf 81' lang='lat' dir='ltr'>ubi</span> <span class='ocrx_word' id='word_1_307' title='bbox 1413 2619 1533 2662; x_wconf 85' lang='lat' dir='ltr'>nihil</span> <span class='ocrx_word' id='word_1_308' title='bbox 1562 2617 1650 2661; x_wconf 86' lang='lat' dir='ltr'>LR</span> <span class='ocrx_word' id='word_1_309' title='bbox 1679 2618 1751 2662; x_wconf 82' lang='lat' dir='ltr'>uti</span> <span class='ocrx_word' id='word_1_310' title='bbox 1779 2631 1825 2662; x_wconf 83' lang='lat' dir='ltr'>n.</span> <span class='ocrx_word' id='word_1_311' title='bbox 1858 2631 1885 2667; x_wconf 78' lang='grc'>1·</span> 
     </span>
     <span class='ocr_line' id='line_1_37' title="bbox 187 2677 1884 2734; baseline 0 -13"><span class='ocrx_word' id='word_1_312' title='bbox 187 2683 239 2721; x_wconf 78' lang='lat' dir='ltr'>ut</span> <span class='ocrx_word' id='word_1_313' title='bbox 269 2691 315 2721; x_wconf 87' lang='lat' dir='ltr'>n.</span> <span class='ocrx_word' id='word_1_314' title='bbox 347 2691 445 2721; x_wconf 90' lang='lat' dir='ltr'>nos.</span> <span class='ocrx_word' id='word_1_315' title='bbox 614 2682 669 2720; x_wconf 90' lang='grc'>16</span> <span class='ocrx_word' id='word_1_316' title='bbox 702 2679 868 2722; x_wconf 81' lang='lat' dir='ltr'>invasa</span> <span class='ocrx_word' id='word_1_317' title='bbox 897 2677 985 2721; x_wconf 86' lang='lat' dir='ltr'>LR</span> <span class='ocrx_word' id='word_1_318' title='bbox 1016 2682 1152 2734; x_wconf 78' lang='lat' dir='ltr'>capta</span> <span class='ocrx_word' id='word_1_319' title='bbox 1185 2678 1256 2721; x_wconf 86' lang='lat' dir='ltr'>ed.</span> <span class='ocrx_word' id='word_1_320' title='bbox 1427 2681 1481 2721; x_wconf 87' lang='lat'>18</span> <span class='ocrx_word' id='word_1_321' title='bbox 1513 2679 1621 2733; x_wconf 86' lang='lat' dir='ltr'>post</span> <span class='ocrx_word' id='word_1_322' title='bbox 1651 2677 1884 2734; x_wconf 74' lang='lat' dir='ltr'>inyressus</span> 
     </span>
     <span class='ocr_line' id='line_1_38' title="bbox 189 2735 1935 2794; baseline -0.001 -14"><span class='ocrx_word' id='word_1_323' title='bbox 189 2749 380 2780; x_wconf 86' lang='lat' dir='ltr'>rasurae</span> <span class='ocrx_word' id='word_1_324' title='bbox 413 2737 637 2792; x_wconf 85' lang='lat' dir='ltr'>quattuor</span> <span class='ocrx_word' id='word_1_325' title='bbox 666 2736 766 2780; x_wconf 83' lang='lat' dir='ltr'>fere</span> <span class='ocrx_word' id='word_1_326' title='bbox 795 2736 1063 2781; x_wconf 81' lang='lat' dir='ltr'>litterarum</span> <span class='ocrx_word' id='word_1_327' title='bbox 1092 2735 1294 2794; x_wconf 79' lang='lat' dir='ltr'>vestigia</span> <span class='ocrx_word' id='word_1_328' title='bbox 1324 2735 1376 2780; x_wconf 89' lang='lat' dir='ltr'>in</span> <span class='ocrx_word' id='word_1_329' title='bbox 1402 2736 1459 2780; x_wconf 90' lang='lat' dir='ltr'>L:</span> <span class='ocrx_word' id='word_1_330' title='bbox 1493 2735 1615 2779; x_wconf 90' lang='lat' dir='ltr'>nihil</span> <span class='ocrx_word' id='word_1_331' title='bbox 1639 2736 1782 2789; x_wconf 78' lang='lat' dir='ltr'>deest,</span> <span class='ocrx_word' id='word_1_332' title='bbox 1808 2735 1881 2779; x_wconf 79' lang='lat' dir='ltr'>in-</span> <span class='ocrx_word' id='word_1_333' title='bbox 1932 2767 1935 2771; x_wconf 85' lang='lat'><em>-</em></span> 
     </span>
     <span class='ocr_line' id='line_1_39' title="bbox 188 2793 1881 2854; baseline -0.001 -14"><span class='ocrx_word' id='word_1_334' title='bbox 188 2809 366 2854; x_wconf 66' lang='grc'>9103303</span> <span class='ocrx_word' id='word_1_335' title='bbox 404 2795 751 2840; x_wconf 83' lang='lat' dir='ltr'>substantivum</span> <span class='ocrx_word' id='word_1_336' title='bbox 790 2797 862 2840; x_wconf 85' lang='lat' dir='ltr'>est</span> <span class='ocrx_word' id='word_1_337' title='bbox 890 2796 1101 2852; x_wconf 86' lang='lat' dir='ltr'>pendens</span> <span class='ocrx_word' id='word_1_338' title='bbox 1134 2796 1194 2840; x_wconf 88' lang='lat' dir='ltr'>ab</span> <span class='ocrx_word' id='word_1_339' title='bbox 1225 2809 1366 2852; x_wconf 78' lang='lat' dir='ltr'>usque</span> <span class='ocrx_word' id='word_1_340' title='bbox 1396 2796 1459 2840; x_wconf 84' lang='lat' dir='ltr'>ad</span> <span class='ocrx_word' id='word_1_341' title='bbox 1492 2795 1550 2839; x_wconf 84' lang='lat' dir='ltr'>cf.</span> <span class='ocrx_word' id='word_1_342' title='bbox 1580 2807 1785 2852; x_wconf 87' lang='lat' dir='ltr'>prooem.</span> <span class='ocrx_word' id='word_1_343' title='bbox 1817 2793 1881 2838; x_wconf 87' lang='lat' dir='ltr'>in.</span> 
     </span>
    </p>

    <p class='ocr_par' dir='ltr' id='par_1_8' title="bbox 190 2852 1904 3029">
     <span class='ocr_line' id='line_1_40' title="bbox 281 2852 1891 2914; baseline -0.001 -16"><span class='ocrx_word' id='word_1_344' title='bbox 281 2859 335 2898; x_wconf 83' lang='lat'>23</span> <span class='ocrx_word' id='word_1_345' title='bbox 368 2855 516 2911; x_wconf 80' lang='lat' dir='ltr'>accipi</span> <span class='ocrx_word' id='word_1_346' title='bbox 509 2855 684 2900; x_wconf 83' lang='lat' dir='ltr'>endum</span> <span class='ocrx_word' id='word_1_347' title='bbox 714 2854 802 2898; x_wconf 89' lang='lat' dir='ltr'>LR</span> <span class='ocrx_word' id='word_1_348' title='bbox 833 2869 876 2898; x_wconf 87' lang='lat' dir='ltr'>a.</span> <span class='ocrx_word' id='word_1_349' title='bbox 909 2860 972 2899; x_wconf 82' lang='lat' dir='ltr'>est</span> <span class='ocrx_word' id='word_1_350' title='bbox 1002 2855 1095 2900; x_wconf 83' lang='lat' dir='ltr'>ed..</span> <span class='ocrx_word' id='word_1_351' title='bbox 1189 2859 1247 2914; x_wconf 84' lang='grc'>24</span> <span class='ocrx_word' id='word_1_352' title='bbox 1278 2859 1330 2899; x_wconf 84' lang='lat' dir='ltr'>ut</span> <span class='ocrx_word' id='word_1_353' title='bbox 1359 2855 1422 2899; x_wconf 79' lang='lat' dir='ltr'>sit</span> <span class='ocrx_word' id='word_1_354' title='bbox 1451 2854 1706 2899; x_wconf 82' lang='lat' dir='ltr'>circumdat</span> <span class='ocrx_word' id='word_1_355' title='bbox 1735 2867 1824 2898; x_wconf 91' lang='lat' dir='ltr'>om.</span> <span class='ocrx_word' id='word_1_356' title='bbox 1839 2852 1891 2897; x_wconf 69' lang='lat' dir='ltr'>R</span> 
     </span>
     <span class='ocr_line' id='line_1_41' title="bbox 191 2912 1904 2970; baseline 0 -14"><span class='ocrx_word' id='word_1_357' title='bbox 191 2913 300 2958; x_wconf 86' lang='lat' dir='ltr'>add</span> <span class='ocrx_word' id='word_1_358' title='bbox 331 2928 355 2957; x_wconf 90' lang='lat' dir='ltr'>r</span> <span class='ocrx_word' id='word_1_359' title='bbox 378 2935 435 2951; x_wconf 91' lang='lat'>=</span> <span class='ocrx_word' id='word_1_360' title='bbox 459 2913 509 2958; x_wconf 89' lang='lat' dir='ltr'>L.</span> <span class='ocrx_word' id='word_1_361' title='bbox 632 2918 688 2958; x_wconf 87' lang='grc'>25</span> <span class='ocrx_word' id='word_1_362' title='bbox 721 2919 763 2959; x_wconf 84' lang='lat' dir='ltr'>et</span> <span class='ocrx_word' id='word_1_363' title='bbox 792 2928 925 2959; x_wconf 85' lang='lat' dir='ltr'>arma</span> <span class='ocrx_word' id='word_1_364' title='bbox 956 2913 1056 2958; x_wconf 84' lang='lat' dir='ltr'>LR.</span> <span class='ocrx_word' id='word_1_365' title='bbox 1090 2913 1161 2959; x_wconf 89' lang='lat' dir='ltr'>ed.</span> <span class='ocrx_word' id='word_1_366' title='bbox 1194 2919 1236 2958; x_wconf 80' lang='lat' dir='ltr'>et</span> <span class='ocrx_word' id='word_1_367' title='bbox 1267 2913 1475 2967; x_wconf 82' lang='lat' dir='ltr'>deletum</span> <span class='ocrx_word' id='word_1_368' title='bbox 1505 2913 1606 2957; x_wconf 84' lang='lat' dir='ltr'>vult</span> <span class='ocrx_word' id='word_1_369' title='bbox 1635 2913 1678 2956; x_wconf 80' lang='lat' dir='ltr'><strong>R</strong></span> <span class='ocrx_word' id='word_1_370' title='bbox 1707 2913 1832 2970; x_wconf 83' lang='lat' dir='ltr'>ipse</span> <span class='ocrx_word' id='word_1_371' title='bbox 1841 2912 1904 2956; x_wconf 50' lang='lat' dir='ltr'>ei«</span> 
     </span>
     <span class='ocr_line' id='line_1_42' title="bbox 190 2972 1054 3029; baseline 0.001 -14"><span class='ocrx_word' id='word_1_372' title='bbox 190 2985 289 3016; x_wconf 83' lang='lat' dir='ltr'>nos.</span> <span class='ocrx_word' id='word_1_373' title='bbox 412 2977 468 3016; x_wconf 85' lang='grc'>26</span> <span class='ocrx_word' id='word_1_374' title='bbox 493 2977 665 3029; x_wconf 79' lang='lat' dir='ltr'>peteret</span> <span class='ocrx_word' id='word_1_375' title='bbox 693 2972 780 3016; x_wconf 82' lang='lat' dir='ltr'>LR</span> <span class='ocrx_word' id='word_1_376' title='bbox 811 2973 952 3018; x_wconf 80' lang='lat' dir='ltr'>iniret</span> <span class='ocrx_word' id='word_1_377' title='bbox 983 2973 1054 3017; x_wconf 86' lang='lat' dir='ltr'>ed.</span> 
     </span>
    </p>
   </div>
  </div>
 </body>
</html>
