2014 3226
89 1506 144 1544 55

183 181 293 232 270
652 181 885 225 DONATI
915 181 1195 226 INTERPR.
1229 182 1407 226 VERG.

182 324 375 369 victuro
418 321 710 381 substantia,
742 323 1017 368 maximum
1058 338 1253 384 quoque
1296 325 1404 369 auri
1443 323 1652 371 tradidit
1683 324 1875 385 pondus

184 412 242 443 ex
289 411 376 442 sua
423 398 602 442 natura
648 410 807 441 mores
858 395 1044 443 alienos
1092 396 1368 457 expendens
1411 398 1712 459 perindeque
1751 398 1877 446 nihil

184 469 468 516 existimans
502 484 637 515 secus
670 469 970 516 intervenire
1002 471 1221 530 potuisse
1255 471 1388 531 quod
1414 472 1659 519 amicitias
1685 475 1875 519 veteres

182 544 446 603 rumperet,
478 544 609 604 regis
644 558 838 603 quoque
872 543 1106 603 animum,
1132 543 1218 605 qui
1251 545 1386 591 omni
1417 545 1677 606 opulentia
1709 561 1876 607 super-

182 618 375 676 flueret,
422 616 677 663 transduci
721 631 821 663 non
867 631 1009 678 posse
1049 617 1101 664 in
1141 633 1250 664 eam
1296 620 1510 679 partem,
1558 621 1615 665 ut
1662 619 1876 667 avaritia
1923 637 1942 670 5

182 706 415 752 praeceps
449 689 846 737 commendatum
879 690 973 737 sibi
1002 691 1317 739 innocentem
1342 693 1490 738 amici
1513 692 1672 740 filium
1696 692 1876 740 filium-

184 781 277 826 que
325 764 543 826 collegae
593 764 889 812 confoderet.
967 765 1082 811 inde
1129 765 1286 827 igitur
1332 767 1492 830 magis
1531 766 1759 814 Priamus
1801 769 1875 814 in-

181 839 320 898 felix,
370 837 500 898 quod
547 839 599 883 in
648 837 889 899 adversis,
938 839 1055 886 dum
1100 838 1260 886 filium
1305 839 1603 888 incolumem
1658 844 1875 902 cuperet,

180 913 306 959 nihil
347 912 651 958 contrarium
690 911 982 973 praevidens
1023 912 1159 960 dedit
1197 915 1455 960 materiem
1494 916 1643 976 pretii
1675 918 1723 962 et
1754 930 1874 976 pon-

182 986 309 1033 deris
349 986 535 1048 magni,
576 1002 675 1033 non
717 1002 815 1047 qua
853 988 1045 1035 viveret
1083 1003 1223 1048 puer,
1257 988 1340 1034 sed
1375 1004 1472 1049 qua
1502 990 1671 1050 posset
1703 989 1873 1036 occidi.
1901 1007 1943 1039 ιο

181 1060 282 1122 egit
338 1074 537 1107 causam
585 1059 797 1120 Priami,
851 1076 912 1107 ne
964 1061 1255 1122 inprudens,
1309 1078 1371 1108 ne
1417 1062 1668 1122 incautus,
1714 1079 1776 1110 ne
1822 1062 1875 1109 in

180 1149 329 1181 causa
374 1133 467 1180 filii
512 1133 675 1181 minus
723 1134 934 1197 diligens
978 1134 1128 1182 fuisse
1168 1136 1444 1197 videretur3
1499 1136 1704 1184 dederat
1743 1138 1875 1184 enim

178 1209 365 1270 vicino,
412 1209 469 1254 ut
515 1207 704 1254 dictum
752 1209 848 1268 est,
903 1211 1044 1271 noto,
1092 1211 1251 1257 amico
1300 1211 1479 1270 veteri,
1526 1210 1730 1258 dederat
1775 1227 1874 1258 non

179 1297 451 1343 onerosum,
494 1282 697 1329 dederat
737 1297 847 1329 cum
887 1283 1184 1343 substantia,
1224 1283 1427 1331 dederat
1465 1284 1631 1348 diviti,
1672 1284 1874 1332 dederat

177 1357 299 1418 regi,
340 1355 543 1403 dederat
580 1371 793 1417 pressus,
834 1356 1037 1404 dederat
1077 1357 1351 1419 desperatis
1392 1358 1631 1406 omnibus.
1694 1360 1789 1415 ille,
1820 1361 1875 1406 ut
1899 1376 1939 1409 15
1987 1422 1989 1426 ι

178 1444 289 1490 opes
334 1431 522 1489 fractae
563 1430 803 1477 Teucrum
850 1434 893 1478 et
938 1431 1140 1490 fortuna
1177 1433 1388 1489 recessit,
1434 1447 1511 1479 res
1549 1431 1873 1492 Ayamemno-
1987 1431 1989 1435 ’

177 1506 290 1551 ozias
334 1505 644 1562 victriciaque
690 1519 832 1552 arma
877 1508 1066 1552 secutus
1111 1506 1194 1564 fas
1239 1519 1378 1553 omne
1425 1507 1692 1566 abrumpit,
1731 1507 1870 1566 Poly-

179 1579 353 1625 dorum
387 1579 642 1626 obtruncat
681 1581 724 1625 et
761 1593 884 1626 auro
922 1581 973 1626 vi
1001 1581 1214 1639 potitur:
1251 1579 1354 1641 ille,
1385 1581 1565 1642 inquit,
1596 1580 1648 1627 id
1681 1583 1755 1628 est
1787 1582 1873 1642 qui

177 1655 460 1714 speraretur
493 1653 758 1713 humanus,
792 1652 877 1714 qui
910 1653 1069 1701 amico
1103 1656 1388 1702 servaturus
1419 1654 1567 1702 fidem
1596 1657 1871 1716 putaretur,
1965 1697 1968 1714 ,

176 1727 262 1773 ille
303 1726 455 1787 dives,
487 1726 573 1773 iile
611 1742 712 1786 rex,
743 1727 831 1773 ille
872 1727 1089 1774 delectus
1132 1743 1189 1774 ex
1227 1727 1457 1788 plurimis
1497 1731 1546 1776 et
1577 1729 1870 1776 haesitantis
1894 1727 1977 1778 201⁴

175 1800 365 1847 Priami
411 1800 769 1848 deliberatione
822 1801 1100 1862 praelatus,
1155 1803 1245 1863 qui
1303 1802 1535 1850 alendum
1589 1805 1871 1864 susceperat

176 1875 502 1935 innocentem,
536 1875 686 1922 amici
715 1876 897 1922 veteris
927 1875 1102 1937 filium,
1133 1875 1384 1938 intellegit
1414 1877 1572 1938 patris
1613 1877 1869 1924 fortunam
1960 1889 1977 1940 ἢ

178 1949 227 1995 et
281 1948 608 1996 Troianorum
661 1949 890 2010 votisque
952 1949 1171 1997 hostium
1233 1949 1447 1997 avaritia
1506 1950 1870 2012 praecipitante
1960 1948 1983 2013 ’ἦ

178 2021 486 2070 consentiens
534 2023 702 2070 omnia
747 2022 1003 2070 foederum
1046 2023 1282 2086 religiosa
1329 2024 1571 2086 corrupit,
1620 2023 1871 2088 iugulavit

176 2111 385 2157 puerum
431 2098 481 2143 et
527 2097 768 2144 scelerata
814 2099 1105 2145 consecutus
1156 2100 1230 2145 est
1283 2097 1435 2146 lucra.
1512 2099 1704 2146 interea
1758 2113 1870 2146 cum
1893 2115 1936 2148 25

177 2169 236 2217 de
282 2169 428 2217 modo
477 2172 586 2217 auri
630 2171 939 2233 loqueretur,
987 2187 1099 2219 cum
1144 2171 1382 2235 pondere,
1432 2173 1619 2234 inquit,
1674 2187 1870 2236 magno,
1980 2168 1982 2170 ’

178 2242 314 2304 quod
359 2243 477 2305 quia
525 2244 888 2305 specialitatem
932 2261 1032 2293 non
1077 2245 1250 2306 habet,
1293 2261 1383 2294 nos
1423 2245 1720 2294 arbitremur
1757 2249 1866 2306 tan-

175 2319 283 2364 tum
339 2319 579 2378 quantum
632 2334 739 2379 rex,
801 2321 1043 2381 quantum
1096 2321 1240 2381 pater
1292 2319 1397 2368 filio
1454 2335 1600 2382 quem
1659 2319 1868 2368 ulterius

297 2463 322 2500 5
355 2459 646 2503 transducere
676 2459 764 2502 LR
795 2459 866 2502 ed.
900 2461 964 2504 -ci
993 2473 1090 2503 nos.
1124 2514 1128 2518 ι
1221 2463 1247 2503 8
1280 2461 1456 2516 eupiret
1484 2460 1582 2504 LR.
1714 2465 1738 2503 9
1771 2475 1866 2504 ma-

175 2518 335 2561 teriam
369 2517 440 2560 ed.
577 2523 632 2562 15
663 2519 923 2563 homiuibus
954 2519 1041 2562 LR
1072 2520 1280 2564 ominibus
1309 2534 1334 2563 r
1365 2519 1436 2564 ed.
1573 2524 1626 2564 19
1657 2525 1869 2576 speratur

175 2575 218 2619 R
250 2589 363 2620 corr.
395 2590 420 2619 1·
444 2598 499 2612 =
524 2576 573 2621 L.
727 2581 783 2620 20
815 2578 1007 2622 dilectus
1038 2578 1123 2621 LR
1154 2579 1348 2623 delectus
1380 2578 1488 2622 edF.
1641 2583 1695 2621 21
1730 2592 1866 2634 prae·
1928 2587 1933 2590 “

177 2637 299 2679 latus
329 2634 416 2678 LR
445 2637 600 2680 ceteris
625 2650 698 2692 pr.
726 2636 798 2680 ed.
870 2641 948 2680 22
979 2638 1172 2692 fortuna
1202 2637 1289 2680 LR
1321 2651 1434 2681 corr.
1460 2652 1495 2680 r.
1596 2641 1651 2680 26
1684 2650 1867 2694 respon-

177 2694 278 2738 dere
315 2693 351 2736 L
391 2695 445 2739 de
482 2709 530 2739 re
566 2695 609 2738 R
646 2709 670 2738 1·
693 2717 749 2732 =
774 2695 810 2738 L
848 2697 1006 2752 potest
1042 2696 1093 2739 in
1135 2696 1390 2753 archetypo
1429 2697 1677 2753 copo‘ndere
1721 2696 1866 2740 fuisse
1955 2728 1957 2730 -

174 2753 318 2809 idque
355 2755 410 2798 ut
448 2753 703 2798 absurdum
747 2754 797 2798 in
839 2756 1106 2811 respondere
1159 2755 1220 2799 ab
1266 2755 1324 2811 L,
1370 2755 1419 2799 in
1467 2759 1521 2800 de
1565 2770 1613 2799 re
1658 2756 1868 2812 (propter

174 2814 360 2870 magma)
409 2813 469 2856 ab
507 2813 550 2855 R
586 2814 822 2857 mutatum
868 2827 969 2858 esse
1015 2829 1117 2859 cum
1155 2815 1358 2871 pondere
1403 2828 1487 2858 nos
1527 2814 1700 2858 dedisse
1739 2814 1811 2859 ed.
1855 2814 1861 2872 Ι

174 2885 345 2928 mayna
375 2871 461 2915 LR
493 2872 564 2916 ed.
597 2886 763 2930 may‘no
793 2886 901 2926 nos;
943 2887 1054 2918 nam
1085 2873 1287 2930 Vergilii
1317 2873 1458 2917 verba
1488 2873 1684 2917 tractari
1714 2873 1867 2930 inquit

176 2930 324 2974 docet.
457 2935 512 2974 27
545 2932 830 2976 arbitramur
859 2945 894 2975 r.
1029 2937 1086 2976 28
1111 2947 1198 2989 per
1227 2933 1421 2978 ulterius
1451 2932 1538 2976 LR
1569 2945 1696 2989 quem
1726 2932 1810 2976 ult.
1841 2946 1866 2988 ις

175 2989 256 3046 qui
284 3003 384 3034 eum
415 3003 460 3035 u.
493 2989 564 3035 ed.
