2014 3226
208 179 318 231 550
676 176 908 220 DONATI
938 177 1219 220 INTERPR.
1254 177 1432 222 VERG.

207 323 410 367 tuorum
451 334 694 380 separare,
737 317 857 364 dicit
898 332 1013 379 ergo
1056 333 1266 378 quorum
1303 317 1407 365 11110
1449 320 1643 366 animae
1675 319 1727 365 in
1759 335 1900 381 prae-

208 395 338 441 senti
368 393 683 450 haberentur,
723 393 952 451 matrum,
993 393 1050 437 ut
1082 391 1310 451 diximus,
1344 394 1389 438 et
1422 393 1656 453 virorum,
1696 409 1899 456 magna-

207 462 457 532 nimorum
510 467 736 524 heroum,
793 480 1084 526 puerorum,
1138 466 1391 528 virginum
1445 468 1495 512 et
1550 481 1721 513 eorum
1778 483 1897 528 quos

208 542 441 589 viderunt
494 542 723 601 parentes
785 539 919 601 rogis
982 539 1169 599 inponi.
1262 540 1471 587 istorum
1525 542 1734 587 mortem
1788 556 1900 588 cum

208 616 526 662 miseratione
564 614 712 675 poeta
752 614 1117 659 commemorat.
1196 629 1346 674 quam
1386 613 1562 660 durum
1603 613 1786 675 quippe
1826 617 1900 662 est
1946 634 1967 668 5

207 691 408 736 iuvenes
447 689 597 747 mori,
639 687 724 747 qui
763 686 857 734 sibi
897 686 1059 733 adhuc
1099 688 1147 733 et
1187 688 1290 735 suis
1338 689 1387 734 et
1433 689 1627 748 patriae
1666 688 1898 750 prodesse

208 762 476 810 commodis
515 761 819 822 potuissent!
882 759 991 821 rapi
1038 775 1216 821 pueros
1267 762 1316 807 et
1354 762 1573 823 virgines
1619 762 1899 810 inmaturae

207 838 382 884 mortis
421 836 727 895 interventa,
782 850 902 895 quos
942 835 995 880 in
1034 849 1172 895 spem
1210 834 1520 916 posteritatis
1561 837 1749 883 servari
1788 851 1899 883 con-

207 912 413 958 venerat
453 912 501 957 et
539 911 591 956 in
639 909 843 971 longum
889 911 1084 970 tempus
1135 907 1423 970 seniumque
1470 909 1694 971 perduci!
1751 926 1900 971 quam
1987 942 1988 971 3

206 985 457 1033 funestum
503 985 734 1064 parente-s
788 981 1044 1030 funeribus
1097 983 1334 1030 interesse
1388 982 1678 1065 liberorum,
1729 998 1900 1031 curare
1926 1003 1995 1037 ια.

206 1061 313 1106 tam
351 1058 503 1105 duras
543 1057 774 1118 exequias
816 1058 864 1104 et
904 1055 1121 1104 ardentis
1163 1057 1403 1118 aspicere!
1453 1072 1564 1104 cum
1595 1057 1786 1105 animas
1819 1048 1990 1114 (111-1,

208 1133 443 1180 scriberet
483 1132 695 1179 volentis
734 1130 942 1178 fluvium
980 1131 1208 1190 transire,
1248 1130 1484 1178 discrevit
1523 1147 1680 1191 sexus,
1720 1131 1900 1179 (115016-

206 1208 282 1254 vit
321 1208 531 1266 aetates3
580 1206 774 1253 constat
814 1206 945 1251 enim
985 1205 1212 1251 omnibus
1258 1205 1337 1251 his
1375 1207 1587 1253 mortem
1627 1221 1730 1253 esse
1771 1221 1900 1253 com·
1984 1171 1990 1265 1

207 1297 407 1327 11111116111
436 1295 525 1328 1160
557 1278 802 1326 moriendi
834 1293 937 1326 esse
970 1278 1206 1338 ordinem,
1240 1279 1324 1325 sed
1357 1280 1556 1327 confuse
1591 1295 1647 1326 ex
1674 1279 1899 1328 omnibus
1985 1265 1990 1327 1

208 1354 455 1403 aetatibus
495 1355 636 1402 mori.
714 1352 874 1400 mittit
913 1352 1306 1413 similitudinem,
1345 1355 1402 1400 ut
1441 1353 1671 1401 ostendat
1712 1355 1900 1414 quanta
1925 1335 1995 1421 1⁸¹}

207 1429 297 1476 illa
350 1429 500 1476 fuerit
554 1427 702 1475 turba
755 1426 835 1474 vel
898 1426 1144 1487 quomodo
1205 1429 1416 1474 mortem
1469 1427 1661 1475 obierit.
1753 1442 1900 1488 qaam

119 1508 206 1546 310
222 1503 377 1551 multa
415 1505 470 1550 in
506 1503 645 1550 silvis
684 1502 909 1549 autumni
946 1502 1129 1561 friyore
1158 1502 1323 1560 primo
1362 1502 1506 1561 lapsa
1554 1502 1735 1549 eadunt
1778 1502 1901 1561 folia

208 1581 295 1625 aut
333 1577 399 1625 ad
438 1580 619 1624 terram
659 1577 850 1636 yuryite
896 1576 957 1623 ab
1005 1575 1102 1622 alto
1150 1589 1296 1634 quam
1342 1576 1524 1623 multae
1569 1575 1902 1636 ylomerasntnr
1979 1629 1983 1638 .

208 1666 342 1707 aves,
389 1651 475 1699 abi
511 1651 725 1711 friqidus
764 1664 928 1697 annus
966 1652 1105 1697 trans
1135 1652 1343 1708 pontwm
1380 1651 1524 1710 fayat
1568 1654 1610 1698 et
1647 1651 1790 1697 terris
1827 1651 1901 1698 in-

206 1728 351 1774 ‘mittit
387 1726 593 1784 apricis:
637 1727 743 1772 tam
780 1723 988 1784 multae,
1030 1725 1124 1783 ait,
1162 1723 1535 1785 multorumque
1583 1725 1775 1771 animae
1816 1739 1898 1772 vo·
1924 1722 1988 1811 αφ’

207 1800 364 1847 lentes
411 1799 619 1847 fiuvium
664 1798 876 1845 transire
924 1797 1280 1858 confluxerant,
1331 1799 1390 1844 ut
1436 1798 1597 1845 solent
1641 1798 1902 1845 innumera

206 1873 330 1922 folia
371 1873 594 1921 excidere
636 1872 909 1931 arboribus,
949 1887 1060 1918 cum
1099 1871 1176 1918 his
1218 1871 1335 1918 anni
1365 1874 1560 1933 tempus
1601 1872 1900 1955 supervenit,

208 1951 295 1995 aut
345 1950 402 1994 ut
448 1950 562 1995 sunt
610 1961 724 1995 aves
777 1961 903 2007 quae
951 1947 1234 2008 congestae,
1291 1961 1402 1992 cum
1455 1946 1614 2008 frigus
1671 1945 1901 2009 ingruere
1963 1957 2002 2011 '‘-

207 2023 446 2083 coeperit,
498 2021 803 2081 adunantur,
856 2022 914 2067 ut
966 2019 1259 2067 transmisso
1305 2020 1434 2066 mari
1481 2035 1539 2067 ea
1577 2022 1753 2082 petant
1790 2019 1901 2068 loca
1959 2034 1966 2038 ·

209 2095 389 2157 quibus
421 2095 626 2157 pruinas
659 2093 911 2158 effugiant.
966 2094 1163 2141 stabant
1184 2097 1378 2141 orantes
1390 2095 1548 2154 primi
1578 2096 1902 2142 transmittere
1924 2113 1944 2146 ι

208 2184 406 2218 cursum
429 2169 776 2230 tendebantque
798 2182 977 2216 manus
999 2169 1139 2228 ripae
1169 2166 1415 2216 ulterioris
1439 2182 1628 2216 amore:
1665 2170 1899 2231 rogantes
1958 2166 1976 2219 ³)

210 2246 260 2291 et
298 2243 499 2291 stabant
537 2245 701 2291 totum
740 2242 803 2290 ad
842 2241 1135 2303 obsequium
1175 2242 1457 2303 supplicum
1488 2242 1717 2304 pertinet.
1781 2241 1902 2290 dicit
1959 2255 1964 2291 i

209 2333 412 2366 causam
451 2316 616 2365 standi
655 2318 706 2364 et
743 2315 977 2380 rogandi,
1015 2318 1075 2363 ut
1113 2317 1384 2378 unicuique
1430 2316 1620 2377 primus
1660 2317 1900 2363 transitus
1960 2311 1970 2332 '''

209 2391 507 2454 proveniret,
545 2393 716 2438 tantus
757 2390 939 2438 amoris
972 2389 1198 2438 adfectus
1228 2391 1460 2438 tenuerat
1491 2391 1650 2437 omnis
1681 2391 1900 2437 tantum·

117 2470 207 2510 315
228 2481 321 2527 que
358 2465 611 2513 ulterioris
649 2464 787 2526 ripae
827 2463 1126 2512 desiderium
1163 2463 1352 2512 habuit.
1419 2465 1592 2512 navita
1621 2464 1706 2512 sed
1735 2465 1901 2519 tristiS,

209 2540 302 2588 hoc
341 2541 416 2587 est
457 2537 651 2587 Charon
683 2553 877 2600 semper
915 2538 1050 2585 dirus
1090 2540 1140 2585 et
1179 2537 1411 2586 adfabilis
1449 2553 1733 2600 numquam,
1771 2551 1903 2586 nime
1955 2535 1975 2563 ⁴³*

209 2615 294 2662 hos
330 2628 463 2662 nune
500 2613 675 2672 accipit
709 2612 820 2660 illos
829 2629 847 2670 ‚·
877 2628 992 2661 ,11011
1031 2613 1163 2660 6111111
1201 2613 1399 2674 poterat
1437 2611 1670 2660 navicula
1706 2626 1901 2673 permo-
1952 2611 1972 2645 f

209 2686 321 2736 dica
361 2687 512 2735 semel
551 2686 711 2734 omnis
751 2686 987 2748 accipere.
1065 2689 1143 2733 ast
1171 2686 1295 2733 alios
1325 2685 1462 2746 lonye
1499 2686 1742 2733 submotos
1772 2687 1904 2734 arcet
1952 2646 1986 2728 ἕ

330 2817 386 2856 24
418 2812 557 2856 utmis
593 2824 719 2856 soma
757 2816 799 2855 et
829 2816 993 2868 petant
1022 2811 1065 2855 V
1102 2817 1155 2856 ut
1192 2811 1355 2869 aprica
1383 2816 1592 2868 repetant
1621 2810 1713 2856 Hc
1746 2810 1818 2855 ed.
1849 2815 1904 2855 ut
1955 2816 1998 2856 255

209 2871 476 2916 transmisso
506 2871 629 2916 mari
658 2884 712 2915 ea
737 2875 901 2926 petant
929 2884 1026 2915 nos.
1142 2875 1198 2915 27
1223 2871 1425 2928 pertinet
1453 2883 1541 2914 om.
1567 2870 1639 2914 ed.
1750 2874 1808 2913 30
1837 2874 1904 2915 set
1976 2884 1985 2921 ξ

202 2929 252 3034 X
251 2929 437 3034 7έὲἒίξέ
446 2931 554 2987 sed).
706 2934 760 2972 31
793 2930 875 2990 hoe
905 2934 1040 2974 est—
1059 2933 1114 2973 32
1146 2930 1250 2975 illos
1279 2943 1370 2975 om.
1396 2929 1468 2973 ed.
1613 2933 1668 2973 33
1699 2929 1831 2974 semel
1858 2927 1902 2988 Y
1948 2933 1986 2982 f‘.
