2014 3226
794 143 1097 187 AENEIDOS
1128 144 1171 187 Π
1727 146 1827 197 177

140 287 423 347 diffuye‘mus
463 287 572 332 visu
612 298 864 343 exauyues.
927 287 1137 346 pontum
1168 301 1295 345 pone
1327 284 1451 347 legit
1482 285 1534 331 id
1566 287 1640 332 est
1671 287 1831 332 trans-

140 361 312 419 mittit,
351 359 548 418 transit,
587 360 644 405 ut
685 358 783 405 alio
823 358 933 405 loco
976 351 1048 423 (3,
1085 351 1214 423 292)
1265 359 1541 420 „litoraque
1582 359 1724 419 Epiri
1763 359 1829 406 le-

139 432 344 496 gimus“,
401 432 531 493 quod
587 434 661 479 est
714 432 1055 493 praeterimus.
1135 432 1267 493 quod
1315 435 1479 479 autem
1529 434 1582 479 in
1635 433 1830 494 reliqua

139 509 424 554 venientum
473 506 802 567 descriptione
850 509 925 554 est
971 507 1127 553 solum
1176 506 1268 554 hoc
1309 508 1550 567 continet,
1600 508 1718 567 quia
1758 506 1829 553 di-

93 598 114 630 5
139 582 292 629 versis
324 580 594 628 terroribus
627 581 790 627 fuerat
820 580 1039 640 plenum.
1091 580 1402 627 venientibus
1435 596 1551 628 vero
1585 581 1829 643 anguibus

140 655 203 702 ad
241 658 426 702 terram
465 654 767 717 diffugimus,
807 653 986 715 inquit,
1028 669 1292 716 exangues,
1331 656 1441 702 visu
1472 656 1580 715 ipso
1615 658 1829 702 conster-

137 731 266 777 nati:
307 730 541 790 quoniam
580 727 639 774 de
681 727 924 791 anguibus
965 727 1278 789 loquebatur,
1319 728 1516 788 adlusit,
1549 731 1606 775 ut
1644 729 1830 776 diceret

137 803 422 866 diffugimus
454 816 714 865 exangues.
775 817 1021 864 exangues
1053 804 1222 848 tamen
1254 803 1452 863 proprie
1486 803 1830 865 significantur

138 878 243 924 sine
284 878 547 939 sanguine,
587 876 724 924 calor
754 877 900 936 enim,
932 892 1029 937 quo
1064 879 1258 923 constat
1291 877 1491 939 sanguis
1524 878 1575 923 in
1609 892 1828 938 corpore,

71 968 112 999 ιο
138 952 181 998 si
225 953 386 998 metus
442 950 784 1011 intervenerit,
834 950 922 1011 qui
969 950 1153 1013 frigore
1202 965 1300 996 non
1348 954 1503 1010 caret,
1552 951 1830 998 excluditur

135 1024 435 1086 perindeque
475 1024 844 1072 convalescente
886 1024 1051 1087 gelida
1090 1025 1321 1085 passione
1354 1026 1665 1071 consumitur
1696 1025 1829 1086 quod

136 1098 342 1146 calebat,
405 1099 479 1146 ille·
519 1100 710 1157 aymz'nc
742 1100 864 1145 certo
897 1098 1178 1145 Laocoonta
1201 1100 1397 1157 petunt:
1438 1115 1614 1161 agmen
1647 1099 1830 1146 dicitur

136 1174 277 1220 actus
326 1174 631 1233 serpentum3
694 1188 865 1220 cursus
914 1173 1046 1218 enim
1093 1174 1142 1219 et
1188 1173 1286 1218 iter
1330 1172 1512 1233 pedum
1559 1175 1654 1235 est,
1703 1189 1828 1235 quos

136 1249 330 1294 constat-
369 1262 464 1294 non
506 1246 687 1294 habere
727 1247 994 1307 serpentes,
1034 1245 1335 1307 perindeque
1378 1247 1692 1308 inproprium
1739 1250 1827 1307 est,

23 1342 33 1348 ·
69 1337 109 1369 15
135 1322 179 1367 si
216 1321 305 1368 hos
346 1320 565 1368 dicamus
606 1320 860 1368 ambulare
903 1320 984 1367 vel
1031 1336 1238 1368 currere.
1316 1319 1603 1368 Laocoonta
1649 1323 1829 1382 petunt

134 1396 268 1442 certo
324 1396 542 1458 agmine,
596 1395 762 1456 ipsum
816 1395 1006 1442 scilicet
1060 1393 1434 1442 sacrificantem.
1522 1398 1565 1442 et
1607 1397 1828 1454 primum

124 1484 289 1528 parva
336 1469 546 1516 duorum
591 1482 795 1528 corpora
834 1473 1063 1516 natorum
1101 1483 1299 1528 serpens
1338 1469 1591 1527 amplcoeus
1629 1472 1829 1528 uterque

133 1544 334 1602 inplicat
372 1546 415 1590 ct
451 1545 650 1590 miseros
689 1557 855 1590 morsu
894 1543 1170 1602 depascitur
1201 1546 1369 1590 artus:
1406 1543 1699 1604 inpietatem
1731 1543 1812 1591 hic
1830 1548 1914 1586 215

134 1632 369 1678 superum
415 1617 729 1664 vehementer
776 1617 1029 1678 expressit.
1106 1618 1268 1678 primo
1316 1617 1448 1664 enim
1502 1616 1727 1665 sacerdos
1773 1618 1827 1665 in

65 1708 108 1738 ’.ὀ
132 1692 244 1752 ipsa
291 1690 449 1738 adhuc
496 1706 749 1740 sacrorum
795 1691 1112 1739 solemnitate
1160 1691 1461 1738 constitutus
1510 1690 1678 1752 adpeti
1716 1707 1826 1753 per-

133 1766 260 1812 nicie
306 1767 450 1812 tanta
487 1781 587 1812 non
627 1765 822 1825 debuit,
870 1766 1172 1813 concremari
1211 1767 1363 1813 etiam
1399 1764 1619 1812 filiorum
1659 1766 1826 1826 exitio,

133 1838 305 1899 occidi,
346 1855 458 1886 cum
495 1841 642 1900 pater
679 1839 796 1887 filiis
835 1838 1095 1887 subvenire
1125 1840 1370 1886 niteretur
1397 1838 1696 1900 insontibus,
1726 1839 1827 1900 ipsi

133 1912 286 1960 etiam
330 1913 552 1975 parvuli,
600 1915 688 1975 qui
733 1915 786 1960 in
835 1913 924 1960 illa
972 1915 1136 1960 aetate
1179 1913 1306 1960 nihil
1346 1912 1525 1960 audere
1565 1916 1655 1960 aut
1695 1929 1823 1961 com-

132 1988 330 2035 mittere
355 1989 651 2049 potuissent,
676 1987 868 2035 crudeli
890 1989 1048 2034 morte
1072 1988 1313 2035 interisse.
1370 1989 1533 2034 cetera
1557 1987 1824 2050 descriptio

65 2078 108 2110 25
133 2064 418 2123 serpentum
465 2061 528 2108 ad
576 2061 1012 2110 demonstrandam
1059 2062 1322 2109 saevitiam
1360 2062 1483 2109 facti
1520 2062 1737 2122 pertinet
1777 2064 1826 2109 et

134 2135 198 2183 ad
236 2135 580 2184 crudelitatem
618 2135 878 2183 numinum
921 2134 1321 2184 confirmandam.
1398 2136 1589 2183 interea
1635 2135 1824 2184 necatis

131 2208 316 2269 liberis,
356 2225 468 2256 cum
506 2210 611 2271 ipse
652 2225 846 2271 quoque
886 2210 999 2271 pari
1038 2225 1155 2257 casu
1192 2211 1453 2272 urgeretur
1497 2209 1560 2256 ad
1598 2211 1824 2270 mortem,

132 2284 379 2338 clamorcS,
410 2284 592 2344 inquit,
622 2283 886 2331 horrendos
925 2283 991 2330 ad
1029 2283 1193 2331 sidera
1224 2285 1356 2338 tollit,
1390 2283 1550 2343 qualis
1579 2285 1807 2343 muyitus,
1827 2288 1912 2327 222

131 2359 258 2417 fucit
295 2372 402 2404 cum
440 2359 638 2405 saucius
678 2372 821 2405 aram
859 2361 1034 2405 taurus
1066 2360 1110 2404 et
1137 2359 1372 2406 incertam
1404 2359 1611 2405 excussit
1645 2359 1826 2425 cervice

252 2547 277 2583 3
310 2543 429 2598 quod
459 2547 543 2586 aut
574 2542 608 2584 L
649 2549 758 2599 quot
787 2548 936 2586 autem
967 2542 1008 2585 R
1044 2543 1165 2599 quod
1195 2548 1346 2586 autem>
1376 2557 1399 2585 r
1436 2542 1559 2598 quod
1589 2543 1661 2586 ait
1690 2542 1762 2586 ed.

132 2605 161 2643 4
192 2601 488 2657 descriptione
518 2603 618 2646 eius
649 2602 735 2645 LR
766 2603 864 2646 eius
894 2616 981 2646 om.
1009 2602 1104 2645 edF
1136 2607 1200 2646 est
1228 2615 1327 2646 nos.
1488 2605 1542 2644 13
1575 2606 1706 2646 actus
1735 2601 1824 2644 LR

43 2663 53 2708 2
132 2665 306 2704 tractus
333 2674 370 2704 r.
480 2665 534 2704 21
567 2663 703 2705 etiam
734 2661 821 2704 LR
851 2675 931 2706 nec
961 2675 1063 2705 cum
1095 2661 1167 2704 ed.
1199 2662 1366 2706 nedum
1397 2661 1533 2706 etiam
1561 2658 1596 2702 r'
1632 2661 1822 2716 (quaere

130 2718 182 2762 in
213 2733 359 2776 marg.
390 2722 444 2776 r).
567 2725 623 2763 22
655 2721 804 2764 occidi
831 2719 867 2762 L
899 2721 1123 2765 occiditur
1152 2720 1207 2763 R.
1243 2721 1250 2776 Ι
1285 2734 1386 2764 cum
1410 2724 1547 2776 pater
1577 2719 1664 2762 LR
1687 2724 1825 2775 pater

130 2792 234 2822 cum
263 2792 299 2822 r.
407 2783 464 2822 23
496 2779 659 2824 audire
690 2779 732 2822 R
762 2793 877 2823 corr.
910 2794 947 2823 r.
1055 2784 1112 2823 24
1138 2781 1396 2835 potuissent
1426 2778 1514 2821 LR
1539 2793 1587 2834 p.
1619 2783 1673 2822 ut
1702 2778 1775 2822 ed.
1811 2779 1817 2836 9

131 2837 390 2887 interissent
420 2837 508 2880 LR
538 2839 811 2892 inter-ierunt
838 2853 861 2881 r
892 2839 1076 2883 interire
1106 2840 1374 2883 meruissent
1404 2837 1476 2882 ed.
1501 2838 1707 2887 interisse
1737 2851 1821 2881 nos

46 2865 56 2946 ,t
131 2898 213 2998 gc.
245 2910 340 2940 non
371 2895 663 2954 debuerunt).
691 2900 698 2954 Ι
732 2902 879 2942 cetera
909 2897 1204 2954 LRreliqua
1235 2897 1307 2941 ed.
1408 2901 1463 2940 27
1495 2910 1607 2941 casu
1636 2889 1680 2940 R
1709 2910 1822 2941 cusu

199 2969 337 3000 cursu
367 2955 440 2999 ed.
561 2960 619 3000 24
650 2970 784 3001 aram
813 2955 901 2999 LR
932 2970 1041 3001 aras
1070 2955 1147 3002 ed.

223 3037 320 3069 Don.
344 3037 500 3077 interpr.
521 3037 636 3079 Ἶρις.
675 3037 753 3071 vol.
772 3038 808 3071 1.
1410 3031 1466 3074 12
