2014 3226
205 185 314 238 502
673 183 905 227 DONATI
935 183 1217 228 INTERPR.
1249 182 1428 227 VERG.

205 326 379 373 iudicii
419 324 494 372 sui
536 323 820 371 definitione
862 323 1176 383 damnantes,
1231 323 1284 369 in
1330 325 1530 370 tantum
1568 325 1624 370 ut
1662 324 1800 384 ipsae
1846 325 1899 371 in

206 416 256 447 se
282 398 568 447 viderentur
591 398 857 459 protulisse
884 398 1197 457 sententiam,
1233 397 1364 458 quod
1388 399 1502 458 post
1524 399 1631 444 tam
1654 397 1900 445 nefarium

205 474 362 521 scelus
380 472 615 534 indignae
635 473 892 532 carperent
917 471 1090 518 lucem.
1146 485 1351 531 suosque
1374 473 1589 518 mutatae
1613 475 1900 530 aynoscwnt:

204 548 306 593 iam
324 546 586 607 coeperant
603 546 758 592 scelus
777 560 919 592 nosse
935 544 1067 606 quod
1083 545 1303 591 fecerant
1317 546 1365 592 et
1378 545 1480 592 iam
1494 559 1606 592 suos
1622 559 1899 607 agnoscere.

206 634 498 679 excussaque
504 622 697 679 pectore
706 619 836 665 Iano
855 622 946 666 est:
963 620 1264 666 successerat
1282 619 1414 665 enim
1431 617 1619 666 sanitas
1637 618 1765 665 unde
1775 618 1898 667 Iuno
1943 635 1963 670 ε

206 695 511 741 discesserat.
589 709 689 740 non
719 693 889 754 potuit
921 691 1100 739 fortius
1134 692 1343 754 exprimi
1375 692 1531 740 scelus
1566 691 1697 753 quod
1730 692 1900 739 Troia-

204 784 380 815 norum
420 769 603 814 matres
645 766 963 826 admiserant,
1003 765 1100 814 nisi
1139 767 1196 812 ut
1235 765 1421 813 diceret
1459 768 1608 828 poeta
1647 765 1700 812 in
1732 781 1902 814 earum

205 841 429 889 sensibus
469 840 713 888 Iunonem
752 841 904 888 fuisse
945 841 1277 901 praesentem,
1318 841 1389 887 sic
1428 839 1561 887 enim
1592 839 1657 887 ad
1688 839 1791 888 eius
1824 855 1900 887 ar-

203 915 411 962 bitrium
462 915 649 962 factum
702 916 776 962 est
824 914 959 975 quod
1004 914 1102 960 fuit
1141 913 1370 962 Troianis
1419 913 1703 974 adversum,
1757 914 1903 974 quasi

203 991 316 1051 ipsa
355 989 478 1037 Iuno
518 989 572 1035 in
611 989 820 1036 interitu
859 989 1067 1035 navium
1105 987 1416 1049 procurando
1463 988 1641 1036 fuisset
1680 991 1900 1049 operata.
1925 999 1966 1041 ιο
1998 1020 2001 1027 =

119 1069 204 1109 680
221 1063 305 1111 sed
357 1077 455 1110 non
508 1063 688 1110 ideirco
741 1064 946 1120 flamma
997 1065 1139 1121 atque
1187 1062 1416 1110 incendia
1466 1063 1588 1110 viris
1641 1062 1902 1109 indomitas

196 1152 430 1197 posuere:
469 1135 729 1198 fugiebant
769 1135 970 1196 quidem
1007 1136 1148 1196 illae,
1189 1136 1274 1183 sed
1315 1136 1438 1197 quid
1479 1136 1676 1183 ardenti
1713 1135 1903 1197 profuit

206 1211 373 1272 classi,
426 1211 566 1258 cuius
625 1210 832 1258 adversa
879 1207 1196 1257 crescebant?
1273 1210 1370 1257 udo
1425 1211 1514 1257 snb
1562 1211 1731 1257 robore
1785 1211 1905 1257 vivit
1965 1267 1972 1275 ι

204 1288 384 1345 stuppa
423 1299 616 1332 vomens
656 1284 853 1332 tardam
891 1284 1084 1343 famam
1123 1284 1372 1344 lentusque
1410 1285 1611 1332 carinas
1651 1286 1720 1331 est
1748 1298 1903 1343 vapor

207 1363 249 1407 et
287 1362 378 1406 toto
425 1359 667 1406 descendit
711 1372 908 1418 corpore
946 1359 1126 1417 pestis:
1175 1358 1377 1405 tenebat
1423 1359 1554 1420 ignis
1603 1357 1722 1405 viris
1771 1373 1901 1418 suaS,
1926 1372 1999 1414 ιε,

206 1434 291 1482 sed
330 1433 479 1497 lignis
519 1432 701 1479 umidis
742 1431 1090 1493 inpediebatur
1137 1432 1474 1493 aliquantum,
1526 1432 1595 1479 sic
1641 1433 1810 1479 tamen
1847 1433 1904 1478 ut

207 1507 371 1555 ederet
412 1509 653 1568 occupata
693 1508 743 1553 et
783 1508 1008 1568 correpta
1041 1510 1363 1553 consumeret.
1432 1520 1518 1554 nec
1548 1507 1676 1553 vires
1706 1506 1904 1553 heroam

205 1583 469 1642 infusaque
518 1582 730 1640 flumina
766 1583 1004 1640 prosunt:
1056 1595 1146 1626 nec
1201 1579 1494 1627 vincebatur
1539 1579 1666 1626 illud
1716 1579 1903 1626 malum

206 1656 376 1703 labore
417 1657 568 1716 atque
609 1654 881 1702 fortissima
922 1669 1072 1715 opera
1112 1654 1456 1714 Troianorum,
1497 1670 1609 1701 cum
1646 1655 1905 1715 portarent

207 1745 393 1790 aquam
451 1730 500 1776 et
563 1728 774 1776 navibus
842 1727 1178 1790 largissimam
1249 1728 1582 1775 infunderent.
1675 1727 1903 1774 flumina:
1926 1742 2003 1787 ²0·

209 1819 320 1851 cum
358 1803 465 1850 illic
495 1818 595 1850 non
628 1803 791 1850 essent
821 1801 1027 1849 fiumina
1060 1805 1108 1849 et
1132 1803 1330 1863 praesto
1357 1805 1484 1849 esset
1508 1817 1658 1862 mare,
1697 1801 1906 1849 flumina

208 1877 441 1926 debemus
493 1878 714 1938 accipere
763 1892 945 1938 aquam
992 1877 1238 1923 marinam
1288 1876 1341 1922 in
1391 1876 1591 1923 modum
1645 1875 1906 1923 fluminum

209 1952 392 2013 fusam3
433 1951 633 2013 copiosa
673 1951 804 1997 enim
837 1966 940 1998 esse
966 1950 1219 2010 debuerat,
1258 1951 1314 1996 ut
1346 1966 1586 2013 magnum
1617 1949 1906 1997 incendium

120 2029 206 2070 685
225 2025 416 2073 valeret
466 2025 768 2088 extinguere.
846 2027 949 2071 tum
990 2025 1112 2085 pius
1150 2022 1345 2072 Aeneas
1395 2026 1577 2072 umeris
1625 2024 1907 2072 abscindere
1965 2035 1970 2039 ·

208 2102 383 2147 vestem
415 2098 693 2159 annilioqne
717 2112 888 2146 vocare
912 2098 1023 2146 deos
1049 2101 1092 2146 et
1113 2098 1303 2146 tendere
1318 2099 1547 2158 palmas:
1579 2113 1691 2146 cum
1714 2097 1906 2145 videret
1928 2107 1969 2156 κ

210 2172 403 2220 Aeneas
457 2172 642 2220 auxilio
690 2186 893 2219 suorum
937 2173 1031 2220 hoc
1082 2174 1157 2220 est
1209 2171 1439 2219 humanis
1494 2171 1683 2220 nisibus
1734 2172 1906 2220 contra
2003 2171 2005 2178 ⁴

210 2248 407 2295 tantam
431 2247 702 2308 perniciem
725 2247 930 2293 navium
947 2261 1087 2307 opem
1116 2247 1460 2308 conpetentem
1484 2246 1604 2294 ferri
1626 2261 1725 2293 non
1749 2260 1907 2307 posse,

211 2323 318 2368 tum
359 2320 565 2368 discissa
611 2319 673 2367 ab
721 2320 904 2368 umeris
944 2321 1103 2380 veste,
1155 2319 1287 2381 quod
1337 2320 1533 2383 signum
1579 2320 1678 2367 fuit
1724 2319 1906 2367 doloris

210 2393 436 2455 maximi,
493 2393 727 2455 quoniam
776 2395 888 2456 pius
936 2395 1035 2442 fuit
1083 2395 1176 2441 hoc
1227 2395 1302 2441 est
1355 2393 1559 2442 deorum
1612 2393 1905 2455 purissimus

210 2469 394 2529 cultor,
450 2483 742 2529 superorum
787 2483 971 2515 numen
1016 2467 1367 2531 restinguendo
1411 2467 1636 2516 incendio
1684 2466 1906 2530 supplice
1928 2481 1972 2517 eo

334 2642 358 2680 2
391 2651 437 2681 se
467 2636 555 2680 LR
583 2651 674 2681 sese
705 2637 815 2680 edF.
911 2642 936 2681 3
969 2637 1191 2695 indignae
1221 2637 1308 2680 LR
1336 2652 1413 2682 -ne
1444 2637 1516 2682 ed.
1545 2640 1551 2694 Ι
1579 2643 1766 2695 carpent
1797 2636 1846 2680 L.

215 2701 270 2740 10
302 2697 355 2740 in
385 2697 621 2741 interitum
644 2695 732 2739 LR
756 2697 827 2740 ed.
853 2697 906 2740 in
937 2696 1027 2740 del.
1052 2711 1076 2739 r
1107 2697 1159 2740 in
1189 2697 1382 2741 interitu
1411 2711 1508 2741 nos.
1614 2701 1670 2741 14
1701 2697 1906 2742 tardwm-

242 2769 297 2799 πε
327 2755 383 2799 R
537 2759 592 2799 16
625 2755 764 2812 lignis
794 2754 882 2798 LR
912 2756 1035 2813 iynis
1066 2755 1136 2799 ed.
1287 2759 1344 2798 20
1378 2757 1684 2814 laryissimam
1714 2755 1802 2799 LR
1831 2754 1904 2799 ed..
1952 2800 1954 2802 .

233 2815 477 2872 aryissima
506 2815 710 2858 retracto
744 2814 804 2857 ad
837 2814 1166 2859 antecedentia
1195 2815 1391 2870 flamina
1415 2814 1458 2858 U
1484 2815 1683 2860 fortasse
1706 2816 1846 2860 recte.

212 2877 272 2918 24
303 2872 570 2918 abscendere
599 2872 688 2916 LR
719 2887 832 2917 corr.
857 2888 895 2931 r,
1040 2877 1095 2917 28
1129 2874 1254 2918 dissa
1284 2873 1327 2917 R
1359 2886 1472 2918 corr.
1503 2889 1540 2918 r.
1685 2878 1741 2917 30
1771 2886 1908 2930 super

211 2946 418 2976 umerum
450 2946 620 2976 numen
649 2931 686 2975 L
717 2925 907 2988 superni
936 2933 1143 2977 numinis
1164 2932 1208 2976 R
1238 2946 1487 2990 supernum
1516 2947 1685 2977 numen
1714 2931 1754 2977 r‘
1776 2945 1906 2988 supe-

209 3005 317 3036 rum
346 3005 394 3035 n
430 2990 502 3036 ed.
534 3005 803 3048 superorum
832 3005 878 3036 n.
911 3005 1010 3036 nos.
1039 2993 1046 3049 1
1072 2991 1275 3048 supplice
1305 2991 1392 3035 LR
1421 2992 1624 3048 supplici
1651 3007 1688 3037 r.

1948 2874 1984 2883 x
