2014 3226
187 173 292 225 ‘238
654 172 885 215 DONATI
916 171 1193 214 INTERPR..
1227 171 1404 214 VERG.

187 329 500 375 processurus
542 314 714 371 amari,
753 314 854 358 iam
894 310 1162 358 induebam
1195 314 1387 359 scutum
1419 327 1587 358 umero
1621 327 1742 372 meo,
1774 313 1873 358 iam

187 403 443 449 coeperam
484 389 621 433 extra
659 386 810 432 limen
853 387 982 431 exire
1023 385 1168 431 simul
1207 386 1391 432 faciens
1439 387 1728 446 utrumque3
1784 385 1875 434 hoc

189 463 318 509 enim
357 461 722 522 properationis
761 460 1026 506 necessitas
1068 459 1316 522 exigebat,
1358 462 1415 505 ut
1453 475 1549 506 non
1591 461 1751 518 stans,
1792 459 1872 506 sed

189 536 444 582 ambulans
493 549 722 580 armarer.
802 534 1030 596 accingor
1077 533 1201 580 dixit
1255 534 1485 580 instruor.
1565 547 1663 580 eece
1718 537 1872 580 autem

188 610 417 667 conplexa
440 608 591 667 pedes
632 609 682 654 in
721 607 888 654 limine
919 609 1128 654 comanae
1158 608 1385 654 haerebat
1405 621 1715 666 parvumque
1737 609 1875 666 patri
1923 626 1943 658 5

188 683 404 729 tendebat
449 682 643 728 Iulum:
703 681 927 742 repente,
974 681 1160 742 inquit,
1209 696 1460 744 emergens
1507 696 1632 727 uxor
1677 682 1728 726 in
1767 682 1876 742 ipso

186 757 355 803 limine
401 757 563 803 tenuit
608 757 863 802 exeuntem
906 757 975 815 et,
1021 770 1082 801 ne
1121 755 1327 802 minoris
1366 755 1531 801 meriti
1570 755 1876 817 praerogati-

190 846 299 877 vam
340 829 542 876 haberet
582 827 711 890 apud
752 830 930 888 virum,
962 829 1227 889 parvulum
1258 828 1425 875 Iulum
1464 828 1700 876 offerebat
1731 828 1875 888 patri.

187 920 283 951 non
324 903 450 950 dixit
489 903 633 962 mihi,
681 903 763 950 sed
811 903 967 964 patri,
1013 905 1090 964 ut,
1141 904 1183 950 si
1230 902 1466 951 maritum
1514 918 1612 949 non
1659 902 1877 950 flecteret

186 977 412 1039 precibus
461 978 587 1037 31113,
634 977 855 1039 patrium
901 979 1069 1024 tamen
1107 979 1329 1024 moveret
1368 976 1627 1024 adfectum.
1707 975 1876 1024 ambos
1902 995 1944 1027 10

187 1052 392 1112 proinde
433 1050 723 1098 ostendebat
761 1050 970 1111 inutilis,
1011 1050 1181 1098 ambos
1213 1050 1424 1111 inbellis,
1458 1066 1507 1098 se
1539 1051 1795 1097 mulierem
1828 1053 1877 1096 et

185 1126 329 1172 illum
374 1141 603 1186 puerum,
662 1128 715 1172 ut
762 1126 941 1172 aetatis
986 1126 1118 1172 ratio
1166 1125 1245 1172 vel
1301 1139 1442 1172 sexus
1495 1126 1750 1172 revocaret
1803 1124 1876 1171 in-

187 1201 412 1248 stantem.
492 1201 683 1260 quanta
731 1202 896 1246 autem
945 1200 1170 1261 rogantis
1224 1200 1390 1246 uxoris
1444 1200 1711 1246 necessitas
1765 1198 1876 1258 fuit,

188 1272 383 1334 quando
440 1273 502 1320 ad
555 1273 703 1334 pedes
757 1288 891 1320 meos
947 1273 1124 1320 deiecit
1179 1288 1228 1320 se
1293 1275 1442 1334 atque
1503 1274 1636 1334 ipsos
1699 1271 1875 1334 quibus

187 1347 354 1411 egredi
391 1349 615 1408 poteram
658 1347 951 1409 suppliciter
988 1346 1235 1394 retinebat
1274 1362 1371 1393 non
1418 1346 1685 1408 respiciens
1731 1347 1874 1393 meri·
1902 1364 1944 1396 15

186 1425 294 1469 tum
333 1437 476 1469 suum
515 1437 604 1468 nec
643 1422 951 1468 matrimonii
991 1420 1137 1468 decus
1178 1435 1267 1467 nec
1305 1436 1484 1468 nomen
1524 1422 1713 1478 uxoris,
1760 1420 1874 1467 offe-

185 1511 295 1543 rens
351 1511 607 1543 commune
663 1496 844 1558 pignus
899 1495 1054 1543 oculis
1108 1495 1253 1543 meis!
1330 1494 1584 1542 videamus
1641 1493 1760 1555 quid
1811 1495 1877 1541 sit

188 1569 321 1631 quod
358 1569 578 1616 nondum
618 1570 762 1630 plene
802 1571 1064 1634 armatum,
1096 1569 1228 1631 quod
1266 1570 1319 1615 in
1357 1569 1542 1628 limine,
1576 1568 1708 1629 quod
1739 1566 1876 1629 pedi-

184 1644 276 1691 bus
323 1644 562 1705 conplexa
607 1644 817 1691 retinuit
853 1645 1224 1705 properantem,
1273 1643 1403 1704 quod
1443 1642 1680 1690 offerebat
1718 1641 1873 1688 filium

184 1719 339 1779 patri:
377 1718 499 1765 haec
539 1718 670 1764 enim
710 1719 970 1778 sequentia
1005 1716 1333 1779 prodiderunt
1362 1733 1462 1764 non
1493 1717 1680 1763 frustra
1710 1717 1762 1762 in
1793 1715 1876 1763 via
1901 1733 1968 1766 20-

186 1807 289 1839 esse
326 1792 569 1857 perfecta3
611 1791 985 1854 significabatur
1023 1792 1207 1854 quippe
1248 1791 1484 1852 auspiciis
1523 1806 1622 1838 non
1652 1791 1875 1837 futurum

186 1865 319 1926 quod
364 1865 644 1928 arripuerat
690 1866 770 1914 vel
809 1865 1048 1913 Anchises
1095 1866 1175 1913 vel
1213 1864 1409 1912 Aeneae
1456 1864 1763 1925 desperantis
1801 1864 1874 1910 in-

185 1939 357 1987 tentio.
435 1955 574 1987 arma
626 1940 820 2000 plenius
876 1940 1123 2001 suscipere
1177 1940 1344 2002 potuit
1395 1954 1484 1986 neo
1538 1938 1690 1985 limen
1745 1938 1875 1984 exire

185 2013 397 2075 inpediti
428 2015 544 2061 sunt
575 2015 801 2076 coniugis
834 2014 1152 2075 conplexibus
1183 2012 1331 2075 pedes
1363 2011 1544 2074 quibus
1574 2011 1877 2074 properabat

186 2086 250 2134 ad
287 2087 493 2147 bellum,
540 2087 759 2135 faciebat
794 2088 888 2135 hoc
925 2102 1136 2150 persona
1175 2087 1396 2134 mulieris
1436 2086 1755 2147 domesticae,
1801 2087 1874 2132 in·
1899 2102 1960 2136 25·

185 2160 342 2222 bellis,
379 2160 598 2208 faciebat
634 2163 818 2222 uxoris,
858 2177 983 2223 quae
1021 2160 1330 2209 matrimonii
1368 2159 1572 2208 nexibus
1609 2158 1876 2208 revocabat

185 2234 761 2284 exeuntemrofferebat‘
779 2236 1050 2297 parvulum
1081 2235 1255 2295 filium,
1286 2250 1375 2296 per
1405 2250 1551 2296 quem
1582 2235 1768 2281 factum
1801 2236 1876 2280 est

184 2310 242 2356 ut
280 2308 438 2357 omnis
469 2308 666 2356 Aeneae
707 2308 925 2358 difficilis
965 2311 1016 2357 et
1053 2309 1177 2356 dura
1215 2308 1394 2356 mentis
1427 2311 1575 2370 atque
1609 2309 1875 2356 constricta

306 2513 328 2551 1
361 2513 485 2553 scuto
509 2523 714 2553 umerum
738 2524 883 2554 meum
907 2509 979 2554 ed.
1077 2513 1104 2552 4
1137 2522 1422 2553 armarentur
1445 2508 1532 2551 LR
1557 2521 1669 2551 corr.
1697 2522 1719 2549 r
1742 2507 1812 2550 ed.

187 2572 210 2611 7
245 2569 386 2612 limite
417 2567 504 2611 LR
535 2569 695 2624 (supra
727 2569 909 2623 limine).
955 2570 961 2625 Ι
1018 2569 1166 2612 tenuit
1196 2568 1283 2611 LR
1313 2581 1380 2612 me
1410 2573 1439 2612 t.
1475 2567 1545 2611 ed.
1670 2571 1725 2609 14
1757 2565 1872 2610 deci—

185 2627 296 2672 dens
324 2625 413 2670 LR
437 2626 507 2670 ed.
541 2627 735 2684 royabat
764 2627 979 2670 addi-tum
1008 2626 1111 2670 vult
1140 2627 1190 2670 in
1220 2639 1367 2684 marg.
1392 2625 1428 2669 r‘
1461 2626 1620 2670 deiecit
1641 2639 1686 2670 se
1716 2638 1814 2669 nos,

189 2690 243 2730 15
273 2685 529 2730 retinebant
551 2685 593 2728 R
616 2699 728 2730 corr.
748 2701 784 2730 r.
877 2690 932 2729 19
957 2686 1245 2743 conplexaret
1267 2687 1424 2730 innuit
1446 2685 1481 2728 L
1507 2698 1621 2728 corr.
1638 2685 1690 2728 in
1711 2697 1801 2728 ras,
1818 2683 1871 2728 R.

275 2748 448 2789 20—21
480 2745 659 2799 frustra
690 2745 792 2788 viae
821 2744 908 2788 LR
944 2745 1004 2799 fr.
1036 2746 1115 2790 via
1145 2760 1168 2788 r
1199 2744 1270 2790 ed.
1305 2744 1395 2801 (vel
1425 2745 1628 2788 inaniter
1660 2745 1788 2798 facta
1817 2741 1874 2798 τ’)

183 2805 243 2859 fr.
275 2818 374 2848 una
403 2803 448 2847 H
478 2804 537 2858 fr.
570 2805 624 2847 in
653 2805 732 2848 via
763 2817 852 2848 esse
882 2817 980 2848 nos.
1096 2809 1150 2848 22
1185 2804 1405 2848 Anchises
1434 2803 1522 2846 LR
1553 2802 1624 2847 ed.
1658 2802 1874 2846 Anchieis

183 2865 240 2907 ut
270 2868 310 2918 1,
335 2866 423 2907 34?
461 2864 468 2920 1
506 2862 790 2920 desperantes
820 2862 906 2906 LR
937 2877 1051 2908 corr.
1083 2878 1108 2906 1·
1138 2863 1208 2907 ed.
1332 2867 1388 2906 28
1418 2862 1591 2907 haneae
1621 2861 1807 2916 dificilis
1835 2859 1872 2903 L

183 2922 303 2966 hanc
334 2922 574 2978 aediftaeilis
604 2921 647 2964 R
675 2921 786 2966 haec
816 2923 915 2976 diff.
948 2937 972 2964 r
1002 2923 1184 2967 Aeneae
1214 2922 1313 2977 diff,
1347 2921 1418 2966 ed.
1462 2922 1468 2981 Ι
1519 2920 1640 2965 dura
1669 2918 1756 2963 LR
1787 2919 1870 2984 ἀπὸ.

183 2995 264 3026 rae
293 2995 329 3025 r.
373 2983 379 3038 Ι
428 2985 687 3026 constructa
718 2981 772 3025 R.
