2014 3226
23 2994 38 3226 W
22 2476 51 2983 *wm«-·
29 2459 38 2464 ι

117 999 158 1031 10

117 1368 157 1401 15

116 1739 158 1770 20

118 2108 159 2141 25

83 2470 86 2473 “
118 2479 162 2512 so

820 176 1124 221 AENElDos
1158 177 1218 220 1v
1765 180 1866 230 361

186 317 384 364 bellum.
447 332 554 364 ecce
594 317 714 363 tulit
754 319 802 363 et
841 317 1069 363 vincendi
1109 333 1260 378 spem,
1299 333 1359 365 ne
1399 316 1581 365 diceret
1614 318 1741 364 Dido
1783 320 1873 365 etsi

188 391 432 438 moverint
465 406 618 450 arma,
650 389 891 451 superabo
925 406 1019 438 eos.
1077 394 1124 438 et
1156 391 1401 439 Numidae
1434 392 1616 439 infreni
1648 394 1873 455 cingunt:

187 480 297 512 cum
345 464 466 511 dicit
511 463 742 523 infrenis,
790 464 1007 511 ostendit
1053 465 1321 512 indomitos
1369 468 1418 513 et
1465 480 1545 512 eos
1596 465 1682 526 qui
1737 466 1873 513 nullo

184 539 289 585 iure
344 539 629 586 tenerentur
677 553 734 584 ac
781 538 881 585 suis
928 538 1119 600 legibus
1160 541 1382 586 viverent
1421 555 1508 586 nec
1552 539 1737 587 vellent
1784 540 1872 586 ali-

183 612 321 660 cuius
362 612 570 672 imperio
607 610 877 675 subiugari.
941 615 991 658 et
1022 613 1273 673 inhospita
1307 612 1485 673 Syrtis,
1517 629 1614 660 non
1646 629 1742 674 quo
1775 629 1873 660 non

182 687 421 747 suscipiat
451 686 672 746 hospites
703 686 795 733 hoc
828 687 903 732 est
941 687 1241 748 peregrinos,
1275 688 1358 734 sed
1404 702 1554 748 quam
1594 687 1874 734 inhumani-

180 761 301 808 tatis
334 775 483 810 causa
515 759 674 807 omnis
707 759 940 807 formidet
974 759 1238 807 adveniens
1272 762 1349 807 vel
1389 760 1547 808 oderit
1571 762 1873 825 peregrinus.

183 835 351 895 posuit
393 834 444 880 in
484 833 646 881 medio
687 835 915 896 cingunt,
962 833 1046 881 sed
1084 835 1244 881 tribus
1286 834 1634 894 adplicandum
1675 838 1768 898 est,
1817 838 1875 882 ut

185 909 250 955 sit
284 906 495 966 Gaetuli,
520 907 767 955 Numidae
801 911 849 955 et
883 906 1044 968 Syrtis
1077 908 1295 971 cingunt.
1352 907 1443 955 hoc
1474 910 1638 969 ipsum
1670 910 1875 972 cingunt

183 981 333 1028 habet
385 983 639 1045 ingentem
691 983 880 1029 metum
934 982 1296 1043 maximamque
1351 982 1688 1030 formidinem:
1759 998 1875 1030 nam

183 1057 379 1119 cingere
427 1058 501 1103 est
544 1055 752 1116 ambire,
801 1059 858 1103 ut
896 1058 947 1102 et
984 1055 1171 1103 infiniti
1208 1059 1544 1104 monstrentur
1581 1058 1772 1105 inimici
1811 1061 1875 1117 et,

182 1131 225 1177 si
277 1129 430 1176 fuerit
478 1145 535 1175 ex
581 1131 874 1178 necessitate
924 1129 1236 1192 fugiendum,
1290 1147 1378 1191 per
1431 1133 1598 1178 tantos
1653 1146 1710 1177 ac
1755 1130 1874 1178 talis

182 1204 342 1251 exitus
374 1203 588 1251 inveniri
620 1219 720 1251 non
751 1205 923 1265 possit.
985 1204 1100 1251 hinc
1140 1204 1334 1252 deserta
1373 1206 1458 1252 siti
1495 1205 1632 1266 regio
1672 1205 1875 1265 lateque

182 1278 403 1325 furentes
444 1278 672 1326 Barcaei:
729 1277 905 1326 similis
954 1278 1106 1326 etiam
1151 1279 1362 1326 istorum
1410 1281 1570 1326 metus
1610 1282 1705 1340 est3
1758 1294 1876 1326 nam

183 1351 428 1413 quomodo
468 1352 588 1415 fuga
627 1367 716 1414 per
754 1352 968 1400 sitientis
1000 1355 1157 1399 terras
1190 1352 1489 1414 perindeque
1522 1352 1737 1400 desertas
1769 1351 1876 1400 fieri

181 1427 348 1487 potest
394 1427 484 1473 aut
529 1442 618 1487 per
664 1441 746 1474 eos
794 1426 883 1488 qui
922 1425 993 1474 sic
1031 1427 1196 1473 furore
1235 1427 1517 1487 rapiantur,
1564 1429 1620 1473 ut
1658 1427 1875 1474 furorem

182 1499 348 1561 ipsum
393 1499 547 1547 latius
593 1498 837 1548 tendant?
916 1500 1039 1561 quid
1076 1499 1209 1548 bella
1248 1501 1379 1562 Tyro
1419 1501 1674 1563 surgentia
1713 1500 1876 1547 dicam

184 1575 507 1637 germanique
554 1572 749 1623 minas?
827 1574 960 1636 quod
1006 1574 1184 1622 habuit
1228 1575 1499 1622 maximum
1547 1574 1764 1622 servavit
1810 1572 1875 1621 ad

182 1647 345 1695 finem.
408 1648 678 1708 considera,
709 1649 890 1710 inquit,
921 1649 975 1695 in
1013 1651 1201 1710 quanta
1241 1648 1582 1710 desperatione
1614 1649 1680 1695 sis
1711 1648 1878 1709 posita
1910 1702 1919 1710 ,

184 1723 471 1783 quantaque
512 1723 577 1770 sit
615 1724 731 1770 tuae
769 1723 998 1771 fortunae
1039 1722 1276 1784 condicio,
1310 1721 1507 1784 quando
1548 1738 1659 1769 cum
1694 1724 1772 1769 tot
1801 1723 1875 1769 in-

182 1797 484 1844 manissimis
532 1796 763 1859 gentibus
809 1798 1016 1847 timetur
1058 1799 1106 1844 et
1145 1797 1320 1857 frater,
1375 1796 1494 1859 quid
1534 1797 1756 1844 futurum
1797 1796 1876 1856 sit,

183 1871 227 1917 si
271 1869 358 1918 ille
405 1885 520 1918 cum
566 1871 722 1932 copiis
769 1871 871 1919 suis
917 1871 1188 1919 instructus
1236 1870 1451 1919 adfuerit
1495 1885 1685 1919 causae.
1764 1885 1876 1917 con-

183 1942 499 1992 siderandum
537 1947 632 2005 est,
669 1945 867 2007 quando
906 1960 996 1993 nec
1034 1944 1330 2007 persistendi
1368 1945 1581 1994 facultas
1622 1957 1876 2005 superesse

183 2019 403 2080 potuerit
450 2021 540 2066 aut
586 2022 716 2067 certe
762 2019 1011 2083 fugiendi3
1065 2018 1255 2067 tenebit
1301 2019 1431 2067 enim
1477 2018 1562 2066 ille
1602 2017 1877 2066 subsidium

185 2093 337 2140 maris
378 2094 428 2140 et
466 2108 776 2155 quacumque
815 2095 1092 2157 fugientem
1129 2093 1287 2140 hostis
1327 2093 1479 2141 durus
1519 2091 1744 2154 excipiet,
1781 2091 1876 2139 ita-

188 2182 282 2227 que
321 2165 406 2214 fiet
445 2167 499 2214 in
537 2166 615 2216 his
653 2169 800 2216 terris
841 2167 974 2229 quod
1013 2167 1147 2215 domi
1187 2167 1407 2228 conpleri
1436 2183 1536 2215 non
1566 2164 1748 2228 potuit.
1813 2164 1878 2212 ad

186 2241 355 2289 omnia
395 2242 646 2289 concurrit
682 2241 812 2290 illud
852 2240 983 2304 quod
1021 2242 1246 2302 superius
1279 2241 1405 2289 dixit
1435 2241 1604 2289 solane
1635 2240 1878 2301 perpetua

185 2329 410 2363 maerens
456 2329 657 2377 carpere
702 2313 940 2364 iuventa?
1018 2315 1061 2363 si
1107 2315 1239 2362 enim
1285 2315 1578 2377 perduraret
1622 2314 1878 2362 iuventam

186 2387 294 2436 sola
331 2389 621 2453 transigere,
661 2390 773 2452 quis
812 2392 890 2438 tot
929 2405 986 2438 ac
1023 2389 1179 2437 tantis
1217 2388 1471 2437 resisteret
1508 2385 1758 2436 inimicis?
1797 2386 1879 2434 vel

186 2461 297 2524 quis
350 2463 453 2510 iam
506 2466 767 2524 quaereret
821 2464 1006 2512 exactis
1059 2461 1367 2524 temporibus
1427 2462 1688 2522 feminam,
1750 2475 1876 2522 quae

186 2537 425 2587 maritum
462 2538 806 2598 procreatione
845 2537 1062 2585 filiorum
1099 2539 1292 2598 patrem
1323 2553 1424 2586 non
1454 2538 1622 2599 posset
1652 2531 1879 2582 efficere?

185 2612 435 2671 postremo
478 2611 801 2675 cogitandum
840 2612 919 2660 cui
959 2612 1158 2659 tantum
1195 2610 1367 2658 florem
1404 2609 1603 2673 imperii
1642 2624 1698 2656 ac
1736 2609 1877 2655 tanto

186 2682 358 2732 labore
404 2687 686 2746 quaesitum
733 2687 862 2734 esset
906 2683 1177 2744 traditura,
1224 2685 1269 2732 si
1305 2684 1574 2733 liberorum
1610 2682 1877 2744 posteritas

305 2814 332 2852 3
363 2810 563 2865 infrenis
583 2811 672 2856 LR
701 2811 907 2867 infrenos
936 2824 960 2853 r
983 2809 1054 2854 ed.
1149 2814 1174 2853 6
1206 2823 1251 2854 se
1282 2824 1419 2867 quam
1442 2809 1529 2853 LR
1560 2821 1674 2853 cort.
1698 2821 1723 2851 r
1745 2805 1816 2850 ed.

188 2872 212 2911 7
245 2881 430 2914 eausam
461 2869 511 2914 L.
570 2871 577 2930 Ι
633 2871 780 2916 oderit
805 2869 1069 2927 pereyo-iosos
1097 2868 1185 2912 LR
1217 2882 1330 2914 corr.
1363 2868 1434 2913 ed.
1589 2871 1643 2911 13
1675 2865 1879 2911 invenire

186 2927 274 2971 LR
305 2927 377 2973 ed.
410 2930 473 2974 ·ri
499 2945 537 2974 r.
664 2933 719 2974 18
749 2929 1043 2988 yet-munique
1073 2928 1225 2987 minas
1255 2942 1344 2973 om.
1377 2927 1448 2972 ed.
1579 2931 1633 2970 21
1665 2925 1878 2980 futurum

185 2987 246 3031 sit
277 2985 365 3030 LR
395 2987 467 3032 ed.
499 2990 534 3044 f.
567 2994 660 3034 est?
692 2987 750 3033 cf.
786 2991 855 3044 10,
882 2991 980 3032 783.
1119 2990 1176 3030 32
1201 2986 1670 3044 pemmo—florem
1701 2997 1789 3027 om.
1821 2982 1878 3030 R.
