2014 3226
174 166 278 218 186
635 165 867 209 DONATI
897 165 1176 210 INTERPR.
1202 164 1388 209 -VERG.

171 306 422 354 citandum
464 305 787 352 dormientem
826 305 990 352 fuerat
1029 307 1244 352 ventum.
1305 305 1531 367 denique,
1571 305 1687 352 dum
1717 321 1857 367 ‘vana

171 380 513 441 superfluaque
553 379 873 439 perquireret,
906 395 1006 426 non
1036 379 1122 426 ille
1154 379 1219 426 ad
1248 380 1556 442 interrogata
1587 379 1855 440 respondit,

171 454 255 501 sed
311 470 397 500 cur
450 454 640 500 venisse
695 452 946 499 videretur
1000 452 1160 501 ductis
1207 469 1265 500 ex
1312 453 1414 500 alto
1462 452 1725 516 gemitibus
1776 469 1855 499 ex-

169 529 362 588 pressit,
402 528 488 587 qui
525 529 693 573 tamen
731 526 811 573 vel
851 542 907 572 ex
947 542 1046 587 qua
1085 541 1232 574 causa
1272 527 1462 572 fuerint
1506 528 1605 587 ipsi
1642 526 1856 589 gemitus

168 603 272 662 ipse
313 602 365 647 in
405 600 720 660 sequentibus
761 599 1014 647 evidenter
1053 600 1282 648 ostendit.
1315 601 1488 663 fugam
1526 602 1708 662 quippe
1748 601 1854 647 viro
1904 617 1923 648 5

168 676 286 721 forti
327 673 567 721 suadebat
605 675 770 736 imago
802 674 899 721 viri
932 675 1089 734 fortis,
1122 675 1219 721 civi
1252 674 1439 734 optimo
1473 674 1687 734 optimus
1720 674 1854 722 civis.

170 748 302 807 quod
339 749 502 808 ipsum
543 763 642 794 non
682 747 924 801 suaderet,
964 749 1007 795 si
1046 750 1323 808 superesset
1355 747 1546 808 aliquid
1578 749 1658 794 cui
1688 750 1857 808 posset

168 838 258 882 ope
293 822 461 882 aliqua
492 822 572 868 vel
605 821 790 868 auxilio
824 821 1088 869 subveniri.
1151 822 1362 882 denique
1393 837 1505 868 mox
1539 823 1858 882 consequitur

167 911 314 943 causa
363 911 489 955 quae
538 911 732 942 omnem
780 895 881 942 vim
930 895 1288 957 desperationis
1330 895 1610 942 ostenderet
1649 895 1855 956 ipsaque

168 971 325 1016 omnis
366 970 540 1016 stricta
579 969 824 1017 brevitate
866 969 1190 1027 concluditur,
1228 971 1286 1016 ut
1316 969 1593 1030 periculum
1624 984 1924 1029 praesensio

166 1045 216 1090 et
252 1058 366 1090 mox
403 1043 692 1090 inevitabile
732 1044 956 1090 futurum
995 1045 1147 1090 vitari
1177 1045 1433 1104 potuisset.
1498 1043 1571 1090 ait
1603 1044 1734 1090 enim
1764 1044 1857 1090 heu

164 1120 290 1176 fuye,
338 1121 449 1164 nate
497 1117 601 1171 dea,
647 1121 779 1175 teque
824 1118 912 1172 leis,
962 1119 1046 1172 ait,
1096 1119 1225 1176 eripe
1263 1119 1490 1175 flammis,
1529 1117 1718 1164 scilicet
1756 1132 1856 1164 non

165 1191 385 1237 venturis
423 1191 685 1238 interiecto
725 1192 887 1252 spatio
927 1192 1180 1252 temporis,
1221 1190 1305 1238 sed
1346 1207 1472 1251 quae
1511 1192 1563 1237 in
1602 1189 1856 1252 praesenti

165 1266 213 1311 et
259 1265 523 1311 monstrari
573 1267 622 1311 et
668 1265 828 1312 videri
872 1267 1164 1326 potuissent.
1241 1267 1373 1311 recte
1417 1267 1582 1312 autem
1623 1266 1786 1326 coepit
1825 1280 1855 1312 a

164 1338 346 1385 doloris
403 1340 544 1401 signo
600 1339 766 1386 dicens
817 1339 916 1385 heu
961 1340 1098 1401 fuge3
1154 1338 1354 1386 dolebat
1401 1339 1529 1386 enim
1578 1338 1688 1386 duo.
1767 1339 1920 1402 qui-1⁵

165 1414 295 1458 enim
350 1412 412 1459 ad
466 1413 705 1460 auxilium
759 1412 929 1459 debuit
983 1413 1174 1459 hortari
1227 1414 1391 1459 virum
1452 1413 1632 1460 fortem
1693 1414 1854 1475 magis

164 1485 359 1533 dicebat
403 1486 694 1550 fugiendum
741 1487 798 1534 ei.
878 1489 949 1546 et,
990 1486 1121 1547 quod
1161 1488 1230 1534 sic
1268 1487 1526 1533 interierat
1564 1488 1773 1549 totum,
1795 1490 1854 1534 ut

163 1575 260 1607 non
307 1563 582 1621 superesset
630 1560 821 1622 aliquid
861 1560 995 1621 quod
1033 1562 1200 1622 posset
1233 1561 1356 1616 ⁴boni
1395 1560 1514 1608 civis
1568 1559 1852 1608 adiumento

76 1637 160 1675 ‘290
178 1634 365 1695 fulciri,
421 1634 622 1681 additur
675 1634 888 1682 secunda
942 1634 1221 1696 desperatio
1276 1634 1425 1682 hostis
1477 1635 1617 1681 habet
1665 1647 1854 1682 muros:

163 1707 381 1768 possedit
417 1708 574 1756 hostis
614 1709 741 1755 unde
783 1710 1058 1771 expugnari
1088 1709 1334 1769 potuerat.
1389 1708 1540 1755 tertia
1572 1707 1851 1770 desperatio
1876 1726 1919 1757 20

164 1784 264 1829 ruit
300 1782 395 1829 alto
435 1783 640 1830 culmine
682 1783 847 1837 Troia,
887 1782 978 1829 hoc
1019 1785 1093 1830 est
1133 1781 1349 1829 concidit
1386 1782 1487 1829 iam
1528 1782 1607 1829 cui
1651 1784 1852 1844 poteras

163 1854 434 1903 subvenire.
485 1856 537 1903 hi
569 1857 724 1920 igitur
754 1857 890 1903 fuere
923 1857 1137 1919 gemitus
1171 1855 1496 1916 admonentis,
1522 1855 1654 1917 quod
1687 1855 1853 1903 omnia

161 1931 215 1975 in
260 1946 414 1976 unum
457 1931 591 1977 mala
638 1931 928 1991 nefariaque
972 1932 1325 1990 convenerant,
1373 1931 1516 1992 fuga,
1561 1931 1619 1977 ut
1665 1929 1853 1990 dictum

163 2003 250 2064 est,
288 2002 478 2051 indicta
516 2004 623 2052 viro
663 2004 783 2052 forti
815 2006 865 2052 et
894 2005 1128 2052 interitus
1162 2004 1367 2052 Troiani
1396 2003 1610 2064 imperii.
1678 2020 1851 2051 verum

162 2091 223 2122 ne
263 2075 484 2124 desertae
523 2079 717 2139 patriae
756 2078 987 2140 genitalis
1026 2079 1343 2126 incursurum
1381 2093 1432 2125 se
1475 2078 1674 2139 culpam
1720 2077 1849 2124 arbi-
1873 2093 1917 2126 25
1982 2068 1986 2119 l

161 2152 378 2198 traretur
422 2151 638 2212 Aeneas,
692 2153 736 2199 si
786 2152 840 2199 id
893 2152 1114 2212 fecisset,
1165 2153 1487 2215 augmentum
1533 2152 1848 2216 plenissimae

163 2223 518 2285 desperationis
554 2189 796 2308 adiungit,
827 2226 884 2272 ut
914 2226 1041 2274 hanc
1073 2225 1231 2274 modis
1264 2225 1490 2274 omnibus
1523 2226 1848 2274 submoveret.

161 2297 300 2344 nulla
339 2300 413 2345 est
451 2300 650 2360 quippe,
690 2300 732 2348 si
770 2300 1084 2361 relinquatur
1122 2299 1256 2382 quod
1295 2301 1365 2346 sic
1402 2300 1567 2361 periit,
1613 2301 1671 2346 ut
1709 2299 1849 2357 nulla

161 2372 318 2432 possit
365 2372 694 2433 opitulatione
739 2373 919 2421 fulciri.
997 2373 1130 2435 quod
1183 2373 1348 2435 ipsum
1400 2376 1458 2421 ut
1510 2372 1728 2435 apertius
1784 2374 1848 2421 si-

161 2446 356 2507 gnaret,
408 2445 600 2494 addidit
636 2451 715 2495 sat
742 2449 940 2507 patriae
976 2448 1270 2508 Priamoque
1307 2448 1498 2504 clatum,
1543 2448 1601 2494 ut
1645 2446 1849 2510 plenum
1871 2463 1917 2509 so

159 2519 350 2566 venisse
380 2519 640 2567 interitum
672 2520 1044 2569 demonstraret.
1105 2523 1150 2569 si
1180 2521 1422 2581 Perqa‘ma
1453 2522 1623 2569 dextra
1654 2521 1850 2582 defendi

150 2595 351 2651 possent
395 2595 559 2648 etiam,
606 2595 697 2641 hac
741 2595 940 2656 defensa
977 2595 1207 2654 fuissent:
1262 2596 1381 2656 quia
1417 2595 1615 2658 poterat
1653 2593 1857 2655 Aeneas

1855 2706 1981 2978 ἶ·

281 2738 301 2775 1
329 2733 438 2777 dum
462 2733 497 2776 Ι
506 2733 548 2777 R
573 2734 644 2778 ed.
662 2739 793 2778 cum?
869 2739 923 2778 16
948 2737 1128 2779 hortare
1144 2735 1231 2778 LR
1247 2749 1361 2779 corr
1379 2750 1413 2778 r.
1480 2739 1532 2778 19
1557 2735 1700 2779 hostes
1713 2724 1837 2777 LR

159 2795 216 2834 20
233 2793 439 2848 possidet
460 2807 494 2836 r.
525 2795 530 2849 Ι
557 2794 819 2850 expuynari
833 2793 955 2837 LR'
937 2808 978 2838 is
999 2795 1111 2839 reici
1127 2795 1199 2839 ed.
1229 2796 1234 2850 Ι
1255 2799 1471 2850 potuerat
1486 2794 1522 2836 L
1533 2794 1789 2850 potuissent
1803 2793 1846 2836 R.

158 2850 284 2894 -isset
306 2865 341 2895 r.
412 2856 467 2895 21
493 2853 586 2896 alto
601 2851 688 2894 LR
705 2853 797 2896 alto
814 2867 844 2897 a
862 2853 933 2896 ed.
1004 2857 1060 2897 27
1083 2854 1204 2898 hanc
1218 2853 1306 2896 LR
1319 2854 1439 2903 hunc
1457 2852 1527 2896 ed.
1599 2856 1654 2895 28
1679 2852 1846 2908 quippe

159 2908 246 2952 LR
268 2910 404 2965 culpa
433 2915 630 2954 1:32
650 2913 829 2966 possint
851 2911 952 2966 LR,
977 2913 1060 2956 sed
1083 2911 1207 2956 infra
1226 2916 1420 2968 possent.
1451 2911 1457 2968 Ι
1483 2913 1560 2955 hec
1582 2911 1669 2954 LR
1690 2912 1799 2956 haee
1821 2925 1847 2954 r

156 2967 242 3011 hac
257 2967 315 3013 r':
340 2968 511 3012 lemma
527 2969 782 3013 secundum
797 2969 988 3027 interpr.
1000 2970 1207 3015 distinxi.
1237 2975 1242 3026 Ι
1265 2971 1432 3027 poterit
1447 2971 1489 3014 R
1502 2975 1680 3026 poterat
1694 2984 1781 3031 r=
1791 2969 1859 3031 L
