2014 3226
775 178 1078 225 AENE1Dos
1109 181 1173 224 iv
1717 183 1824 235 393

132 324 211 380 ut,
258 335 369 368 cum
414 320 589 382 regina
628 318 687 366 de
729 334 894 366 amore
934 335 1043 368 meo
1083 336 1255 369 secura
1294 325 1369 369 est
1409 324 1458 368 et
1495 322 1619 369 nihil
1660 327 1825 383 sperat

135 394 264 456 quod
313 394 548 440 dilectum
597 393 955 441 coniunctionis
1012 394 1298 457 abrumpat,
1356 395 1520 443 aditus
1572 399 1823 456 temptem.

133 468 339 516 suadere
394 467 439 513 ei
494 467 799 514 contrarium
847 483 990 528 quem
1046 469 1121 516 vis
1175 485 1358 532 magna
1410 470 1684 531 possederit
1738 485 1826 516 nec

133 542 291 588 ullam
339 541 672 603 persuasionis
719 541 963 587 rationem
1012 542 1256 603 admittit,
1314 559 1458 604 quem
1504 544 1557 589 in
1605 543 1826 604 aliquam

90 633 109 666 5
133 615 478 664 necessitatem
526 614 692 661 aliena
737 616 959 675 potestas
1008 617 1327 677 animaverit,
1373 616 1464 664 hoc
1504 617 1714 678 denique
1753 620 1828 664 est

134 689 268 751 quod
307 703 457 750 supra
497 688 624 735 dixit
662 687 762 735 heu
802 688 923 749 quid
964 693 1104 751 agat,
1152 706 1248 752 quo
1292 706 1423 738 nunc
1460 691 1684 754 reginam
1723 705 1826 737 am-

133 763 240 811 bire
286 763 532 810 furentem
580 762 764 809 audeat
810 761 1019 809 adfatu?
1068 765 1302 824 quoniam
1350 780 1490 812 amor
1538 781 1628 812 nec
1677 763 1829 812 habet

132 838 380 886 rationem
406 852 547 885 suam
571 851 660 883 nec
685 835 909 883 admittit
934 837 1150 884 alienam
1176 854 1264 885 nec
1297 838 1487 901 cogitat
1517 838 1614 886 nisi
1644 837 1699 885 id
1730 852 1827 899 quo

135 911 333 959 ducitur
363 925 453 958 nec
483 912 651 972 potest
680 911 864 958 reicere
898 910 1027 971 quod
1060 926 1159 959 non
1192 927 1282 959 sua
1314 913 1572 959 voluntate
1597 913 1825 973 suscepit.

67 1003 111 1035 10
137 988 187 1032 et
226 1001 353 1047 quae
392 985 686 1033 mollissima
724 984 863 1031 fandi
903 988 1150 1045 tempora:
1192 987 1383 1033 occasio
1423 987 1607 1046 quippe
1638 988 1826 1046 tempo·

134 1076 246 1106 rum
291 1060 345 1106 in
392 1059 553 1106 causis
600 1059 681 1105 vel
725 1060 939 1105 maxime
987 1059 1267 1107 durioribus
1306 1060 1575 1121 plurimum
1614 1059 1828 1120 prodest.

135 1135 219 1194 qui
248 1133 393 1180 rebus
425 1132 586 1180 dexter
615 1132 813 1179 modus:
852 1131 1246 1180 observationem
1278 1135 1408 1180 enim
1442 1133 1674 1195 oportuni
1705 1135 1828 1180 tem-

134 1208 271 1269 poris
319 1207 523 1254 dextera
568 1207 737 1254 omnia
782 1221 1118 1268 prosperaque
1158 1210 1421 1254 sectantur.
1499 1208 1629 1272 ocius
1667 1220 1829 1254 omnes

28 1327 37 1332 .
134 1282 337 1341 imperio
375 1281 491 1328 laeti
519 1283 703 1340 parent
739 1294 799 1328 ac
835 1283 974 1328 iussa
1012 1283 1281 1341 facesswnt:
1336 1282 1470 1329 solus
1510 1282 1702 1328 Aeneas
1739 1281 1813 1327 in·
1832 1287 1917 1326 295

66 1373 111 1406 15
134 1356 267 1404 vitus
315 1354 586 1419 cogebatur
631 1354 694 1402 ad
740 1355 1102 1418 navigandum,
1149 1355 1268 1416 quia
1314 1354 1650 1402 commorandi
1695 1355 1828 1402 solus

132 1428 311 1476 habuit
350 1444 565 1477 causam.
642 1429 736 1477 hoc
776 1432 850 1477 est
891 1429 1022 1490 quod
1061 1429 1280 1477 ostendit
1319 1428 1523 1476 dicendo
1564 1429 1716 1487 ocius,
1768 1444 1829 1475 ne

133 1505 358 1551 mutaret
387 1503 599 1551 forsitan
630 1503 957 1563 voluntatem,
990 1505 1033 1550 si
1063 1518 1203 1551 mora
1233 1502 1567 1550 interveniret.
1618 1503 1828 1563 imperio

132 1580 327 1639 parent,
355 1577 592 1639 quoniam
622 1577 672 1624 id
706 1578 872 1625 fuerat
901 1579 1091 1625 iussum
1123 1577 1258 1639 quod
1289 1576 1515 1624 omnibus
1554 1576 1652 1623 fuit
1690 1579 1829 1638 opta-

35 1643 38 1646 *
133 1651 235 1699 bile
282 1654 333 1699 et
378 1651 601 1713 oportuit
646 1650 768 1698 fieri.
845 1651 967 1699 laeti
1021 1653 1186 1699 autem
1240 1651 1334 1698 hoc
1386 1650 1656 1709 faciebant,
1712 1651 1831 1711 quia

66 1742 112 1775 ιο
136 1728 310 1774 contra
355 1726 666 1773 voluntatem
715 1725 847 1787 apud
896 1724 1248 1789 Carthaginem
1294 1724 1612 1785 tenebanturr,
1666 1726 1737 1783 et,
1787 1724 1830 1771 si

134 1815 234 1848 non
280 1815 372 1861 pro
415 1800 523 1847 loco
562 1799 935 1863 intellegamus,
982 1800 1068 1848 ille
1107 1802 1182 1847 est
1220 1801 1391 1862 gratus
1431 1797 1694 1846 cuiuslibet
1729 1799 1829 1844 ius-

137 1874 291 1922 sionis
332 1874 532 1921 effector
572 1862 657 1935 q'ui
696 1876 976 1936 praeceptis
1007 1873 1169 1921 laetus
1203 1872 1509 1934 obsequitur.
1570 1872 1663 1920 hoc
1695 1871 1831 1918 deni·

138 1963 231 2009 que
265 1950 315 1995 et
346 1947 606 1996 Terentius
637 1947 811 2012 tetigit
841 1946 1048 1996 dicendo
1087 1940 1275 2013 (heaut.
1301 1947 1351 2006 4,
1378 1947 1426 2006 6,
1454 1940 1507 2010 1)
1548 1945 1718 2006 „nulla
1757 1946 1832 1992 est

134 2025 242 2069 tam
286 2021 450 2069 facilis
496 2037 600 2083 res,
649 2023 768 2084 quin
817 2021 1035 2070 difficilis
1082 2023 1176 2070 siet
1218 2035 1369 2082 quam
1406 2019 1592 2067 invitus
1631 2017 1829 2067 facias“.

68 2111 112 2146 ιε
137 2094 358 2144 officium
394 2095 525 2143 enim
557 2096 824 2158 conplendi
853 2096 1122 2158 praecepti,
1155 2096 1198 2142 si
1227 2094 1486 2142 voluntate
1518 2094 1832 2155 suscipiatur,

137 2172 190 2218 et
226 2169 452 2232 inpletur
489 2170 639 2218 facile
678 2172 730 2218 et
768 2185 880 2218 cum
917 2170 1114 2218 laetitia
1154 2167 1431 2231 perficitur3
1486 2166 1619 2229 quod
1664 2170 1831 2214 autem

138 2245 268 2307 gerit
311 2245 500 2292 invitus
547 2246 599 2293 et
644 2259 906 2293 onerosum
944 2243 1191 2303 redditur,
1235 2243 1463 2303 quamvis
1500 2243 1686 2288 natura
1722 2240 1831 2288 leve

137 2319 220 2379 sit,
251 2320 303 2366 et
338 2333 439 2366 non
477 2320 800 2366 conveniente
833 2317 1080 2366 sententia
1109 2315 1168 2364 fit
1195 2315 1343 2364 triste
1373 2327 1465 2362 nec
1493 2308 1584 2377 pro
1615 2314 1831 2362 iubentis

35 2439 41 2457 ζ
137 2391 396 2440 voluntate
440 2395 700 2441 tractatur.
781 2406 839 2439 ac
883 2393 1020 2440 iussa
1064 2391 1339 2438 facessunt:
1399 2389 1534 2437 iussa
1579 2388 1832 2436 effectibus

28 2465 44 2532 ἶ
69 2482 115 2516 ⁸0
138 2465 440 2528 plenissimis
481 2466 731 2529 conplent,
761 2467 814 2514 in
845 2467 1045 2514 tantum
1074 2467 1133 2512 ut
1162 2464 1289 2511 nihil
1318 2463 1552 2511 videatur
1581 2463 1830 2511 omissum.

27 2542 44 2596 t

259 2642 280 2680 1
318 2637 373 2681 de
399 2636 488 2680 LR
518 2650 633 2695 quae
663 2637 718 2681 de
749 2635 821 2680 ed.
914 2639 940 2678 2
974 2634 1186 2679 dssectum
1208 2632 1295 2677 LR
1326 2632 1607 2677 dilectionem
1638 2629 1724 2684 ed.‚
1749 2627 1831 2672 sed

139 2694 198 2740 cf.
224 2698 445 2751 6‚-286-et
467 2699 597 2750 2⁸85.
722 2699 749 2739 3
779 2693 971 2739 suadere
1000 2693 1089 2737 LR
1117 2698 1160 2738 et
1187 2693 1409 2738 mdeam
1438 2691 1509 2735 ed.
1549 2690 1558 2748 1
1605 2701 1734 2746 quem
1762 2689 1833 2732 vis

138 2769 310 2814 magna
332 2754 422 2799 LR
450 2755 636 2812 quando
660 2769 760 2799 eam
782 2754 852 2798 vis
875 2754 1047 2798 amris
1076 2767 1132 2796 m.
1159 2751 1269 2796 edF.
1299 2755 1304 2806 Ι
1331 2764 1414 2795 nec
1442 2750 1583 2794 unam
1608 2747 1695 2791 LR
1711 2768 1765 2783 =
1783 2748 1833 2790 et

139 2813 222 2876 qui
251 2813 432 2858 nullam
473 2813 531 2859 cf.
558 2818 658 2859 254.
699 2817 742 2868 8,
759 2817 817 2857 80
849 2816 898 2857 et
926 2812 1023 2856 ind.
1055 2811 1139 2856 lat.
1164 2810 1281 2855 Don.
1307 2810 1395 2855 sub
1425 2821 1555 2866 pron.
1586 2805 1719 2850 relat.
1752 2806 1833 2861 qui

138 2873 316 2918 nullam
348 2874 420 2918 ed.
557 2877 615 2917 23
647 2872 890 2917 turentius
919 2870 1019 2914 LR..
1150 2874 1207 2913 26
1238 2869 1505 2926 perficiamu·
1534 2865 1571 2909 L
1595 2865 1834 2932 perficitur

141 2933 376 2989 expuncta
406 2947 438 2977 a
466 2931 520 2976 R.
644 2936 703 2976 28
733 2944 791 2976 ne
820 2930 858 2974 L
886 2943 970 2974 nec
998 2929 1042 2973 R
1070 2928 1142 2973 ed.
1254 2932 1314 2972 30
1343 2926 1616 2972 dividantur
1635 2923 1738 2967 'LR
1760 2923 1831 2967 d·-

139 2993 352 3037 mittatw·
378 3005 404 3034 ι·
433 2992 644 3037 videatur
672 3004 758 3035 nos
788 2990 1080 3047 relinquatur
1109 2987 1183 3034 ed.
1816 3011 1818 3014 ·
