2014 3226
218 194 326 246 214
685 191 918 235 DONATI
948 190 1226 235 INTERPR.
1260 191 1440 235 VERG.

216 335 417 394 tcyebat,
463 348 593 380 mmo
631 334 806 392 positis
852 346 1007 378 novas
1055 333 1241 379 exactis
1286 330 1564 391 witidasqac
1602 333 1799 380 iuventa
1836 333 1910 380 la-

130 413 214 453 475
235 410 367 456 Drica
414 408 649 453 convolvit
694 407 881 453 sublato
925 409 1111 465 pectore
1159 408 1293 465 tcrqa
1339 406 1528 453 arduas
1576 406 1641 453 ad
1683 406 1830 453 solem
1870 410 1913 454 et
1993 451 1997 476 ¹

219 484 397 541 Iinyuis
450 482 597 527 micat
649 494 729 527 ore
783 480 1020 526 trisulcis:
1081 478 1415 540 descripturus
1475 480 1668 526 hostem
1731 482 1911 527 natura
1988 480 1997 584 ἦ

218 557 397 614 ferum,
445 556 609 601 aetate
655 554 951 601 insolentem
998 555 1047 600 et
1095 553 1397 600 successibus
1444 554 1692 614 prosperis
1743 569 1911 615 super·
1984 552 1989 611 f

217 629 334 675 bum
381 629 487 688 ipse
536 643 731 688 quoque
778 627 972 674 Aeneas
1019 627 1176 675 hostis
1224 627 1447 673 animum
1500 628 1553 673 in
1601 627 1910 675 adversarios
1957 587 2001 690 si

218 718 389 765 gerens
447 702 585 762 quali
637 702 769 748 hunc
825 701 1032 748 animali
1086 700 1295 748 credidit
1346 700 1750 762 conparandum?
1825 703 1910 761 sic,
1994 699 1996 702 ’

217 775 394 837 inquit,
436 775 690 823 saeviebat
728 776 786 822 ut
825 790 1040 836 serpens,
1082 776 1168 835 qui
1206 775 1365 821 vomit
1399 790 1602 834 venena,
1637 776 1724 835 qui
1754 777 1911 823 nescit
1984 779 1986 782 ’

217 849 485 910 aliquando
533 849 777 909 misereri,
826 849 912 910 qui
960 849 1132 910 captat
1179 850 1405 909 tempora
1453 848 1629 910 quibus
1675 849 1912 909 procedat
1978 881 1989 905 ,ς

220 925 310 970 aut
348 924 519 983 lateat,
561 924 648 984 qui
687 938 737 970 se
776 925 897 970 tunc
934 924 1082 983 putat
1119 937 1222 970 esse
1254 923 1527 969 formosum
1558 938 1669 970 cum
1702 922 1911 985 emergit

218 1014 275 1044 ex
328 997 547 1045 latebris.
624 997 746 1044 haec
802 998 1090 1058 conparatio
1145 997 1198 1042 in
1253 996 1683 1044 deformationem*
1714 996 1911 1057 proficit
1935 1011 1989 1044 10,⁴

216 1071 417 1133 Pyrrhi3
470 1087 587 1118 nam
625 1073 682 1118 ut
722 1085 921 1132 serpens
960 1086 1061 1118 non
1099 1072 1300 1131 virtute,
1341 1070 1428 1117 sed
1465 1086 1654 1118 veneno
1695 1070 1912 1131 confidit,

216 1146 288 1192 ita
336 1148 386 1192 et
434 1145 550 1192 huic
596 1160 701 1192 non
749 1161 888 1192 arma
935 1144 998 1191 ad
1045 1144 1337 1206 capiendam
1383 1144 1668 1204 victoriam,
1716 1144 1801 1191 sed
1838 1145 1912 1191 in-
1983 1133 1990 1154 ³

217 1218 367 1266 sidias
422 1219 608 1268 adserit
662 1219 906 1280 profuisse
961 1234 1050 1266 nec
1103 1233 1342 1280 umquam
1395 1218 1447 1264 in
1497 1218 1702 1280 proeliis
1750 1219 1913 1265 visum
1982 1276 1987 1282 ,-

215 1293 310 1340 nisi
356 1295 475 1340 tunc
523 1308 637 1340 cum
683 1292 859 1340 alienis
907 1292 1033 1340 dolis
1081 1294 1348 1354 procurata
1395 1292 1606 1340 victoria
1646 1293 1732 1339 est.
1810 1307 1914 1340 aaa

215 1369 384 1426 inqens
414 1367 653 1427 Periphas
685 1371 727 1415 et
760 1380 990 1426 equorum
1022 1368 1230 1426 agitator
1260 1364 1483 1421 Achillis,
1517 1368 1728 1426 armiger
1759 1364 1912 1414 Aato·
1936 1382 1970 1414 1

215 1441 401 1496 medon,
434 1457 538 1489 mea
569 1443 725 1488 omnis
756 1439 929 1502 Scyria
952 1441 1132 1500 pubes:
1172 1456 1339 1487 omnes
1380 1441 1468 1487 isti
1509 1440 1628 1501 quid
1659 1439 1915 1487 faciebant

221 1516 308 1576 qui
359 1515 519 1563 iuncti
572 1516 770 1563 fuerant
823 1513 1049 1576 Pyrrho?
1126 1515 1407 1570 succedant,
1461 1516 1649 1575 inquit,
1705 1517 1818 1562 tecto
1873 1517 1917 1561 et
1980 1510 1990 1571 ,Ι

215 1591 444 1647 flammas
484 1590 549 1636 ad
588 1590 805 1637 culmina
839 1591 1048 1637 iactant:
1087 1589 1326 1636 virtutem
1358 1587 1478 1635 dicit
1511 1590 1767 1650 artemque
1796 1588 1914 1635 mit·
1966 1606 1982 1645 q.

216 1665 430 1711 tent-ium
475 1663 700 1711 flammas
750 1679 807 1710 ex
851 1663 1085 1710 inferiore
1124 1664 1268 1724 parte
1308 1661 1371 1709 ad
1410 1662 1655 1710 altissima
1695 1662 1914 1710 culmina
1968 1682 1983 1730 ᾗ

128 1741 214 1780 480
230 1739 488 1785 tectorum.
550 1739 653 1797 ipsc
690 1739 817 1785 inter
844 1739 1037 1796 primos
1075 1740 1296 1796 correpta
1334 1737 1464 1783 dara
1504 1738 1701 1796 bipenni
1740 1737 1912 1784 limina

207 1813 507 1871 perrumpit:
562 1814 790 1873 correpta
834 1811 1040 1872 bipenni
1084 1810 1178 1858 hoc
1225 1813 1300 1859 est
1345 1811 1669 1871 properanter
1708 1809 1915 1872 bipenni
1962 1851 1963 1855 ,

216 1886 363 1946 rapta
408 1884 762 1948 perrumpebat
808 1885 934 1932 dura
981 1885 1157 1932 limina
1210 1885 1304 1932 hoc
1359 1886 1434 1932 est
1488 1885 1642 1931 fortia
1690 1886 1739 1931 et
1786 1899 1914 1946 quae
1956 1878 1982 1937 ‘J

217 1959 363 2006 facile
405 1961 630 2020 superari
659 1975 761 2007 non
791 1960 1007 2022 possent.
1062 1960 1229 2020 potest
1258 1961 1429 2006 tamen
1459 1957 1618 2006 videri
1649 1958 1915 2020 bipennem
1954 1950 1980 2015 ἴς

218 2033 394 2080 duram
441 2033 621 2081 dixisse
667 2034 759 2082 hoc
807 2035 882 2080 est
926 2033 1158 2080 idoneam
1205 2049 1331 2094 quae
1378 2034 1512 2079 tanti
1549 2032 1742 2080 roboris
1782 2033 1912 2079 fores

217 2122 536 2168 perrumpere
567 2108 834 2169 potuisset3
875 2107 1087 2168 denique
1129 2106 1322 2154 addidit
1350 2108 1603 2169 postisque
1642 2122 1674 2154 a
1713 2106 1915 2153 cardine
1942 2157 1981 2174 Ἴ,

218 2181 349 2228 vellit
385 2184 591 2237 aeratos,
630 2182 688 2228 ut
728 2182 992 2243 appareret
1031 2181 1207 2228 duram
1247 2181 1460 2242 speciem
1498 2179 1650 2228 fuisse
1692 2195 1914 2228 necessa·

218 2255 361 2315 riam,
402 2270 528 2315 quae
567 2254 857 2302 firmitatem
897 2257 1184 2303 aeratorum
1220 2255 1443 2316 postium
1473 2255 1642 2316 posset
1673 2255 1914 2302 evincere.
1953 2243 1977 2290 2¹

219 2330 412 2388 iamque
451 2330 611 2376 excisa
650 2330 783 2376 trabe
821 2330 970 2388 firma
1009 2330 1201 2377 cavavit
1236 2328 1412 2375 robora
1453 2332 1495 2375 ct
1532 2329 1771 2387 inqentem
1817 2328 1915 2375 lato
1954 2330 1969 2367 ·ἱΙ

219 2402 350 2450 dedit
393 2415 475 2449 ore
520 2404 806 2462 fenestram:
856 2417 964 2450 ecce
1013 2404 1255 2464 quantum
1301 2402 1465 2450 valuit
1503 2402 1732 2463 bipennis
1771 2401 1915 2448 forti-

219 2475 358 2536 tudo,
395 2477 519 2523 vicit
559 2476 691 2538 quod
722 2476 994 2538 putabatur
1025 2476 1159 2524 vinci
1188 2492 1288 2524 non
1317 2491 1476 2538 posse.
1529 2475 1716 2523 adlusit
1749 2469 1944 2522 autem'

219 2549 279 2596 de
326 2549 453 2597 ostio
501 2549 567 2598 ad
610 2551 903 2611 fenestram,
958 2551 1176 2598 ceterum
1223 2565 1487 2598 cavernam
1534 2549 1693 2596 dicere
1742 2547 1922 2596 debuit

219 2623 416 2671 factam.
480 2623 533 2670 in
565 2625 709 2684 ostio,
739 2625 918 2686 inqu-it,
950 2625 1167 2672 fenestra
1199 2624 1332 2672 facta
1365 2628 1454 2685 est,
1486 2639 1585 2671 non
1617 2639 1715 2685 qua
1746 2623 1915 2684 posset

218 2698 355 2745 totus
393 2696 540 2745 homo
581 2697 645 2745 ad
683 2699 923 2746 interiora
961 2697 1266 2759 pertendere,
1298 2697 1382 2746 sed
1412 2713 1502 2758 per
1533 2712 1683 2758 quam
1714 2695 1952 2744 interim*

341 2825 398 2866 14
427 2827 492 2867 est
521 2822 609 2866 LR
641 2823 712 2866 ed.
746 2827 882 2867 esset?
1025 2828 1079 2866 15
1113 2824 1306 2868 achallis
1335 2822 1435 2866 LR.
1574 2827 1629 2865 21
1657 2835 1870 2878 perram
1889 2821 1900 2831 ⁶

219 2879 262 2922 R
285 2883 499 2938 perrupit
527 2881 564 2924 L
595 2896 639 2925 m
671 2895 898 2938 superscr.
931 2895 1054 2926 man.
1085 2881 1142 2927 Π.
1282 2887 1337 2925 22
1364 2881 1723 2938 perrumpebant
1752 2880 1824 2924 ed.
1923 2895 1930 2918 -2

222 2943 276 2982 32
308 2940 461 2996 inquit
490 2941 688 2995 fenestra
721 2940 807 2984 LR
838 2941 910 2985 ed.
941 2942 1031 2996 fen.
1065 2943 1191 2998 inqu.
1224 2956 1248 2985 r
1286 2942 1415 2998 (quia
1445 2941 1498 2984 in
1529 2941 1642 2986 ostio
1682 2939 1743 2982 ad
1783 2938 1929 2997 anta*

221 2997 437 3043 cedentia
466 2999 696 3057 retrahit).
