2014 3226
789 170 1090 214 AENEIDOS
1123 171 1142 213 Ι
1740 170 1810 223 53

121 314 199 359 tot
243 311 417 358 funera
461 312 623 373 passis
671 313 872 359 cunctus
921 310 981 358 ob
1030 310 1234 357 Italiam
1272 313 1516 358 terrarum
1565 310 1812 358 clauditur

123 384 273 447 orbis,
332 385 463 446 quod
518 385 579 432 ad
625 383 677 430 id
722 384 984 447 redigitur,
1039 387 1095 431 ut
1140 400 1228 432 nec
1276 384 1574 432 consistendi
1629 384 1811 432 alicubi

124 459 350 507 Troianis
395 461 614 520 potestas
662 458 728 506 sit
774 473 863 505 nec
903 458 966 504 ad
1004 458 1207 505 Italiam
1245 458 1577 519 perveniendi.
1655 461 1810 505 terra-

120 550 230 580 rum
285 532 530 580 clauditur
580 531 732 580 orbis:
796 547 907 580 cum
951 535 1185 594 negatur,
1239 533 1423 594 inquit,
1477 533 1631 580 totius
1681 531 1810 580 orbis

77 625 96 659 5
120 608 255 654 terra
293 622 382 654 nec
423 606 486 654 ad
525 605 728 653 Italiam
766 605 995 653 veniendi
1033 609 1254 667 potestas
1296 610 1391 668 est,
1432 606 1552 668 quid
1590 610 1812 668 superest

119 680 215 727 nisi
262 683 318 727 ut
363 680 415 727 in
461 679 690 727 fluctibus
739 695 931 741 semper
978 679 1325 743 exagitentur?
1403 684 1523 728 certe
1567 681 1679 727 hinc
1716 680 1813 726 Ro-

118 768 289 803 manos
335 756 447 801 olim
495 755 790 802 volventibus
831 755 989 808 annis,
1028 755 1140 801 hinc
1176 756 1282 813 fore
1320 755 1537 802 ductores
1575 758 1790 802 revocato
1810 759 1894 798 235

120 843 150 875 a
190 830 428 888 sanquine
470 829 644 875 Teucri
684 830 766 887 qui
804 842 955 883 mare,
996 830 1079 887 que]
1118 832 1273 875 terras
1313 830 1445 876 omni
1475 830 1660 876 dicione
1691 831 1813 875 tene-

119 906 224 949 rent
246 902 521 961 pollicit-us:
555 902 786 950 convenit
818 918 930 950 eum
963 917 1021 949 ex
1051 901 1146 949 fide
1178 902 1359 950 veteris
1391 902 1639 964 promissi,
1661 902 1814 950 immo

55 994 98 1027 10
123 977 290 1037 potius
339 978 572 1037 antiquae
619 975 1011 1038 pollicitationis.
1087 979 1234 1038 turpe
1281 979 1354 1024 est
1401 978 1533 1023 enim
1584 976 1815 1024 decedere

124 1050 183 1098 de
237 1050 354 1110 fide,
408 1050 752 1111 turpissimum
806 1050 961 1098 cuivis
1017 1049 1201 1097 dictam
1255 1054 1447 1098 mutare
1503 1050 1815 1110 sententiam,

126 1127 311 1185 quanto
358 1124 518 1188 magis
567 1125 770 1172 deorum
812 1127 859 1171 et
898 1124 1155 1171 hominum
1192 1124 1321 1188 regi,
1370 1124 1455 1186 qui
1502 1141 1644 1172 omne
1686 1123 1816 1185 quod

39 1208 42 1210 '
124 1198 363 1259 loquitur,
403 1198 535 1260 quod
574 1198 784 1260 spondet
824 1198 1098 1246 sententiae
1136 1198 1348 1246 retinere
1390 1198 1568 1246 debeat
1608 1197 1816 1260 pondus,

126 1272 206 1319 vel
253 1271 467 1320 maxime
511 1274 563 1319 in
611 1288 670 1320 ea
718 1288 866 1321 causa
912 1272 964 1320 in
1011 1288 1110 1334 qua
1154 1271 1287 1319 filiae
1337 1276 1385 1320 et
1423 1273 1618 1334 nepotis
1656 1276 1817 1320 verte-

59 1364 100 1398 15
124 1345 272 1394 batur
304 1346 627 1394 commodum.
685 1346 907 1408 sequitur
939 1361 1062 1405 quae
1086 1350 1142 1402 tc,
1164 1349 1364 1406 yeniton
1389 1349 1624 1395 sementia
1646 1347 1816 1394 vertit?

124 1419 292 1482 posuit
330 1423 443 1482 post
481 1420 612 1483 regis
652 1436 831 1468 nomen
872 1420 1024 1468 etiam
1061 1420 1245 1483 patris,
1291 1423 1348 1469 ut
1387 1423 1628 1485 appareat
1671 1420 1816 1467 illum

123 1493 377 1555 publicam
431 1494 779 1557 privatamque
834 1510 1101 1557 personam
1147 1495 1445 1543 retinentem
1495 1511 1594 1543 non
1641 1494 1816 1543 debere

126 1568 296 1630 aliqua
334 1568 572 1631 perfidiae
609 1569 975 1631 permutatione
1013 1568 1281 1616 transduci.
1353 1569 1611 1618 ordinatur
1650 1572 1816 1616 autem

127 1657 297 1690 sensus
336 1642 430 1691 hoc
469 1643 637 1690 modo:
694 1645 824 1691 certe
862 1643 978 1690 hinc
1016 1643 1266 1691 Romanos
1306 1642 1618 1692 volventibus
1660 1643 1817 1705 annis,

49 1733 99 1766 20
127 1716 214 1778 qui
245 1732 397 1778 mare,
430 1716 516 1779 qui
545 1720 704 1764 terras
735 1720 968 1765 revocato
1009 1733 1039 1765 a
1078 1718 1318 1780 sanguine
1349 1717 1527 1765 Teucri
1570 1717 1704 1765 omni
1744 1717 1817 1763 di-

124 1790 263 1838 cione
296 1792 537 1851 tenerent,
571 1791 692 1839 olim
722 1791 989 1853 pollicitus.
1042 1794 1275 1840 revocato
1308 1808 1336 1838 a
1370 1792 1607 1855 sanguine
1640 1791 1817 1839 Teucri

123 1863 247 1925 ideo,
282 1864 519 1926 quoniam
551 1865 736 1913 Teucer
767 1865 925 1913 Italus
955 1868 1251 1927 pervenerat
1281 1866 1346 1913 ad
1377 1866 1579 1914 Troiam
1615 1865 1817 1927 eiusque

126 1938 369 2002 originem
416 1955 473 1987 eo
518 1939 794 1987 redituram
838 1939 1093 2002 pollicitus
1147 1941 1310 1988 fuerat
1356 1939 1594 2003 Iuppiter.
1667 1939 1815 2001 polli-

125 2013 251 2060 citus
290 2012 475 2074 inquit3
515 2013 901 2076 pollicitationes
934 2014 1065 2060 enim
1096 2017 1267 2062 tenent
1298 2012 1588 2075 debitorem,
1620 2014 1817 2062 etiamsi

51 2101 98 2137 25
123 2086 252 2134 nolit
289 2087 538 2150 exolvere,
587 2089 833 2149 promissa
871 2103 988 2136 vero
1035 2088 1086 2135 in
1127 2087 1333 2136 arbitrio
1373 2089 1490 2137 sunt
1525 2088 1692 2150 posita
1729 2103 1815 2135 vo-

76 2218 78 2220 ,
123 2159 271 2208 lentis
314 2161 393 2208 vel
432 2161 601 2209 inviti:
654 2162 864 2223 proinde
901 2163 1151 2210 tractatur
1189 2165 1363 2210 contra
1399 2161 1814 2224 pollicitationem

41 2279 48 2286 ,
118 2249 216 2282 11011
273 2233 446 2282 debere
501 2236 801 2284 intervenire
847 2235 1129 2298 perfidiam,
1182 2236 1265 2285 vel
1309 2235 1523 2284 maxime
1570 2236 1623 2283 in
1671 2251 1812 2298 prae-

121 2308 248 2355 senti
288 2323 438 2357 causa
476 2308 529 2357 in
569 2325 667 2371 qua
705 2325 920 2371 persona
950 2309 1158 2359 deorum
1187 2310 1319 2374 regis
1352 2312 1496 2370 esset,
1526 2311 1666 2359 cuius
1699 2325 1812 2357 con-

119 2380 351 2430 veniebat
389 2382 538 2431 fixam
577 2398 682 2431 esse
721 2383 1034 2444 sententiam,
1065 2400 1127 2432 ne
1159 2385 1292 2446 quod
1322 2387 1396 2432 est
1426 2386 1559 2432 inter
1585 2384 1813 2432 homines

37 2457 97 2526 {m
118 2456 262 2518 turpe
310 2456 519 2518 aequius
565 2457 958 2519 reprehendatur
1000 2457 1053 2506 in
1102 2473 1157 2506 eo
1199 2458 1285 2521 qui
1324 2457 1528 2506 deorum
1567 2461 1618 2506 et
1654 2457 1809 2505 homi-

31 2545 50 2594 ῃ
118 2545 237 2576 1111111
267 2531 462 2579 teneret
498 2531 850 2594 principatum.
910 2532 1118 2581 verbum
1157 2532 1311 2580 vertit
1349 2535 1601 2595 sumptum
1641 2535 1714 2581 est
1753 2547 1810 2579 ex

237 2689 262 2727 2
303 2686 423 2742 quod
460 2687 524 2731 ad
561 2687 613 2731 id
629 2712 686 2719 —
702 2692 731 2731 4
762 2688 1000 2733 clauditur
1036 2688 1159 2733 orbis
1197 2701 1284 2732 om.
1327 2687 1370 2731 R
1416 2687 1523 2732 add.
1563 2687 1612 2731 in
1659 2700 1810 2744 marg.

118 2743 348 2788 secundus
381 2747 612 2790 corrector
643 2744 726 2803 (r‘).
819 2751 950 2789 4-5
982 2748 1124 2791 totius
1154 2747 1276 2792 orbis
1306 2752 1430 2792 terra
1460 2746 1547 2790 LR
1578 2745 1659 2790 edI
1690 2750 1811 2790 totus

32 2819 36 2855 '.
118 2803 239 2847 orbis
269 2809 494 2848 terrarum
525 2805 635 2848 edF.
770 2810 795 2848 9
828 2820 928 2849 eum
960 2805 1046 2848 LR
1078 2806 1128 2850 id
1160 2806 1232 2850 ed.
1374 2810 1427 2850 12
1461 2819 1588 2850 cmm
1617 2804 1704 2848 LR
1735 2805 1806 2849 ed.

35 2898 38 2902 ,
117 2861 170 2904 in
199 2863 352 2907 omni?
446 2867 499 2906 13
533 2863 658 2908 debet
687 2864 759 2908 ed.
854 2868 908 2908 19
940 2870 1126 2909 certe—
1145 2869 1197 2909 21
1218 2865 1456 2922 pollicitus
1485 2866 1662 2909 temere
1690 2867 1805 2908 mut.

32 2948 57 2974 v„
118 2919 191 2964 ed..
341 2925 398 2965 22
429 2922 854 2980 Italus-eiusque
886 2922 1094 2980 corrupit
1120 2923 1196 2968 ed.
1346 2927 1402 2968 28
1433 2923 1621 2968 deorum
1651 2922 1737 2967 LR
1768 2930 1815 2982 etz

116 2978 350 3024 hominum
381 2980 488 3025 add.
518 2979 570 3025 r'.
694 2987 748 3026 31
783 2987 949 3028 teneret
978 2981 1066 3027 ΒΕ,
1096 2983 1167 3027 ed.
1201 2987 1351 3028 tenet?
