2014 3226
221 208 329 260 358
691 205 921 249 DONATI
952 205 1230 249 INTERPR.
1264 206 1440 250 VERG.
1965 177 1976 256 1
2013 266 2014 280 ἢ

217 350 385 396 miseri
414 350 528 406 post
565 348 672 406 fata
703 345 905 405 Sychaei
944 346 1159 405 eoniuyis
1199 349 1242 394 et
1276 360 1475 405 sparsos
1513 348 1737 405 fraterna
1767 349 1909 396 caede

213 423 407 481 penatis
452 422 584 467 solus
630 421 706 467 hie
751 420 939 477 inflexit
981 433 1152 466 sensns
1200 421 1510 479 animamque
1553 422 1794 469 labantem
1831 424 1906 470 in-

210 497 364 554 pulit:
404 508 606 555 aynoseo
638 494 809 541 veteris
840 494 1041 553 vestiyia
1071 495 1324 551 flammae:
1362 510 1533 541 verum
1566 510 1626 542 ne
1657 496 1754 542 ista
1794 511 1907 543 con-

219 570 365 616 fessio
397 567 798 628 reprehensibilis
830 569 1119 626 remaneret,
1153 566 1386 614 adnexuit
1416 569 1776 628 iusiurandum,
1810 585 1906 630 quo

221 643 315 690 sibi
360 642 501 688 binas
548 642 749 702 nuptias
795 641 1043 688 horruisse
1089 640 1329 688 firmaret:
1379 642 1463 689 sed
1500 643 1620 690 milii
1657 643 1731 690 vel
1769 643 1906 691 tellas

128 722 184 761 25
218 720 371 776 optem
406 718 555 775 prins
601 717 703 763 ima
749 714 962 762 dehiscat
1005 714 1079 762 vel
1108 718 1254 774 pater
1292 717 1589 775 omnipotens
1628 716 1797 776 adiyat
1832 731 1906 765 me

215 791 420 850 fulmine
453 790 518 837 ad
548 789 763 843 umbrae,
795 789 1028 847 pallentis
1066 789 1267 836 umbras
1300 789 1452 837 Erebi
1488 793 1760 850 noctemque
1789 805 1906 849 pro-

213 864 445 923 fundam,
493 866 623 916 ante,
656 862 837 922 pudor,
876 877 1024 922 qaam
1062 866 1103 909 te
1141 863 1266 910 violo
1306 867 1392 910 aut
1430 866 1516 911 tna
1554 866 1671 912 iura
1707 864 1905 912 resolvo.

213 937 438 986 confessa
485 953 614 996 sum,
654 937 840 997 inquit,
881 937 939 982 de
981 951 1169 996 amore,
1214 936 1299 983 sed
1338 937 1514 984 melius
1553 937 1811 999 proveniet
1849 941 1906 986 ut

214 1014 328 1058 ante
376 1011 598 1058 dehiscat
643 1013 777 1057 terra
825 1012 873 1057 et
911 1026 989 1056 me
1028 1011 1239 1072 recipiat
1279 1013 1366 1058 aut
1404 1011 1536 1059 Iovis
1576 1003 1784 1059 fulmine
1823 1012 1904 1059 de-

213 1086 388 1132 mittar
432 1086 486 1132 in
533 1085 820 1144 Tartarum,
876 1100 1027 1145 quam
1081 1100 1171 1146 ego
1226 1084 1429 1146 pudoris
1475 1085 1608 1149 leges
1660 1088 1748 1133 aut
1793 1087 1904 1134 iura

213 1159 496 1207 dissolvam.
573 1159 655 1207 ille
699 1172 848 1213 meOS,
887 1160 1084 1217 primas
1124 1160 1208 1218 qni
1246 1173 1320 1205 me
1357 1160 1451 1206 sibi
1487 1161 1669 1215 ianoeit,
1717 1174 1903 1208 amores

213 1234 424 1288 abstulit,
463 1234 545 1281 ille
581 1233 756 1280 habeat
792 1247 953 1280 seeum
990 1235 1234 1292 servetque
1271 1234 1548 1292 sepulchro:
1595 1234 1706 1295 ipsa
1746 1235 1904 1282 sorori

212 1322 330 1355 suae
368 1308 503 1355 viam
542 1307 848 1354 necessariae
887 1307 1219 1367 persuasionis
1260 1307 1490 1366 ostendit,
1529 1308 1586 1354 ut
1625 1307 1758 1368 quod
1797 1310 1902 1355 erat

211 1381 406 1428 factura
447 1381 628 1428 amoris
668 1381 870 1442 inpulsu
908 1380 1111 1427 hortatu
1150 1380 1308 1443 magis
1343 1381 1502 1428 alieno
1536 1383 1706 1428 coacta
1738 1382 1900 1430 facere

209 1455 474 1502 videretur.
546 1455 616 1502 ait
656 1455 807 1502 semel
846 1455 1007 1515 nupsi,
1045 1453 1229 1501 habeat
1266 1454 1351 1502 ille
1390 1456 1614 1502 mortuus
1653 1455 1772 1503 licet
1809 1472 1897 1517 pu-

210 1529 342 1577 doris
381 1530 481 1576 mei
518 1530 713 1592 pignus,
756 1529 842 1589 qui
880 1527 1004 1574 mihi
1042 1527 1212 1575 florem
1251 1528 1558 1591 virginitatis
1598 1530 1804 1590 eripuit,
1851 1531 1901 1577 et

210 1618 375 1651 secum
406 1603 589 1651 habeat
621 1619 677 1650 ac
708 1619 796 1651 suo
829 1602 1088 1663 sepulchro
1121 1605 1389 1650 conservet.
1455 1603 1548 1650 hoc
1588 1605 1662 1650 est
1701 1602 1899 1664 oblique

210 1677 370 1725 dicere
412 1677 534 1738 quid
572 1677 794 1724 dubitem
833 1675 1032 1736 nubere,
1064 1691 1175 1723 cum
1207 1676 1414 1724 alterius
1446 1678 1646 1738 nuptias
1678 1677 1899 1738 sepultus
1981 1709 1987 1714 -

209 1751 292 1798 ille
331 1767 420 1799 nec
458 1750 624 1799 videre
664 1751 824 1812 possit
861 1765 950 1797 nec
990 1750 1258 1811 aliquando
1298 1749 1514 1799 sentire?
1587 1750 1720 1812 quod
1758 1766 1898 1812 prae·
1981 1811 1983 1814 ι

209 1825 414 1886 cipuum
459 1825 611 1873 habui
658 1826 790 1872 tulit.
868 1823 1086 1872 sufficiat
1125 1825 1171 1871 ei
1208 1824 1514 1888 virginitatis
1559 1840 1697 1872 meae
1737 1825 1898 1885 decus,
1993 1831 1994 1837 ’

207 1899 460 1960 relinquat
490 1899 692 1947 viduam
723 1898 1099 1947 necessitatibus
1132 1899 1247 1946 suis.
1295 1900 1494 1946 etiamsi
1518 1898 1710 1961 aliquid
1734 1900 1898 1959 sentit,

208 1973 428 2035 coniugii
465 1974 624 2022 nostri
663 1972 1054 2022 sacratissimum
1091 1988 1267 2020 nomen
1301 1974 1352 2020 et
1381 1971 1528 2020 fidem
1559 1972 1781 2020 maritali
1817 1972 1897 2020 de-

206 2046 363 2093 bitam
403 2050 512 2096 toro
552 2063 683 2096 mors
722 2047 886 2094 media
925 2045 1142 2106 sustulit,
1181 2062 1313 2094 mors
1353 2046 1549 2095 delevit.
1623 2048 1898 2094 novitatem

207 2120 457 2182 quandam
502 2121 638 2168 illius
685 2121 976 2183 procuravit
1019 2135 1253 2168 excessus.
1333 2120 1581 2182 superflua
1618 2121 1896 2168 reverentia
1926 2130 1932 2135 '

205 2195 379 2256 procul
426 2194 670 2243 abscedat.
747 2194 822 2243 vis
869 2195 1029 2242 maior
1067 2196 1224 2257 urget,
1263 2196 1339 2242 vis
1377 2194 1706 2242 intolerabilis
1747 2195 1894 2258 cogit.
1926 2253 1931 2262 ἱ

205 2268 391 2329 inpune
438 2268 638 2316 secundi
685 2269 905 2331 coniugii
951 2269 1153 2316 fortuna
1199 2268 1467 2330 suscipitur
1506 2271 1576 2328 et,
1624 2269 1667 2317 si
1705 2267 1896 2330 aliquid
1922 2279 1926 2330 J

116 2345 175 2386 30
207 2343 388 2398 sentire
411 2358 596 2403 „manes
634 2345 858 2404 possunt,
897 2343 1082 2404 inpune
1120 2343 1366 2404 peccatur.
1435 2344 1506 2390 sie
1547 2343 1694 2402 effata
1730 2344 1894 2396 simam
1926 2333 1931 2340 ’

206 2416 424 2464 lacrimis
466 2417 669 2476 inplevit
712 2417 915 2464 obortis:
966 2415 1118 2476 fudit,
1156 2417 1342 2477 inquit,
1381 2417 1496 2477 post
1533 2415 1684 2464 verba
1721 2415 1894 2464 uberes

206 2489 460 2549 lacrimaS,
498 2489 577 2538 vel
618 2490 750 2551 quod
787 2491 966 2538 veteris
1007 2489 1188 2537 amoris
1226 2489 1565 2538 recordatione
1603 2489 1894 2538 movebatur

209 2563 285 2611 vel
330 2563 464 2625 quod
511 2563 783 2627 urgebatur
828 2563 1018 2612 efficere
1067 2563 1201 2624 quod
1247 2565 1411 2612 animo
1453 2566 1716 2625 respuente
1756 2562 1892 2616 dam·
1975 2592 1994 2616 «,

204 2639 426 2685 naverat.
514 2637 717 2686 obortae
772 2639 887 2685 sunt
939 2637 1194 2699 lacrimae,
1249 2637 1342 2685 hoc
1395 2639 1470 2685 est
1523 2637 1686 2686 subito
1740 2635 1915 2698 ortae,

323 2782 350 2822 5
395 2778 485 2822 sibi
529 2779 583 2821 in
627 2778 816 2834 nuptias
854 2778 940 2821 LR
985 2778 1076 2822 sibi
1121 2778 1254 2822 binas
1298 2791 1345 2822 n.
1384 2791 1469 2822 nos
1517 2777 1574 2822 cf.
1610 2782 1650 2832 1,
1673 2781 1758 2821 720
1803 2775 1907 2827 είὺί
1979 2782 1982 2783 ’

198 2837 394 2892 nuptias
421 2851 447 2880 r
477 2836 556 2882 ed.·
714 2841 738 2880 7
770 2837 958 2892 flumine
989 2836 1077 2880 LR
1106 2836 1248 2894 (infra
1277 2837 1434 2893 recte).
1600 2840 1627 2880 8
1658 2836 1819 2881 violem
1834 2856 1889 2871 -·-

202 2896 422 2940 resolvam
461 2895 532 2940 ed.
689 2900 742 2939 12
781 2909 907 2940 meus
943 2895 1030 2939 LR
1069 2909 1183 2940 corr.
1215 2910 1250 2942 r.
1309 2896 1316 2954 Ι
1373 2896 1543 2940 amoris
1579 2895 1666 2939 LR·
1707 2908 1822 2939 corr.
1851 2895 1910 2939 ras

295 2958 350 2997 13
381 2955 550 3000 sormi-s
579 2954 628 2998 L.
783 2959 838 2998 16
871 2955 973 3000 licet
1003 2967 1091 3010 om.
1117 2954 1199 2999 edI
1228 2955 1435 3011 quamvis
1464 2960 1670 3000 mortuus
1698 2953 1808 2998 edF.

198 3017 261 3056 26
292 3013 556 3058 abscedebat
585 3013 656 3058 ed.
