2014 3226
172 165 280 217 242
639 163 869 206 DONATI
899 163 1179 206 INTERPR.
1213 162 1392 206 VERG.

294 306 387 353 Vix
440 320 496 352 ea
550 306 684 364 fatus
740 307 843 351 erat
895 305 1072 358 senior,
1121 304 1369 362 subitoque
1414 304 1610 363 frayore
1655 305 1867 351 intonuit

84 385 171 424 694
187 380 378 427 laevum
418 382 459 426 et
498 379 555 425 de
594 378 722 426 caelo
763 378 906 436 lapsa
936 392 1030 436 per
1068 378 1269 424 umbras
1307 377 1445 424 stella
1483 379 1639 436 facem
1686 377 1866 424 ducens

172 454 326 501 multa
365 468 473 500 eum
512 452 615 499 luce
653 453 891 499 cucurrit:
929 452 1140 513 tantum,
1179 451 1360 512 inquit,
1391 451 1548 511 patris
1588 452 1687 498 mei
1724 451 1867 499 iuxta

173 527 376 574 deorum
423 526 611 572 cultum
656 525 892 572 meritum
938 525 1056 583 fuit,
1103 527 1163 571 ut
1202 540 1312 572 cum
1351 525 1460 585 ipso
1502 524 1862 585 deprecationis

172 601 265 646 fine
314 602 441 648 esset
488 599 710 660 auditus3
765 615 881 646 nam
929 600 977 645 et
1023 598 1242 646 intonuit
1288 599 1487 645 laevum
1531 601 1581 645 et
1620 599 1764 646 stella
1805 599 1864 646 de
1909 615 1931 648 5

173 675 295 721 caeli
341 672 567 734 partibus
614 673 758 734 lapsa
804 672 1022 720 ostendit
1063 673 1286 719 futuram
1323 671 1573 719 laetitiam
1610 688 1776 719 rerum
1816 674 1866 719 et

170 747 394 810 rogantis
434 762 600 809 preces
642 747 851 794 auditas.
931 745 1063 807 quod
1104 749 1273 794 autem
1313 746 1438 793 dixit
1476 747 1687 806 laevum,
1721 746 1865 794 debet

170 823 262 868 hoc
300 821 407 868 loco
447 835 739 882 prosperum
775 820 1022 883 intellegi3
1061 836 1178 867 nam
1219 821 1323 867 eius
1355 821 1408 867 in
1438 821 1532 868 hac
1565 835 1713 868 causa
1744 820 1865 868 haec

171 898 246 942 est
290 896 442 942 ratio:
504 895 648 942 laeva
694 895 748 941 in
796 894 908 942 aliis
957 894 1207 942 contraria
1255 893 1623 958 significantur,
1662 895 1719 940 ut
1756 895 1863 955 ipse

170 969 422 1031 Vergilius
463 969 562 1016 alio
602 969 711 1016 loco
752 961 827 1033 (8,
846 961 977 1034 302)
1018 970 1206 1029 posuit:
1248 970 1328 1029 „et
1364 967 1500 1029 nos“,
1541 967 1626 1028 ait,
1666 971 1744 1028 „et
1774 970 1864 1015 tua
1888 984 1934 1017 ιο
1983 939 1987 975 ³

170 1043 338 1090 dexter
378 1042 461 1089 adi
498 1042 622 1104 pede
656 1058 795 1090 sacra
827 1040 1085 1090 secundo“.
1149 1041 1191 1089 si
1223 1043 1356 1090 enim
1387 1042 1558 1090 dexter
1588 1057 1674 1103 pes
1707 1041 1864 1090 bonus
1985 1043 1988 1047 ’

171 1119 258 1178 est,
297 1117 471 1179 procul
511 1116 660 1163 dubio
702 1117 903 1164 sinister
940 1117 1101 1164 malus
1136 1116 1448 1178 accipiendus
1481 1118 1567 1164 est.
1626 1117 1679 1162 in
1710 1116 1865 1164 sacris

170 1193 340 1238 autem
379 1192 534 1253 signis
569 1190 754 1238 idcirco
786 1205 1024 1252 prospera
1056 1189 1370 1251 accipiuntur
1401 1206 1527 1251 quae
1561 1192 1675 1238 sunt
1706 1191 1865 1250 laeva,

171 1265 288 1326 quia
327 1264 651 1313 sacrificantis
690 1265 771 1312 vel
809 1265 1058 1326 precantis
1097 1264 1230 1312 latus
1268 1265 1467 1312 laevum
1503 1264 1758 1311 dexterum
1790 1267 1865 1312 est

170 1340 272 1387 eius
313 1339 400 1400 qui
437 1338 692 1400 postulata
731 1339 957 1401 largitur.
1015 1339 1092 1386 hie
1121 1352 1232 1385 vero
1264 1340 1417 1386 vietus
1445 1340 1632 1397 ,aeuitor
1662 1353 1712 1386 se
1743 1339 1867 1386 tollit
1888 1353 1933 1387 15

83 1417 165 1456 700
185 1413 250 1460 ad
289 1427 442 1460 auras
482 1413 778 1472 adfaturque
816 1412 927 1459 deos
967 1415 1008 1459 et
1045 1416 1268 1460 sanetum
1305 1413 1445 1460 sidus
1485 1413 1684 1460 adorat:
1719 1414 1866 1473 pater
1981 1467 1989 1489 ὁ

168 1502 321 1547 meus,
354 1488 441 1547 qui
471 1502 630 1548 neque
662 1486 859 1534 fletibus
891 1487 1076 1533 nostris
1109 1486 1297 1533 dudum
1327 1501 1417 1533 nec
1448 1485 1676 1548 precibus
1708 1485 1865 1533 flexus
1984 1493 1989 1540 Ι,

169 1563 258 1621 est,
296 1561 373 1608 his
412 1560 531 1608 visis
573 1561 808 1608 adsensus
847 1563 897 1607 et
927 1559 1090 1608 victus
1124 1562 1198 1608 est
1230 1562 1280 1608 et
1311 1561 1502 1623 gratias
1535 1559 1639 1623 egit
1671 1561 1865 1621 superis
1988 1555 1990 1571 ³

169 1637 219 1682 et
255 1635 439 1683 reiecta
478 1634 644 1696 priore
683 1635 931 1683 sententia
971 1634 1105 1695 quod
1142 1634 1401 1682 nobiscum
1437 1635 1509 1682 ire
1548 1635 1700 1682 vellet
1730 1634 1863 1682 ultro
1967 1691 1970 1694 Α

168 1711 379 1757 testatus
420 1710 495 1756 est
534 1708 700 1756 dicens
739 1710 843 1757 iam
879 1710 983 1756 iam
1019 1709 1163 1756 nulla
1199 1722 1339 1756 mora
1379 1711 1459 1764 est,
1489 1722 1663 1768 sequor
1694 1712 1738 1756 et
1766 1723 1864 1768 qua
1887 1726 1970 1759 ποῖ-(κ,

169 1783 344 1831 ducitis
384 1784 574 1839 adsum,
613 1784 686 1830 dit
715 1784 899 1842 patrii:
936 1783 1156 1844 primum
1195 1782 1322 1829 dixit
1360 1797 1539 1844 sequor
1578 1784 1628 1830 et
1658 1783 1728 1831 sic
1765 1798 1868 1844 qua
1963 1777 1967 1779 ¹

170 1856 351 1904 ducitis
399 1856 598 1917 adsum,
646 1872 757 1904 cum
802 1857 1020 1919 primum
1059 1858 1126 1904 sit
1164 1856 1362 1917 ducere,
1402 1855 1670 1904 secundum
1708 1858 1864 1918 sequi.
1955 1862 1971 1928 ’κ

170 1930 255 1978 sed
301 1930 530 1978 ordinato
578 1946 725 1978 sensu
772 1931 1061 1994 corrigitur,
1107 1932 1166 1977 ut
1204 1932 1271 1978 sit
1311 1946 1412 1992 qua
1450 1947 1528 1977 me
1567 1930 1749 1978 ducitis
1789 1946 1865 1978 se·

171 2020 312 2065 quor,
350 2003 422 2051 dii
458 2006 626 2066 patrii.
702 2008 889 2053 servate
926 2005 1138 2060 domum,
1167 2008 1354 2053 servate
1390 2008 1622 2064 nepotem,
1651 2008 1864 2053 vestrum
1972 2059 1981 2061 -

167 2079 253 2126 hoe
292 2081 558 2138 auyuriu‘m
594 2082 842 2139 vestroque
879 2081 935 2126 iu
971 2080 1172 2127 numine
1215 2079 1365 2127 Troia
1404 2082 1497 2127 est:
1537 2095 1568 2126 a
1596 2078 1738 2126 vobis
1769 2078 1862 2127 hoc
1885 2080 1987 2139 25-{53

170 2153 435 2215 augurium
487 2154 663 2200 natum
717 2154 814 2214 est,
867 2154 1089 2200 vestrum
1144 2153 1219 2200 est
1271 2154 1403 2200 tueri
1457 2153 1591 2214 quod
1654 2154 1860 2216 agimus.
1959 2140 1987 2208 3

169 2226 280 2274 cedo
320 2226 537 2286 equidem
575 2241 676 2282 nee,
712 2229 841 2283 uate,
880 2227 967 2274 tibi
1005 2240 1158 2275 eomes
1195 2228 1268 2274 ire
1305 2240 1471 2274 recuso
1479 2243 1495 2273 .·
1533 2226 1756 2288 probavi,
1786 2227 1862 2274 in-
1958 2252 1967 2278 ᾗ

170 2300 293 2361 quit,
332 2299 506 2362 fugam
542 2302 699 2361 tuam,
737 2300 824 2361 fili,
863 2300 1069 2348 deorum
1106 2300 1365 2348 voluntate
1405 2300 1710 2361 descendere,
1743 2300 1864 2348 cedo

165 2372 444 2435 potioribus
483 2375 534 2421 et
570 2373 653 2422 ibo
695 2390 791 2436 quo
830 2374 1046 2423 volueris
1085 2390 1304 2438 pergere,
1334 2374 1659 2436 perseverabo
1699 2389 1863 2422 comes

78 2451 165 2492 ’105
181 2448 299 2495 tuus
337 2462 428 2494 nec
465 2462 679 2509 usquam
719 2463 750 2495 a
786 2449 876 2495 tua
915 2449 1152 2496 societate
1191 2448 1462 2512 disiungar.
1535 2449 1728 2496 dixerat
1763 2449 1860 2503 ille,

286 2563 312 2602 3
343 2558 508 2612 fratris
538 2557 625 2600 LR
657 2571 770 2602 corr.
803 2558 839 2601 L
871 2558 914 2602 11
944 2572 1066 2602 man.
1100 2574 1135 2603 r.
1257 2564 1286 2603 4
1317 2560 1417 2616 ipso
1447 2559 1486 2603 L
1519 2560 1624 2616 ipsa
1653 2558 1695 2602 R
1727 2558 1799 2604 ed.

166 2621 283 2661 4—5
315 2617 679 2673 deprecet-ationis
709 2618 878 2662 inesset
893 2618 981 2661 LR
1011 2619 1323 2674 deprecatione
1345 2619 1377 2662 i.
1403 2618 1500 2662 edF
1531 2618 1863 2674 deprecationis

165 2676 256 2731 fine
286 2681 395 2721 esset
424 2689 509 2720 nos
542 2675 599 2720 cf.
633 2680 674 2730 3,
700 2679 769 2720 96.
891 2681 918 2720 8
951 2678 1046 2722 loeo
1078 2691 1166 2721 om.
1193 2677 1264 2721 ed.
1395 2681 1420 2720 9
1453 2678 1744 2735 siqnifieatwr
1773 2677 1866 2720 LR,

167 2740 330 2780 -antur
366 2748 451 2778 nos
490 2734 567 2792 (cf.
601 2735 895 2792 accipiuntur
932 2735 1087 2792 infra).
1147 2738 1152 2792 Ι
1208 2741 1262 2781 ut
1290 2737 1388 2793 ipse
1405 2763 1458 2768 —
1480 2741 1535 2780 12
1568 2737 1860 2793 accipiendus

166 2799 230 2839 est
261 2808 348 2839 om.
375 2794 446 2838 ed.
553 2798 607 2837 13
638 2795 784 2852 siquis
814 2794 901 2838 LR
933 2795 1004 2839 ed.
1036 2801 1078 2840 et
1107 2796 1284 2853 siyuis?
1315 2796 1524 2852 (propter
1553 2795 1860 2850 sacrificantis

165 2854 234 2898 vel
256 2853 523 2910 precantis).
624 2857 678 2896 16
710 2854 773 2897 ad
803 2867 914 2898 aras
943 2853 987 2897 R
1017 2868 1131 2899 corr.
1163 2869 1198 2898 r.
1299 2858 1354 2897 21
1388 2859 1431 2898 et
1458 2855 1501 2899 si
1529 2853 1618 2897 LR
1646 2855 1690 2898 si
1721 2853 1811 2898 del.
1835 2868 1863 2896 r
1952 2894 1954 2900 ,

165 2914 232 2957 sie
261 2914 335 2969 (=
353 2912 522 2956 deinde
546 2913 600 2955 ut
624 2914 782 2969 saepe)
812 2926 911 2958 nos,
1004 2917 1061 2956 23
1085 2927 1152 2958 me
1176 2914 1344 2958 ducitis
1366 2913 1407 2956 L
1427 2914 1551 2958 educ.
1569 2912 1612 2955 R
1634 2927 1658 2956 r
1673 2934 1730 2950 ==
1747 2913 1797 2956 L.

167 2975 224 3015 24
246 2976 418 3017 servate
440 2972 622 3016 domum
646 2985 734 3016 om.
746 2971 818 3015 ed.
899 2975 956 3016 28
981 2972 1167 3018 deorwm
1181 2972 1218 3015 L
1241 2972 1296 3018 de
1318 2973 1526 3017 deorsum
1541 2972 1586 3015 R,
1607 2972 1662 3017 de
1685 2972 1804 3017 deor.
1820 2979 1869 3016 r:
1954 3010 1956 3014 .
