2014 3226
793 119 1094 163 AENEIDOS
1128 120 1146 161 Ι
1748 121 1811 171 71

123 262 344 310 homines
390 275 554 319 nosse,
602 262 840 307 nescienti
887 276 1003 323 ergo
1051 261 1172 307 bene
1223 261 1432 307 mentita
1474 263 1561 307 est.
1642 260 1815 307 dehinc

123 337 384 397 longarum
423 351 587 381 rerum
627 334 806 395 incipit
844 334 1007 382 brevis
1049 337 1097 382 et
1138 334 1377 381 concinna
1418 334 1661 394 narratio3
1717 351 1815 381 non

124 412 253 457 enim
292 408 463 455 debuit
501 409 693 455 Aeneas
735 407 823 455 sub
863 410 1054 455 incerto
1096 408 1284 455 diutius
1324 408 1549 468 detineri,
1582 424 1693 456 011111
1724 408 1815 455 hoc

124 486 172 531 et
214 483 319 544 ipse
366 483 516 529 vellet
559 485 609 529 et
649 482 963 530 desideraret.
1042 486 1202 530 mater
1240 482 1395 545 igitur
1435 498 1491 529 eo
1533 482 1702 530 ordine
1742 499 1815 530 re-

80 576 99 607 5
124 556 332 618 spondet
371 572 468 618 quo
509 556 834 618 interrogatio
875 557 1132 618 proposita
1172 559 1258 605 est.
1323 557 1394 603 ait
1435 557 1565 603 enim
1600 556 1686 603 ille
1720 573 1816 618 quo

123 631 212 678 sub
253 631 405 691 03010,
445 631 623 691 quibus
664 630 795 677 orbis
836 631 885 676 111
927 632 1039 690 oris,
1079 630 1262 677 idcirco
1303 631 1423 677 haec
1463 630 1590 677 dixit
1627 631 1815 678 Punica

121 719 272 764 remia
303 704 450 752 vides.
514 704 773 766 designato
814 705 923 752 1000
964 704 1086 751 dicit
1125 720 1381 764 personas:
1426 705 1599 764 Tyrios
1639 705 1816 766 inquit,

124 779 317 827 addidit
366 777 609 838 Ayenoris
663 780 853 833 urbem,
909 781 966 826 ut
1021 781 1171 826 etiam
1227 780 1493 838 superioris
1549 778 1817 826 conditoris

123 868 301 900 nomen
342 853 636 900 ostenderet.
699 854 783 900 sed
821 854 945 911 fines
982 853 1180 912 Libyci:
1219 853 1324 899 11110
1363 854 1494 900 0111111
1534 855 1818 900 occurrente

58 945 100 978 10
123 927 300 990 pelago
339 926 540 974 Africae
587 928 787 974 termini
836 943 894 973 ex
940 943 1037 974 uno
1085 927 1241 974 latere
1281 927 1592 974 clauduntur.
1666 941 1818 986 yenus

124 1001 450 1060 insuperabile
497 1001 638 1048 bello:
692 1001 986 1048 meminerat
1034 1002 1165 1048 enim
1205 1001 1455 1064 Vergilius
1504 1016 1553 1048 se
1602 1017 1659 1047 ex
1709 1017 1817 1062 per-

123 1091 243 1123 sona
268 1091 358 1122 sua
379 1075 559 1123 dixisse
579 1068 697 1140 (14)
717 1075 1023 1136 „studiisque
1049 1077 1319 1136 asperrima
1344 1073 1506 1122 1)0111“.
1546 1075 1626 1122 1110
1649 1077 1819 1122 tamen

123 1166 220 1198 non
261 1152 336 1196 est
373 1149 606 1211 repetitio
648 1150 866 1196 eiusdem
898 1149 984 1210 rei,
1018 1150 1254 1210 quoniam
1288 1151 1336 1196 et
1368 1149 1465 1196 (1101
1496 1164 1690 1196 1100οεεο
1722 1149 1819 1195 fuit

125 1227 175 1270 et
222 1239 279 1270 ex
318 1224 524 1270 alterius
563 1238 774 1285 persona
814 1239 943 1271 nunc
983 1223 1171 1270 dictum
1211 1225 1299 1270 est.
1376 1224 1633 1283 imperium
1673 1224 1804 1270 Dido
1822 1229 1909 1268 340

58 1316 98 1349 15
127 1298 278 1358 Tyria
323 1300 446 1357 reyit
490 1299 610 1345 urbe
647 1299 897 1357 profecta:
950 1298 1042 1345 hac
1092 1299 1324 1361 angustia
1364 1297 1625 1345 verborum
1665 1313 1820 1358 quan-

122 1375 227 1419 tam
257 1371 579 1419 latitudinem
610 1373 797 1420 tenuit!
858 1372 1097 1433 conplexa
1138 1374 1212 1419 est
1252 1371 1384 1419 enim
1424 1386 1657 1434 praesens
1697 1374 1819 1418 tem-

123 1461 214 1508 pus
255 1449 305 1494 et
342 1447 671 1508 praeteritum
711 1446 918 1495 dicendo
956 1446 1047 1493 ubi
1086 1447 1151 1494 sit
1186 1449 1236 1493 et
1266 1445 1396 1493 unde
1428 1447 1632 1494 venerit.
1696 1445 1822 1492 dixit

124 1535 250 1582 quae
281 1523 543 1568 vocaretur
575 1523 624 1568 et
656 1520 776 1582 quid
809 1523 978 1585 ageret
1012 1536 1139 1582 quae
1172 1520 1278 1567 11110
1308 1519 1512 1567 tenebat
1543 1519 1819 1581 imperium.

124 1594 387 1656 conpendii
426 1597 594 1642 autem
633 1610 797 1655 causa,
837 1612 897 1642 ne
936 1594 1412 1658 interrogationibus
1451 1596 1500 1641 et
1545 1595 1822 1655 responsio-

57 1685 100 1719 20
123 1668 267 1717 nibus
306 1669 418 1730 plus
464 1684 612 1730 quam
652 1684 848 1718 necesse
895 1670 1060 1716 fuerat
1107 1671 1322 1716 tererent
1368 1670 1564 1730 tempus
1613 1670 1662 1715 et
1707 1684 1819 1730 pro-

122 1743 275 1790 lixum
314 1742 455 1790 fieret
494 1743 627 1804 quod
665 1746 862 1791 maturo
902 1743 1074 1790 debuit
1111 1742 1207 1790 fine
1249 1742 1489 1804 concludi⁷
1522 1743 1632 1804 ipsa
1663 1743 1820 1789 omni-

122 1817 212 1864 bus
254 1833 382 1878 quae
421 1817 644 1879 perquiri
683 1834 773 1880 per
804 1818 1250 1881 interrogationem
1282 1819 1513 1878 poterant
1547 1816 1821 1878 conpendio

123 1891 344 1939 faciliore
382 1891 662 1952 respondet.
727 1907 843 1955 ergo
884 1892 1010 1938 dixit
1048 1891 1312 1953 imperium
1343 1890 1474 1938 Dido
1507 1890 1661 1953 Tyria
1691 1890 1822 1954 regit

123 1965 244 2013 urbe
283 1966 507 2026 profecta
546 1968 609 2027 et,
652 1966 771 2028 quia
808 1967 977 2027 potuit
1017 1965 1192 2027 quaeri
1230 1981 1402 2026 causa,
1444 1980 1542 2026 qua
1581 1965 1820 2026 conpulsa

34 2055 101 2094 ,εδ
126 2041 199 2087 est
244 2039 523 2101 relinquere
570 2056 679 2087 eam
727 2039 892 2088 sedem
937 2041 991 2087 in
1040 2055 1138 2101 qua
1180 2039 1278 2087 fuit
1317 2040 1367 2086 et
1406 2039 1587 2087 sectari
1626 2039 1820 2102 longin-

32 2110 38 2140 7
125 2129 297 2175 quam,
354 2113 487 2175 quod
540 2113 705 2162 fuerat
759 2130 849 2175 pro
905 2129 1046 2161 sexus
1103 2113 1303 2161 feminei
1357 2113 1551 2161 ratione
1602 2112 1820 2173 difficile,

28 2208 39 2242 χ
69 2210 72 2212 v
126 2187 353 2235 adiunxit
387 2203 678 2248 yermanum
715 2190 923 2248 fuye'ens.
1001 2188 1093 2235 1100
1133 2203 1330 2250 quoque
1372 2187 1490 2248 quia
1529 2188 1627 2234 fuit
1664 2187 1821 2234 incre-

29 2253 44 2314 -’;
126 2261 296 2322 dibile,
344 2263 540 2309 tantam
587 2263 887 2310 intervenire
934 2263 1155 2324 potuisse
1196 2277 1398 2310 causam
1437 2277 1564 2323 quae
1603 2276 1822 2309 sororem

30 2330 45 2396 ξι
127 2338 323 2400 cogeret
369 2335 494 2383 dura
540 2338 722 2385 sectari
759 2337 1035 2400 fugientem
1076 2336 1265 2384 scilicet
1305 2351 1417 2383 eum
1457 2351 1486 2382 a
1526 2351 1623 2397 quo
1665 2335 1822 2383 amari

24 2406 104 2494 ξω
128 2409 386 2470 debuerat,
447 2409 573 2458 dixit
626 2412 771 2472 {onya
827 2413 895 2458 est
944 2411 1157 2466 iniuria,
1211 2411 1380 2470 lonyae
1435 2411 1682 2469 ambayes,
1738 2409 1823 2456 sed

25 2507 45 2542 1}
126 2497 317 2531 summa
354 2497 534 2544 sequar
563 2486 763 2546 vestiyia
794 2500 974 2533 rerum.
1042 2500 1100 2532 ea
1130 2484 1356 2546 positura
1389 2486 1464 2532 est
1495 2499 1623 2546 quae
1656 2484 1844 2530 fuerat

25 2541 44 2596 ’ξ
127 2556 333 2619 dictura,
373 2557 459 2606 sed
497 2558 709 2606 artificio
748 2560 999 2607 narrantis
1030 2557 1193 2606 multa
1224 2573 1327 2606 sese
1358 2557 1823 2620 praetermissurum

20 2592 57 3226 ἰ

250 2703 273 2743 1
305 2713 484 2744 noscere
515 2699 587 2744 ed.
711 2703 737 2742 3
770 2699 925 2744 debuit
955 2702 1187 2756 transpos.
1222 2699 1403 2744 Aeneas
1434 2711 1524 2742 om.
1550 2697 1623 2742 ed.
1666 2699 1672 2754 Ι
1714 2697 1824 2742 haec

129 2757 200 2801 ed.
323 2763 349 2802 6
382 2759 504 2803 dimit
533 2758 620 2802 LR
650 2759 763 2804 dicit
793 2759 865 2802 ed.
989 2763 1013 2802 7
1040 2773 1127 2815 per
1151 2772 1375 2815 personas
1405 2757 1477 2801 ed.
1610 2761 1664 2800 10
1696 2756 1822 2801 clau·

129 2816 262 2862 ditur
281 2817 352 2862 ed.
442 2821 500 2861 23
522 2818 756 2874 respondit
779 2818 851 2862 ed.
945 2822 1003 2861 24
1026 2819 1137 2874 quia
1161 2831 1251 2861 om.
1270 2817 1342 2860 ed.
1429 2820 1484 2860 26
1508 2816 1727 2871 feminini
1748 2815 1822 2860 ed.

247 2879 303 2920 29
335 2882 536 2935 eoeyemt
566 2877 637 2922 ed..
694 2879 699 2933 Ι
756 2877 909 2921 amari
938 2878 1155 2922 debuerat
1185 2875 1271 2919 LR
1301 2877 1346 2920 d.
1379 2875 1600 2920 adiuvari
1629 2874 1702 2919 ed.

131 2937 186 2977 32
217 2935 406 2993 vestiyia
437 2935 525 2979 LR
557 2937 751 2994 fastiyia
781 2935 831 2979 in
862 2950 1008 2993 marg.
1041 2951 1075 2980 r.
