2014 3226
740 174 1043 219 AENEIDOS
1075 175 1137 217 III
1682 175 1791 226 291

103 314 286 361 idcirco
331 313 487 376 igitur
525 314 771 362 Anchisae
820 330 955 361 error
995 317 1191 362 exortus
1233 317 1326 374 est,
1376 315 1492 375 quia
1541 315 1799 374 antiquior

103 389 201 434 fuit
238 388 474 435 memoria
504 387 729 435 Dardani
769 390 818 434 et
857 389 1171 436 vehementer
1211 387 1431 447 obscura,
1465 387 1643 435 Teucri
1678 403 1793 434 vero

102 462 182 508 vel
213 462 312 509 levi
345 463 574 522 opinione
606 464 856 523 conperta.
904 462 987 509 sed
1012 462 1193 523 Apollo
1226 478 1325 509 non
1358 463 1598 525 originem
1630 463 1801 523 poste—⁷

102 537 297 595 riorem,
337 535 422 583 sed
461 537 720 597 antiquam
753 536 945 583 dixerat
976 536 1337 596 requirendam,
1371 535 1576 583 dicendo
1611 536 1802 596 quippe-

58 625 77 658 5
103 611 362 670 antiquam
403 609 624 670 quaerite
667 609 885 658 ostendit
916 611 1067 658 fuisse
1101 612 1150 656 et
1179 611 1502 657 recentiorem
1537 625 1663 670 quae
1697 624 1795 656 non

103 685 230 731 esset
270 683 499 731 Troianis
547 683 735 744 debita,
791 686 998 731 noverat
1037 686 1166 731 enim
1208 686 1256 731 et
1295 685 1508 744 primam
1547 682 1698 731 fuisse
1746 685 1796 729 et

102 757 378 805 secundam.
463 755 594 817 [tam
647 756 931 820 memorats]
984 762 1118 812 nate,
1172 758 1347 805 Iliacis
1402 759 1598 805 emereite
1651 758 1805 815 fatise·

101 847 199 879 non
247 831 375 878 dixit
422 831 553 893 quod
599 833 704 896 ipse
744 831 938 879 Aeneas
986 833 1188 892 proprio
1235 832 1341 879 fato
1389 831 1662 891 laboraret,
1710 830 1794 878 sed

102 905 234 966 quod
286 906 392 953 fato
447 906 641 967 patriae
697 909 826 954 esset
880 920 1157 968 oppressus.
1242 905 1363 952 haec
1417 905 1618 952 fuerunt
1681 907 1794 951 ante

20 995 76 1027 =10
102 994 322 1040 causam,
362 979 575 1041 parabat
614 981 745 1027 enim
786 981 941 1027 errori
980 995 1067 1027 suo
1104 980 1453 1038 defensionem,
1484 981 1542 1026 ut
1573 978 1795 1025 laborem

100 1054 281 1101 inritae
334 1054 671 1117 navigationis
728 1054 792 1102 ad
848 1052 1046 1101 Cretam
1094 1053 1271 1100 Troiae
1326 1054 1444 1100 fatis
1497 1053 1797 1099 adnecteret.

99 1127 278 1188 incipit
315 1128 417 1175 iam
455 1143 670 1190 purgare
710 1129 900 1175 factum
940 1143 1106 1187 suum,
1147 1143 1203 1174 ex
1245 1143 1341 1188 quo
1381 1126 1704 1189 intellegebat
1744 1141 1798 1174 se

101 1203 242 1265 gravi
280 1201 472 1249 invidia
510 1201 737 1250 laborare
777 1202 917 1250 iuxta
958 1218 1039 1250 eos
1080 1201 1166 1263 qui
1205 1200 1555 1249 laboraverant
1593 1201 1791 1247 frustra.

16 1322 28 1330 ‚
101 1275 309 1322 enititur
362 1275 450 1323 illa
505 1278 611 1324 arte
665 1276 861 1324 dicendi
918 1292 1017 1338 qua
1063 1276 1140 1323 uti
1187 1270 1443 1335 debemus,
1499 1274 1539 1321 si
1596 1273 1792 1335 quando

0 1363 75 1397 >(115
98 1349 289 1397 factum
334 1365 516 1412 negare
563 1366 662 1398 non
709 1366 992 1412 possumus3
1054 1352 1174 1397 tunc
1221 1350 1353 1396 enim
1392 1349 1642 1396 excusatio
1682 1363 1793 1410 pro-

98 1423 278 1471 babilis
320 1423 600 1472 adhibenda
640 1427 727 1472 aut
766 1424 1052 1472 extenuatio
1091 1424 1370 1471 necessaria
1410 1424 1504 1483 est,
1549 1437 1675 1483 quae
1715 1437 1791 1469 res

98 1499 298 1545 tantum
336 1498 550 1559 prodest,
590 1501 647 1545 ut
687 1499 886 1562 culpam
925 1500 1014 1546 aut
1051 1499 1305 1546 removeat
1335 1497 1531 1558 penitus
1565 1499 1653 1544 aut
1683 1496 1793 1556 plu-

98 1573 279 1619 rimum
325 1573 540 1636 frangat.
617 1573 746 1621 hanc
801 1589 917 1637 ergo
973 1573 1320 1636 purgationem
1374 1570 1652 1634 ingreditur
1700 1571 1792 1617 sic:

97 1646 203 1693 sola
255 1647 376 1694 mihi
429 1647 542 1695 talis
596 1661 739 1695 casus
795 1647 1082 1695 Cassandra
1144 1647 1346 1695 canebat
1406 1643 1559 1704 (nune
1611 1643 1791 1703 repeto)

20 1731 76 1778 φο
97 1720 214 1768 haee
248 1722 415 1780 yeneri
443 1722 733 1780 portendere
771 1722 931 1770 debita
968 1724 1146 1769 nostro,
1223 1720 1358 1782 haec,
1397 1719 1576 1780 inquit,
1625 1717 1793 1764 deberi

27 1791 31 1802 '
98 1794 266 1857 generi
311 1796 481 1842 nostro
529 1797 579 1843 et
622 1796 712 1843 hos
760 1811 902 1844 casus
950 1795 1092 1843 nobis
1138 1795 1420 1854 imminere,
1467 1793 1616 1840 sicuti
1662 1807 1792 1839 nunc

35 1941 38 1944 ’
97 1942 367 2001 Hesperiae
411 1947 637 1991 venturos
675 1945 820 1992 litora
862 1944 1070 1992 Teucros
1109 1943 1349 1992 erederet?
1389 1942 1475 1989 aut
1513 1955 1650 1999 quem
1689 1943 1791 1987 tum

97 2020 230 2064 vates
265 2015 550 2065 Cassandra
588 2019 827 2065 moveret?
888 2019 1083 2066 monitu
1123 2016 1323 2079 quidem
1357 2013 1660 2062 Cassandrae
1691 2014 1791 2061 ista

55 2104 75 2137 5
99 2091 264 2138 omnia
305 2090 574 2152 aliquando
607 2092 878 2153 audieram,
911 2092 997 2140 sed
1027 2093 1082 2139 in
1113 2107 1269 2138 unum
1302 2090 1632 2138 convenerant
1663 2103 1789 2148 quae

97 2162 244 2211 fidem
291 2163 436 2212 dictis
482 2165 618 2214 illius
662 2167 824 2214 facere
863 2182 963 2214 non
1001 2166 1226 2228 possent:
1280 2164 1441 2226 primo
1484 2161 1612 2224 quod
1655 2163 1789 2223 quic-

99 2237 219 2299 quid
257 2238 384 2285 illud
423 2240 588 2287 fuerat
635 2241 722 2287 uni
769 2240 904 2288 credi
949 2256 1049 2288 non
1096 2239 1286 2298 debuitt,
1348 2238 1444 2284 huc
1491 2235 1789 2284 accedebant

72 2312 199 2360 >alia
247 2327 371 2373 quae
417 2313 731 2375 inpossibilia
777 2314 1107 2376 putabantur,
1154 2313 1343 2361 scilicet
1383 2311 1623 2358 Troianos
1673 2325 1786 2357 ven-

31 2410 35 2450 s
97 2387 235 2434 turos
290 2386 353 2434 ad
405 2387 610 2435 Italiam
667 2388 854 2436 relictis
917 2386 1244 2451 originalibus
1305 2386 1474 2446 terris,
1536 2383 1787 2432 subituros

30 2518 39 2531 Α
98 2475 292 2521 quoque
331 2461 552 2522 prolixae
592 2462 927 2526 navigationis
973 2463 1184 2522 incerta3
1238 2461 1487 2523 postremo
1537 2457 1667 2519 quod
1712 2472 1788 2504 re-

218 2575 241 2613 1
276 2572 504 2628 antiquiee
534 2572 576 2615 R
606 2573 699 2616 -ior
735 2587 759 2615 r
782 2595 839 2610 =
863 2572 912 2615 L.
1067 2577 1093 2615 3
1129 2572 1237 2616 velle
1275 2572 1322 2616 vi
1351 2570 1438 2613 LR
1475 2570 1543 2614 vel
1581 2569 1666 2613 levi
1703 2581 1787 2611 nos

99 2628 156 2672 cf.
178 2635 244 2681 12,
263 2634 350 2674 520
380 2631 488 2675 velle
511 2632 785 2676 videbantur
817 2631 888 2675 ed.
1011 2635 1038 2674 5
1071 2645 1186 2686 quae
1217 2631 1302 2675 rite
1334 2629 1404 2672 ed.
1438 2628 1618 2685 inepte:
1652 2640 1786 2683 quae-

97 2689 182 2733 rite
211 2702 296 2744 pro
327 2691 551 2746 exquirite
581 2690 698 2734 Don.
725 2704 781 2734 ex
810 2690 1038 2735 memoria
1069 2690 1268 2746 scripsit.
1363 2693 1388 2732 6
1421 2701 1510 2732 esse
1540 2687 1581 2730 R
1612 2690 1721 2730 esset
1750 2700 1785 2729 r.

219 2751 243 2791 ‘1
274 2753 370 2792 tum
401 2754 618 2794 memorat
647 2749 780 2794 deest
810 2749 860 2792 in
891 2749 978 2792 LR
1013 2749 1120 2792 add.
1154 2748 1225 2793 ed.
1366 2751 1420 2791 14
1452 2747 1646 2790 mitetur
1675 2744 1717 2787 R
1746 2749 1789 2788 et

97 2806 265 2851 nititur
294 2821 330 2850 r.
461 2813 516 2852 15
548 2813 718 2853 tactum
749 2808 836 2852 LR
865 2810 1040 2864 factum
1069 2823 1094 2851 1·
1124 2812 1267 2852 totum
1298 2806 1368 2850 ed.
1500 2809 1555 2848 18
1586 2803 1785 2861 11191εά1·-

98 2869 231 2910 turus
258 2867 325 2910 sie
355 2866 442 2909 LR
472 2881 586 2911 corr.
619 2883 643 2911 r
674 2867 745 2912 ed.
898 2871 955 2910 20
985 2881 1027 2911 v.
1048 2871 1133 2911 185
1166 2866 1299 2910 deest
1328 2865 1377 2908 in
1409 2863 1496 2908 LR
1526 2875 1678 2919 neque
1710 2875 1784 2905 ex-

97 2922 316 2980 plicatur,
349 2926 454 2969 add.
481 2927 552 2970 ed.
676 2930 732 2970 23
763 2927 940 2983 speriae
971 2925 1014 2969 R
1046 2939 1159 2970 corr.
1191 2940 1227 2969 1.
1335 2929 1392 2967 24
1423 2922 1594 2967 monito
1625 2921 1724 2964 LR.

99 2986 153 3025 27
186 2983 273 3028 huc
304 2983 338 3026 L
369 2985 491 3029 hume
521 2985 573 3028 R.
698 2989 755 3029 30
787 2986 906 3042 quod
936 2984 1024 3028 LR
1054 2998 1226 3040 quoque
1258 2984 1328 3027 ed.

1345 3054 1431 3100 19⁸¹

96 1867 346 1929 recordor,
395 1869 501 1916 sola
546 1870 672 1917 mihi
718 1870 1032 1931 praedixerat
1073 1868 1361 1918 Cassandra.
1437 1867 1521 1914 sed
1560 1867 1667 1926 quis
1710 1866 1776 1913 ad
1795 1869 1878 1909 186
