2014 3226
774 182 1075 228 AENEmos
1110 184 1170 227 v1
1713 188 1816 238 541

130 323 450 382 arbitrantur,
491 323 574 370 sed
615 322 745 383 quod
778 324 844 370 sit
877 324 1165 383 altissimus,
1206 327 1253 371 et
1285 324 1374 371 hoc
1407 324 1565 387 magis
1599 326 1819 388 tetigisse

130 396 420 460 Vergilium,
461 396 545 444 sed
593 411 690 443 non
730 396 821 443 hoc
862 399 1080 458 positum
1121 401 1214 456 est3
1271 414 1385 444 nam
1432 399 1518 459 qui
1565 398 1689 446 dixit
1737 402 1821 461 qui

130 487 258 518 nunc
295 471 514 518 Misenus
555 470 616 516 ab
656 469 744 517 illo
786 470 966 518 dicitur
1006 472 1222 519 ostendit
1261 488 1289 518 a
1330 472 1577 519 veteribus
1617 473 1820 520 Aerium

129 546 483 605 nuncupatum.
572 559 689 591 nam
745 560 869 605 quae
922 548 1048 593 esset
1103 544 1278 593 Miseni
1334 546 1495 608 gloria
1550 550 1637 594 aut
1691 547 1819 594 unde

84 638 104 670 5
129 619 337 666 sciretur
367 618 530 679 ipsum
561 617 796 679 positum,
830 620 872 665 si
903 635 1001 666 non
1034 619 1112 666 illi
1144 620 1303 667 monti
1327 622 1517 667 remoto
1552 621 1819 682 superioris

128 691 365 754 temporis
404 691 645 740 vocabulo
685 691 863 739 Miseni
903 709 1080 740 nomen
1120 696 1246 740 esset
1287 693 1603 754 adpositum?

240 767 338 814 His
378 768 496 813 actis
534 780 743 826 propere
790 768 1038 826 eoeeqm'tm·
1075 771 1338 826 praecepta
1377 766 1611 826 Sibyllae:
1658 771 1820 815 totum

129 843 393 902 propterea
425 840 671 888 adseritur
702 840 875 887 fecisse
900 840 978 888 vel
1003 841 1177 899 facere,
1218 841 1348 902 quod
1380 841 1521 888 illum
1548 843 1634 889 aut
1666 842 1818 890 iussio

128 915 288 976 patris
334 915 597 976 inpelleret
647 917 734 960 aut
779 914 957 962 Miseni
1005 914 1212 962 dilectus
1262 919 1472 977 urgeret.
1551 915 1818 977 descriptio

65 1007 107 1040 10
131 988 347 1035 adicitur
395 988 561 1035 aditus
610 987 671 1034 ad
718 987 913 1035 inferna
958 988 1220 1036 tendentis.
1296 990 1528 1048 spelunca
1578 990 1679 1037 alta
1725 991 1821 1050 fuit

130 1066 358 1123 vastoque
406 1063 619 1109 inmanis
664 1062 826 1109 hiatu:
875 1062 1109 1124 spelunca
1157 1063 1256 1109 fuit
1304 1063 1427 1122 alta,
1474 1063 1600 1111 hanc
1647 1065 1820 1126 ingens

130 1135 297 1184 hiatus
336 1138 498 1183 terrae
538 1135 835 1183 naturaliter
865 1136 1165 1196 profundam
1197 1138 1394 1183 fecerat.
1463 1152 1683 1197 scrupea,
1730 1137 1820 1184 hoc

132 1214 206 1257 est
253 1209 439 1258 saxosis
486 1209 724 1257 lateribus
773 1212 922 1270 atque
971 1211 1180 1271 asperis,
1234 1226 1331 1257 non
1379 1212 1509 1258 enim
1555 1211 1694 1258 illam
1742 1226 1820 1258 ars

0 1337 1 1346 ἵ
130 1286 484 1346 procuraverat
534 1286 623 1331 aut
660 1283 874 1331 hominis
913 1299 1102 1332 manus.
1180 1287 1284 1332 tuta
1323 1284 1434 1332 lacu
1470 1286 1609 1345 niyro
1662 1299 1820 1332 nemo-

0 1358 14 1407 J
67 1378 110 1409 15
135 1373 340 1417 rumque
378 1359 605 1406 tenebris:
643 1357 764 1405 haec
805 1358 1040 1419 quoniam
1079 1373 1272 1420 semper
1308 1361 1470 1419 patet,
1517 1375 1577 1405 ne
1618 1358 1681 1406 ad
1712 1375 1820 1405 eam

135 1431 352 1494 cuipiam
393 1431 458 1479 sit
504 1431 666 1479 facilis
714 1446 957 1492 accessus,
1011 1447 1100 1493 pro
1146 1447 1287 1480 muro
1333 1431 1483 1479 habet
1529 1432 1712 1492 lacum,
1763 1448 1820 1480 ex

8 1546 26 1570 Α
131 1506 277 1554 undis
317 1508 483 1554 autem
523 1505 838 1554 horrentibus
879 1508 929 1552 et
967 1507 1143 1553 taetris
1185 1509 1235 1553 et
1274 1505 1544 1554 multarum
1590 1506 1819 1553 arborum

131 1579 346 1628 tenebris
393 1581 516 1628 satis
564 1580 728 1628 fuerat
775 1579 983 1628 occulta.
1061 1594 1207 1639 quam
1253 1594 1414 1640 super,
1460 1579 1513 1627 id
1553 1582 1628 1628 est
1674 1595 1822 1641 super

8 1634 22 1704 i
133 1670 304 1716 quam,
358 1655 478 1702 haut
529 1654 660 1702 ullae
705 1658 934 1714 poterant
977 1655 1161 1714 inpune
1206 1655 1420 1702 volantes
1473 1653 1664 1701 tendere
1715 1656 1806 1701 iter
1824 1659 1909 1699 240

8 1707 25 1795 ξ
66 1747 109 1779 20
125 1731 325 1789 pinnis:
371 1744 519 1790 super
563 1728 691 1776 hanc
737 1728 904 1775 nullae
951 1727 1174 1775 volucres
1220 1730 1453 1789 poterant
1506 1729 1607 1774 sine
1661 1743 1821 1789 poena

8 1799 25 1816 ‘⁸
131 1804 367 1863 transire3
405 1802 510 1850 illic
550 1802 680 1850 enim
719 1802 1069 1850 moriebantur.
1147 1802 1270 1849 dicit
1308 1817 1527 1850 causam:
1571 1802 1684 1849 talis
1720 1815 1821 1849 sese
1886 1802 1917 1841 52

131 1878 313 1925 halitus
352 1879 474 1925 atris
504 1876 732 1937 faucibus
772 1876 1023 1937 effundens
1060 1890 1241 1935 supera
1279 1877 1345 1924 ad
1383 1890 1594 1923 convexa
1622 1875 1819 1935 ferebat.

133 1952 375 2013 quantum
414 1951 655 1998 momenti
692 1949 866 1998 avibus
906 1950 1072 1996 fuerat
1110 1950 1459 2009 necessarium,
1506 1950 1563 1996 ut
1607 1949 1819 1996 transire

131 2024 402 2073 incolumes
439 2023 676 2086 possent?
717 2023 802 2072 sed
840 2026 983 2072 tanta
1015 2023 1090 2071 vis
1130 2023 1394 2071 exhalabat
1432 2039 1489 2071 ex
1526 2023 1628 2070 illis
1668 2022 1820 2070 fauci-

66 2115 111 2149 85
134 2098 247 2159 bus,
294 2101 352 2147 ut
387 2099 494 2147 illic
533 2100 717 2162 puncto
764 2098 1003 2159 temporis
1050 2096 1201 2145 etiam
1248 2098 1336 2145 citi
1375 2097 1572 2145 volatus
1619 2111 1820 2158 supera-

133 2175 327 2233 rentur,
374 2188 462 2221 nec
508 2173 598 2221 has
639 2172 866 2232 iuvabat,
920 2173 962 2219 si
1012 2173 1238 2232 peterent
1277 2171 1457 2232 altum3
1513 2170 1575 2218 ad
1630 2170 1821 2218 caelum

134 2246 263 2294 enim
310 2262 470 2309 usque
516 2245 837 2310 perveniebat
882 2244 1117 2307 quicquid
1167 2245 1304 2293 lacus
1350 2245 1511 2293 taeter
1560 2246 1609 2292 et
1654 2244 1820 2292 hiatus

51 2328 53 2330 ’
133 2321 395 2383 speluncae
440 2320 685 2370 ructabat.
762 2323 988 2380 quattuor
1025 2320 1100 2367 hic
1136 2319 1358 2379 primum
1402 2320 1650 2380 niqrantes
1687 2321 1821 2378 terya

253 2466 280 2505 5
311 2467 478 2506 remoto
509 2475 597 2506 om.
624 2461 694 2506 ed.
792 2464 907 2504 5-6
938 2461 1146 2517 superior
1175 2460 1328 2505 ceteris
1359 2459 1402 2503 V
1429 2458 1658 2515 superiori
1685 2471 1721 2502 c.
1747 2457 1819 2501 ed.

132 2522 383 2606 supeudorfis
412 2522 623 2578 temporis
652 2534 751 2589 nos..
867 2523 891 2563 ‘1
922 2519 1112 2588 sybillae
1143 2518 1197 2562 V.
1281 2523 1338 2587 ,8
1370 2518 1604 2587 {taceretur
1634 2516 1675 2559 V
1686 2529 1820 2618 dcorr.

135 2579 576 2685 ξᾱῇηὲςεφῖΐῖᾱζῑῖἓῗὲἓ
598 2577 1315 2695 ῧῑῖξέιῗι,82ᾞ28.ῢέ)ῗῠέἓ)8ῗίὶίεὲπιῖε
1337 2576 1642 2681 ἰηυετῑωΐῗὲ.
1659 2589 1698 2702 ΘΙ·
1718 2610 1818 2678 eur-

133 2703 255 2757 yeret
282 2698 325 2742 V
357 2711 471 2742 corr.
497 2698 567 2743 ed.
598 2700 604 2755 Ι
631 2698 867 2742 describtio
899 2698 952 2740 ut
982 2696 1257 2754 plerumque
1287 2694 1343 2739 V.
1474 2698 1646 2763 187-19
1678 2693 1729 2738 aa
1758 2697 1821 2737 eet

133 2770 271 2826 syper
300 2771 469 2814 aquam
490 2757 548 2826 V,
580 2757 663 2801 sed
693 2758 821 2801 lacus
849 2755 1106 2813 praecedit,
1136 2769 1230 2799 non
1260 2768 1397 2812 aqua,
1427 2766 1514 2797 nec
1543 2767 1593 2796 m
1624 2764 1819 2808 sequen·

135 2816 398 2933 121138Ρὲὲὲ
402 2814 1125 2933 ·qtt¹a‘233?oe{⁰ffi0232²3¹3‚
1145 2813 1489 2942 ἷξξῗῗὼῗὲἓῗθ
1518 2824 1821 2915 ww?

226 2939 283 2978 22
314 2935 456 2980 alitus
477 2933 533 2979 V.
562 2936 568 2991 Ι
595 2949 636 2978 v,
662 2938 748 2979 242
779 2947 872 2978 non
903 2932 1049 2978 habet
1077 2932 1121 2976 V
1150 2930 1366 2988 mter-pol.
1391 2930 1463 2976 ed.
1517 2988 1527 2999 .
1584 2933 1642 2972 24
1670 2927 1749 2996 θοᾷ
1778 2926 1821 2970 V

135 2994 179 3039 ci
201 2993 295 3039 ed.:
327 2993 563 3038 sententia
585 2993 655 3037 ita
678 2991 943 3049 constat,·si
966 2997 1187 3051 quantum
1211 2988 1490 3047 quantulum
1514 2986 1819 3044 intellegitur.
