2014 3226
763 181 1067 226 AENEIDos
1102 182 1164 226 VI
1702 189 1804 242 561

117 323 290 370 limen:
324 323 501 380 servet,
540 322 719 383 inquit,
754 319 992 370 Cerberus
1026 324 1156 384 quod
1189 328 1354 371 servat
1386 328 1433 371 et
1466 325 1663 373 umbras
1698 327 1811 374 licet

115 394 362 458 exanguis
383 396 581 454 terreat,
615 395 732 442 licet
758 398 919 462 servet
937 396 1234 459 Proserpina
1259 399 1629 446 matrimonium
1655 415 1811 459 suum,

116 468 183 516 ad
221 485 392 516 curam
422 471 645 516 nostram
677 485 775 516 non
807 469 1036 529 pertinet.
1114 473 1279 532 potuit
1311 473 1491 518 iterum
1526 472 1637 533 dici,
1679 474 1812 535 quod

118 544 343 604 superius
384 540 580 589 Charon
621 542 799 605 exegit,
840 544 882 590 si
922 543 1042 591 haec
1074 561 1171 591 non
1205 549 1334 605 sunt,
1375 562 1499 606 quae
1533 548 1629 593 fuit
1661 562 1809 594 causa

35 653 38 656 ⁴
70 635 94 668 5
117 613 383 664 veniendi?
459 618 570 678 ipsa
609 616 741 663 ultro
781 617 966 679 ingerit
1015 618 1146 679 quod
1185 621 1491 681 interrogata
1530 622 1697 681 potuit
1736 637 1811 668 re-

116 690 372 752 spondere.
455 691 629 738 Troius
666 688 863 738 Aeneas
893 693 1076 750 pietate
1113 694 1322 752 insi-quis
1361 696 1405 740 et
1442 695 1593 742 armis
1633 696 1699 741 acl
1733 710 1811 755 ye-

114 766 320 812 m'torem
349 766 477 812 imas
501 764 652 811 Erebi
690 765 932 812 deseendit
970 766 1036 812 ad
1072 767 1296 814 umbras:
1336 768 1561 828 exposuit
1601 783 1687 815 cur
1724 785 1811 830 po-

116 839 274 886 suerit
302 839 550 902 insignem
580 838 768 900 pietate
803 840 852 885 et
875 841 1049 886 armis:
1088 841 1248 900 pietas
1282 841 1378 887 fuit
1403 841 1533 902 quod
1557 844 1809 890 mortuum

116 914 334 974 perrexit
389 912 452 959 ad
505 914 700 974 patrem
753 927 842 959 neo
904 913 1100 961 umbras
1163 930 1251 961 nec
1309 913 1572 962 Cerberum
1626 916 1809 978 timuit,

0 985 1 988 ’
49 1005 94 1038 10
117 986 428 1034 fortitudinis
477 990 665 1047 autem,
716 986 838 1048 quia
883 986 976 1034 hoe
1022 988 1187 1048 ipsum
1238 988 1417 1049 inpleri
1465 990 1570 1037 sine
1610 990 1811 1038 virtutis

116 1060 404 1108 adiumento
452 1077 552 1109 non
598 1061 766 1121 potuit
814 1063 884 1120 et,
939 1061 982 1108 si
1029 1064 1157 1108 esset
1203 1077 1420 1122 necesse,
1474 1079 1573 1110 non
1621 1063 1810 1112 deesset

116 1135 271 1182 etiam
308 1134 555 1182 industria
594 1133 878 1181 dimicandi.
957 1150 1065 1183 ecce
1106 1135 1167 1181 ad
1206 1137 1515 1198 interrogata
1555 1137 1811 1198 respondit

116 1210 167 1256 et
205 1211 466 1270 prosecuta
495 1204 582 1257 ⁴est
619 1224 678 1256 ea
718 1224 847 1271 quae
887 1210 1163 1256 necessario
1206 1208 1420 1257 Charoni
1458 1211 1656 1259 fuerant
1696 1212 1810 1258 inti-

9 1321 26 1330 -
115 1282 313 1330 manda.
374 1284 418 1330 si
457 1287 500 1330 te
535 1283 678 1330 nulla
707 1287 862 1330 movet
892 1286 1055 1330 tautae
1077 1284 1277 1343 pietatis
1307 1285 1481 1343 imam,
1521 1288 1572 1332 at
1600 1299 1795 1332 ramum
1813 1290 1899 1330 405

0 1409 1 1415 ἵ
50 1376 93 1409 15
117 1357 245 1404 hune
283 1356 464 1417 (aperit
493 1372 703 1412 ramum,
744 1358 827 1416 qui
866 1360 990 1404 veste
1021 1358 1219 1417 latebat)
1251 1372 1509 1418 aqnoseas:
1556 1359 1599 1406 si
1628 1359 1677 1405 te
1710 1374 1809 1407 non

0 1418 1 1445 ἶ
115 1433 286 1478 movet
336 1431 562 1494 religiosi
611 1431 826 1478 hominis
878 1431 1087 1491 factum,
1138 1447 1333 1478 ramum
1381 1433 1534 1479 istum
1585 1447 1810 1495 agnosce,

14 1555 22 1564 ⁸
115 1521 263 1566 quem
295 1505 423 1552 ferre
462 1521 562 1552 non
600 1508 854 1552 merentur
891 1505 986 1552 nisi
1027 1506 1116 1566 qui
1152 1507 1262 1553 iure
1301 1505 1500 1553 caelesti
1541 1508 1590 1553 et
1628 1506 1809 1553 divinis

115 1578 309 1642 legibus
356 1579 420 1627 ad
465 1580 650 1628 inferos
698 1579 918 1627 veniunt.
1002 1582 1059 1626 ut
1105 1585 1271 1627 autem
1318 1579 1463 1628 citius
1510 1583 1810 1627 commotum

13 1688 21 1701 ,
117 1656 455 1714 conpesceret,
503 1653 621 1701 dum
659 1653 909 1715 loquitur,
949 1654 1017 1700 sic
1058 1653 1275 1701 ostendit
1314 1656 1363 1700 et
1402 1669 1615 1714 ramum,
1665 1669 1809 1715 quem

0 1717 94 1788 {20
119 1727 374 1776 eonditum
413 1727 504 1775 sub
543 1727 764 1776 vestibus
803 1727 992 1775 habuit.
1071 1728 1257 1775 tumida
1304 1742 1361 1775 ex
1408 1729 1483 1774 ira
1523 1730 1624 1774 tum
1664 1728 1811 1775 corda

8 1804 22 1872 ’Ξ
116 1801 362 1849 residunt:
413 1802 507 1850 hoe
552 1802 686 1850 facto
742 1803 892 1864 atque
943 1801 1020 1849 his
1071 1801 1216 1849 dictis
1267 1801 1465 1849 sedatus
1515 1799 1709 1848 Charon
1761 1805 1812 1848 et

9 1879 22 1928 *ι’
115 1891 315 1923 omnem
361 1878 608 1925 tumorem
655 1891 772 1924 suae
821 1876 1165 1923 commotionis
1213 1875 1454 1936 exposuit.
1529 1889 1615 1922 uec
1653 1875 1811 1935 plura

12 1939 21 1990 ἶ
114 1950 215 1997 his:
260 1952 376 2012 post
414 1950 888 1998 demonstrationem
927 1950 1110 2012 quippe
1149 1950 1276 1996 rami
1315 1949 1442 1996 nihil
1479 1948 1689 1996 ulterius
1729 1948 1810 1995 de·

9 2004 24 2073 ἶ
116 2022 238 2071 buit.
316 2024 396 2072 ille
434 2025 694 2072 admirans
731 2023 1004 2072 venerabile
1041 2024 1221 2071 donum
1259 2022 1430 2083 fatalis
1467 2023 1634 2082 virqae
1671 2022 1810 2082 lonyo

12 2075 94 2149 ζεῦ
107 2101 223 2158 post
273 2101 484 2158 tempore
527 2100 688 2146 visum
737 2099 1009 2146 caeruleam
1055 2097 1262 2145 advertit
1303 2097 1514 2156 puppim
1567 2098 1796 2156 ripaeque
1813 2099 1901 2140 410

113 2173 439 2232 propinquat:
476 2172 751 2233 admiratus
791 2173 881 2233 est,
918 2171 1098 2232 inquit,
1132 2169 1326 2218 Charon
1358 2171 1408 2216 et
1438 2170 1566 2216 rami
1597 2170 1811 2232 speciem

119 2248 169 2293 et
206 2245 408 2307 factum,
448 2246 581 2309 quod
619 2245 931 2294 infinitorum
967 2248 1248 2306 temporum
1284 2245 1448 2291 fuerat
1486 2242 1809 2292 desuetudine

54 2335 57 2337 ·
116 2321 546 2382 praetermissum,
595 2336 710 2369 mox
758 2319 991 2367 admovet
1028 2321 1211 2379 ratem,
1257 2318 1314 2364 ut
1360 2318 1593 2365 traiceret
1629 2332 1805 2379 prope·

26 2424 29 2426 -
116 2395 290 2442 rantis.
366 2395 481 2443 inde
519 2395 649 2443 alias
687 2396 904 2449 animas,
944 2407 1069 2452 quae
1097 2407 1192 2452 per
1227 2394 1348 2451 iuqa
1386 2390 1530 2452 lonya
1568 2391 1808 2443 sedebant,

48 2485 96 2518 ao
119 2467 364 2516 deturbat:
403 2467 600 2517 Aeneae
640 2483 792 2517 causa
829 2482 887 2515 ac
921 2465 1142 2527 Sibyllae
1182 2466 1341 2514 omnis
1380 2466 1572 2513 animas
1610 2463 1808 2526 longius

0 2541 1 2546 ’
120 2541 350 2602 exclusit,
404 2557 465 2590 ne
518 2543 597 2591 his
651 2557 842 2591 moram
890 2541 1076 2588 faceret
1122 2541 1210 2601 qui
1258 2554 1370 2586 cum
1419 2541 1562 2586 tanto
1609 2552 1808 2584 munere

240 2701 266 2741 9
297 2711 379 2742 nec
406 2711 557 2742 sermn
579 2697 622 2741 V
651 2710 732 2742 nec
763 2697 934 2751 inferos
965 2694 1037 2738 ed.
1061 2708 1143 2739 nee
1166 2694 1403 2739 Cerberum
1434 2705 1531 2736 nos.
1630 2695 1684 2735 10
1714 2691 1807 2744 for·

111 2756 336 2805 ,titudinis
366 2756 409 2800 V
440 2769 587 2813 quare
623 2755 781 2800 neseio
814 2768 875 2799 an
906 2765 1048 2810 supra
1071 2754 1261 2811 pietatis
1291 2750 1586 2796 scribendum
1618 2749 1682 2793 sit
1710 2750 1805 2803 for-

118 2814 270 2860 titudo
300 2816 372 2861 ed.
527 2819 582 2859 13
616 2813 837 2860 charonti
872 2813 943 2856 ed.
1097 2816 1150 2856 19
1191 2817 1233 2856 et
1267 2825 1446 2856 ramum
1477 2809 1520 2854 V
1549 2814 1590 2853 et
1621 2821 1708 2852 om.
1735 2806 1806 2852 ed.

209 2878 268 2918 20
297 2879 414 2920 veste
443 2874 515 2919 ed.
542 2876 551 2932 Ι
585 2874 766 2919 tumida
795 2872 838 2917 V
867 2872 1034 2918 rabida
1065 2871 1136 2915 ed.
1238 2874 1291 2914 21
1326 2870 1473 2927 adque
1503 2868 1557 2912 V.
1586 2870 1592 2924 Ι
1626 2867 1811 2912 sedatus

118 2932 164 2976 V
200 2947 235 2978 8.
268 2939 333 2979 est
361 2933 433 2978 ed.
586 2937 641 2976 22
674 2933 884 2990 deposuit
913 2930 984 2975 ed.
1136 2934 1192 2973 23
1223 2929 1379 2974 debuit
1408 2926 1451 2971 V
1487 2927 1609 2971 diam
1646 2925 1718 2972 ed.

118 2995 179 3036 25
211 2994 375 3038 avertit
404 2992 477 3038 ed.
599 2995 656 3036 30
686 2990 922 3036 desttorbat
951 2989 1034 3034 sed
1065 2987 1189 3032 infra
1219 2987 1457 3033 deturbare
1487 2985 1543 3030 V.

211 3074 310 3108 Don.
333 3075 490 3115 interpr.
512 3075 627 3115 Verg.
658 3073 734 3106 vol.
750 3073 780 3105 L
1397 3063 1454 3104 36
