2014 3226
754 139 1057 183 AENEIDOS
1089 139 1131 182 II
1206 176 1210 179 .
1689 139 1790 190 167

100 282 261 344 golica
309 280 366 327 de
415 283 560 342 gente
608 278 833 342 negabo“
871 282 920 327 et
960 281 1033 339 „si
1071 279 1183 326 vela
1222 279 1419 338 darent,
1463 280 1507 325 si
1545 279 1672 327 forte
1713 278 1793 325 (10-

100 355 300 413 dissent,
325 370 411 400 nec
445 353 568 400 mihi
597 355 699 401 iam
730 355 946 415 patriam
981 354 1241 414 antiquam
1274 368 1383 413 spes
1416 353 1520 400 ulla
1548 351 1790 399 videndi“.

99 432 267 475 noster
308 429 425 475 eris:
466 431 639 489 aperta
677 426 1014 474 benivolentia
1055 429 1129 473 est
1167 426 1218 472 in
1258 427 1350 473 1130
1391 426 1641 473 oblatione
1681 442 1792 486 pro-

99 503 258 562 missi,
307 517 418 548 cum
458 501 580 548 dicit
617 503 786 549 noster
825 502 935 562 eris,
976 501 1266 548 obliviscere
1308 499 1499 548 Graios.
1578 499 1791 561 depona-

51 593 75 625 5
99 591 228 637 mus,
275 576 460 636 inquit,
507 576 774 636 superioris
822 574 1110 622 inimicitias
1157 574 1417 636 temporis,
1464 575 1559 622 eris
1601 589 1725 621 unus
1767 590 1791 619 e

98 649 259 710 nobis,
308 648 503 696 dimitte
551 666 609 696 ex
657 651 822 696 animo
870 647 991 696 civis
1039 651 1174 707 tuos,
1230 663 1354 710 quos
1408 648 1510 694 iam
1558 647 1793 695 dimisisti

98 723 346 785 fugiendo.
410 725 594 770 mirum
634 723 713 770 hic
752 724 928 784 poetae
963 723 1249 781 consilium,
1291 737 1402 769 cum
1435 724 1566 768 enim
1599 721 1662 768 ad
1694 718 1791 770 sin·

96 797 214 859 gula
249 796 446 844 Sinonis
479 797 611 844 dicta
644 795 962 858 responderet
994 811 1051 843 ex
1083 811 1294 858 persona
1326 795 1515 842 Priami
1548 791 1811 854 credentis,

98 871 229 932 quod
260 871 345 919 ille
377 887 494 919 vera
526 873 791 930 narrasset,
825 872 1101 932 suppressit
1131 885 1250 931 „nec
1282 869 1406 916 mihi
1441 871 1544 917 iam
1574 871 1790 931 patriam

30 962 72 994 10
97 947 359 1006 antiquam
391 961 500 1006 spes
533 944 637 991 ulla
669 944 871 992 videndi
903 960 992 992 nec
1024 944 1182 991 dulcis
1218 946 1361 991 natos
1403 935 1816 1005 exoptatumque*

95 1017 395 1080 parentem“,
451 1035 511 1066 110
564 1018 794 1066 Priamus
848 1019 971 1066 haec
1026 1018 1454 1066 commemora-ndo
1518 1033 1644 1079 quae
1707 1017 1790 1065 ad-

95 1093 279 1140 fectum
317 1093 588 1140 maximum
619 1092 901 1141 retinebant
933 1092 1239 1139 exulceraret
1272 1093 1492 1139 animum
1524 1093 1791 1151 narraturi,

95 1168 179 1228 qui
230 1167 469 1214 debuerat
516 1182 619 1214 esse
669 1166 967 1228 conpositus.
1047 1166 1177 1214 50105
1225 1164 1424 1226 Graios,
1472 1166 1620 1228 dixit,
1669 1165 1790 1214 obli-

95 1243 302 1300 viscere,
358 1241 491 1302 quod
537 1241 683 1290 facile
731 1240 839 1288 fieri
884 1242 1073 1302 potuit3
1136 1242 1405 1288 extiterant
1459 1240 1591 1288 enim
1641 1240 1793 1287 saluti

24 1331 70 1364 15
96 1314 293 1363 Sinonis
333 1317 535 1362 inimici.
616 1317 834 1362 ceterum
872 1316 1105 1376 patriam,
1146 1314 1274 1362 filios
1315 1318 1364 1362 et
1402 1316 1597 1376 patrem
1641 1314 1792 1363 8011101

93 1390 144 1436 111
193 1389 491 1437 oblivionem
541 1389 716 1436 ducere
763 1404 863 1436 non
910 1390 1132 1451 poterat,
1180 1388 1266 1437 sed
1313 1391 1362 1436 et
1408 1388 1494 1436 ille
1542 1387 1692 1435 durus
1743 1392 1793 1434 et

42 1519 48 1529 Ι
92 1464 257 1525 inpius
313 1467 479 1525 posset
533 1463 768 1524 iudicari,
831 1464 873 1511 si
928 1464 1050 1510 haec
1104 1465 1307 1525 putaret
1363 1478 1466 1510 0880
1522 1462 1790 1510 suadenda.

92 1537 311 1598 mihique
365 1538 487 1585 haec
536 1537 745 1585 edissere
794 1553 912 1584 vera
958 1538 1182 1600 roganti:
1246 1539 1515 1598 antequam
1561 1535 1790 1584 Priamus

93 1612 339 1672 proferret
392 1628 517 1673 quae
574 1611 774 1659 volebat
822 1611 1015 1675 audire,
1066 1611 1285 1659 inculcat
1334 1610 1509 1659 Sinoni
1554 1610 1792 1658 beneficia

27 1700 70 1742 ⁸9
94 1701 202 1746 sua,
258 1688 315 1732 ut
360 1685 413 1732 in
460 1686 596 1733 nullo
646 1686 843 1733 falleret
890 1688 940 1734 et
986 1685 1050 1732 ad
1099 1687 1410 1748 interrogata
1456 1700 1574 1732 vera
1624 1685 1791 1746 potius

93 1775 242 1823 quam
280 1759 397 1807 ficta
437 1770 488 1807 et
527 1762 785 1821 conposita
822 1760 1079 1808 fateretur.
1140 1761 1215 1806 ait
1253 1775 1369 1822 ergo
1410 1757 1556 1807 mihi:
1596 1760 1650 1805 in
1680 1760 1790 1820 ipso

91 1835 382 1895 pronomine
437 1834 624 1897 grande
678 1833 871 1895 pondus
927 1835 1003 1882 est
1054 1833 1361 1894 intellectus3
1430 1833 1554 1880 mihi
1609 1834 1791 1894 quippe

94 1909 257 1968 potest
302 1908 530 1972 intellegi
575 1911 749 1970 utpote
796 1910 926 1970 regi,
974 1909 1082 1970 qui,
1130 1923 1242 1956 011111
1283 1922 1481 1968 possem
1521 1908 1678 1954 artius
1717 1900 1790 1954 111-

95 1983 286 2043 quirere
341 1982 627 2043 veritatem,
683 1984 727 2030 si
780 1982 958 2030 fuisses
1012 1983 1065 2028 in
1121 1982 1294 2043 aliqua
1345 1983 1489 2043 parte
1538 1981 1792 2040 mentitus,

27 2069 69 2110 ⁸5.
93 2056 386 2117 simpliciter
432 2072 640 2117 quaero,
687 2056 812 2103 mihi
859 2056 947 2118 qui
991 2059 1042 2103 te
1088 2055 1299 2103 liberavi
1347 2071 1377 2103 a
1422 2055 1658 2115 vinculis,
1706 2049 1806 2116 qui>

93 2130 304 2177 salutem
342 2134 483 2177 tuam
523 2132 732 2190 servavi,
772 2132 861 2192 qui
898 2132 949 2178 te
980 2131 1147 2191 recepi
1177 2132 1231 2177 in
1261 2145 1486 2178 meorum
1516 2125 1789 2178 numerum.

26 2215 27 2218 ’
93 2204 332 2265 conpletis
394 2206 584 2252 interea
647 2221 774 2266 quae
836 2205 1113 2253 necessario
1168 2205 1371 2251 fuerunt
1422 2203 1792 2266 praemittenda

69 2276 308 2344 ⁴breviter
361 2280 598 2340 proponit
652 2294 779 2340 quae
836 2278 1068 2340 cupiebat
1115 2278 1304 2326 audire,
1378 2293 1479 2326 non
1526 2278 1696 2338 enim,
1722 2279 1791 2337 ,ut

36 2406 40 2410 ,
94 2365 243 2412 supra
283 2351 471 2399 dictum
510 2355 599 2410 est,
639 2352 920 2400 adhibenda
957 2353 1122 2399 fuerat
1160 2368 1301 2400 mora
1337 2351 1484 2399 rebus
1523 2367 1615 2414 pro
1655 2344 1790 2399 statu

27 2436 72 2487 φο
92 2425 290 2486 publico
309 2426 675 2490 cognoscendis.
716 2440 809 2486 quo
824 2427 996 2475 molem
1010 2427 1138 2475 hanc
1160 2428 1378 2474 inmanis
1401 2427 1511 2485 equi
1532 2428 1718 2474 statuer
1720 2426 1776 2474 e9
1796 2429 1879 2467 150

27 2503 45 2575 ἦ
94 2500 201 2557 quis
232 2503 415 2547 azwtoo.
410 2501 431 2533 9
482 2501 656 2560 quidve
677 2501 886 2562 petunt?
936 2514 1061 2560 quae
1090 2499 1258 2560 reliqio
1290 2504 1379 2548 aut
1407 2515 1532 2560 quae
1561 2500 1806 2569 machina,

32 2585 44 2630 1
95 2572 236 2620 belli?
311 2575 487 2636 plena
513 2574 788 2636 propositio
845 2577 894 2622 et
946 2575 999 2621 in
1053 2575 1165 2636 ipsa
1213 2574 1460 2622 brevitate
1523 2573 1791 2621 verborum

29 2644 46 2714 ξ
95 2647 217 2695 satis
262 2648 521 2696 intellectu
567 2648 837 2709 latissima3
889 2663 1007 2696 nam
1055 2650 1340 2710 quaesitum
1382 2651 1464 2696 est
1510 2662 1598 2694 cur
1635 2663 1789 2709 equus

54 2822 58 2827 ,
215 2777 235 2814 1
271 2773 313 2817 si
343 2773 442 2818 vela
474 2773 559 2816 LR
592 2787 734 2830 supra
766 2775 876 2818 dum
907 2788 946 2818 v
1054 2779 1082 2818 4
1113 2775 1387 2831 deponemus
1415 2789 1450 2818 1.
1565 2778 1590 2817 6
1621 2775 1791 2818 nostris

96 2829 166 2873 ed.
261 2835 315 2875 14
346 2833 491 2877 saluti
521 2847 609 2877 om.
636 2833 708 2877 ed
804 2837 857 2876 19
890 2834 1101 2890 inculpat
1131 2833 1171 2876 R
1203 2848 1319 2878 corr
1343 2849 1439 2875 r=
1458 2833 1506 2877 L.
1601 2836 1658 2876 20
1682 2835 1788 2890 pal-

94 2888 312 3004 ἧνέθεέᾱέ
331 2896 517 3004 :Lm
551 2893 773 2946 fateretur
802 2891 899 2935 LR
919 2893 1207 2949 responderet
1237 2893 1322 2937 ed.
1469 2897 1526 2935 24
1557 2892 1719 2948 fuisset
1748 2892 1790 2935 Β,
