2014 3226
87 921 174 962 680
295 914 364 963 At
407 918 554 974 pater
608 912 845 960 Anchises
891 914 1089 971 penitus
1151 913 1364 959 convalle
1424 914 1598 961 virenti
1655 915 1872 962 inclusas

171 184 283 235 596
645 181 877 224 DONATI
908 181 1188 224 INTERPR.
1223 181 1401 225 VERG.

175 326 380 384 desuper
412 325 637 370 ostentat:
677 322 976 368 monstravit
1015 321 1116 368 illis
1157 321 1430 369 subiectam
1471 338 1760 386 camporum
1799 325 1872 372 ni-

174 399 386 445 tentium
442 396 773 444 latitudinem.
860 396 1029 442 dehinc
1081 408 1272 442 summa
1326 397 1580 444 cacumina
1634 398 1873 457 linquunt,

174 473 266 520 hoc
308 475 380 519 est
421 471 613 518 deserto
649 469 772 516 colle
806 467 1162 515 descenderunt
1194 469 1256 515 ad
1288 469 1452 531 plana.
1513 471 1757 531 quomodo
1791 471 1871 518 de-

170 547 390 607 scripsit,
430 544 498 592 sic
541 542 710 590 debuit
751 544 801 589 et
839 546 1134 603 perventum
1173 542 1224 588 in
1264 543 1404 590 collis
1445 558 1676 591 cacumen
1710 547 1871 593 osten-

172 620 303 679 dere,
337 619 422 667 sed
454 619 546 665 hoc
577 633 675 664 non
707 618 905 663 tantum
938 616 1118 663 vitium
1148 632 1247 663 non
1280 619 1367 676 est,
1400 617 1485 663 sed
1518 619 1592 665 est
1619 618 1872 668 laudanda
1918 642 1937 674 5

172 692 417 753 brevitas,
457 691 623 738 nullus
659 692 789 737 enim
823 689 1076 737 descendit
1108 691 1206 737 nisi
1239 692 1326 751 qui
1357 692 1517 751 primo
1550 691 1873 756 intellegatur

177 767 464 816 ascendisse.
547 780 746 825 campos
795 765 998 811 nitentis
1047 763 1193 824 dixit,
1245 767 1302 811 ut
1347 765 1579 812 meritum
1624 767 1871 815 Anchisae

175 843 490 900 monstraret,
530 857 590 887 ne
631 838 681 884 in
721 839 842 885 locis
883 837 1094 885 sordidis
1133 839 1327 900 positus
1366 839 1634 886 videretur.

178 992 396 1038 aninvas:
439 1005 535 1036 non
579 986 642 1035 ad
679 986 916 1033 iniuriam
957 985 1082 1032 dixit
1119 987 1349 1047 inclusas,
1390 986 1475 1034 sed
1516 987 1577 1034 ad
1616 989 1870 1035 meliorem
1895 1009 1937 1043 10
1991 1039 1993 1048 .

177 1079 314 1125 spem
346 1065 601 1125 separatas
635 1076 664 1107 a
696 1061 871 1107 ceteris
905 1062 954 1106 et
984 1059 1182 1121 penitus
1211 1060 1361 1107 viridi
1384 1061 1437 1107 in
1461 1061 1592 1109 valle
1618 1061 1869 1110 discretas.
1992 1056 1993 1059 ¹

176 1138 268 1185 hoc
307 1138 472 1199 ipsum
509 1136 675 1198 potest
714 1149 967 1195 apparere,
1000 1134 1198 1194 quando
1233 1134 1479 1181 adiectum
1513 1137 1588 1182 est
1617 1150 1869 1195 superum-

177 1226 267 1270 que
313 1212 379 1260 ad
424 1212 586 1258 lumen
630 1211 816 1266 ituras;
871 1224 970 1255 non
1018 1209 1149 1255 enim
1189 1207 1559 1256 dimitterentur
1598 1209 1662 1257 ad
1700 1211 1871 1270 vitam,

178 1288 220 1334 si
253 1285 313 1333 ob
344 1288 540 1333 reatum
582 1285 800 1344 aliquem
830 1284 1117 1329 tenerentur
1147 1281 1381 1330 inclusae.
1445 1284 1685 1331 lustrabat
1713 1285 1871 1332 studio

177 1361 388 1407 recolens
440 1357 748 1420 [omnemque
801 1369 1002 1403 suorum
1055 1358 1178 1416 forte
1231 1357 1504 1404 recensebat
1562 1357 1873 1419 numerumJ:
1896 1379 1937 1413 15

178 1433 429 1482 lustrabat
483 1433 546 1480 ad
602 1431 771 1479 oculos
826 1430 1063 1492 pertinet,
1118 1430 1337 1478 recolens
1393 1431 1455 1478 ad
1512 1432 1666 1479 animi
1711 1433 1871 1479 inten-

176 1508 380 1556 tionem.
457 1507 690 1566 libenter,
743 1504 930 1565 inquit,
986 1504 1140 1551 oculis
1195 1519 1254 1551 ac
1307 1508 1471 1552 mente
1526 1505 1872 1554 considerabat

176 1582 419 1630 Anchises
467 1597 666 1629 suorum
713 1594 995 1638 numerum,
1043 1580 1129 1639 qui
1173 1581 1379 1640 propter
1424 1595 1561 1641 spem
1600 1579 1873 1628 feliciorem

176 1656 431 1704 Romanae
470 1654 772 1717 reipublicae
810 1654 863 1700 in
902 1652 1065 1700 lucem
1103 1653 1301 1700 fuerant
1339 1667 1449 1700 cum
1490 1654 1626 1701 omni
1670 1669 1870 1716 prospe·

176 1732 329 1778 ritate
384 1730 593 1777 venturi.
677 1743 940 1774 numerum
992 1743 1083 1788 pro
1137 1727 1457 1774 multitudine
1511 1729 1703 1789 posuit,
1773 1743 1872 1775 non
1898 1750 1939 1781 ρο
1964 1781 1974 1794 .

178 1805 309 1852 enim
349 1819 521 1852 revera
559 1817 763 1850 numero
803 1803 1036 1863 poterant
1073 1802 1316 1848 recenseri
1355 1803 1442 1848 aut
1479 1801 1532 1848 id
1563 1802 1728 1849 fuerat
1759 1818 1869 1850 con·

176 1878 418 1926 sideranti
455 1877 798 1926 necessarium.
862 1889 1091 1935 carosque
1127 1878 1341 1934 nepotes:
1381 1876 1563 1938 gradus
1603 1877 1762 1924 omnis
1801 1878 1872 1923 te-

175 1952 298 2016 tigit
342 1952 540 2000 futurae
586 1949 919 2013 posteritatis,
966 1949 1053 2010 qui
1090 1948 1289 1996 Aeneae
1329 1950 1379 1997 et
1416 1948 1601 1997 Ascani
1646 1952 1873 2012 tempora

178 2028 398 2075 secuturi
443 2025 743 2074 viderentur.
819 2024 1020 2083 fataque
1064 2023 1382 2083 fortunasque
1427 2025 1587 2071 virum
1626 2038 1873 2084 moresque
1964 2074 1973 2079 ,

179 2115 476 2159 manusque:
528 2097 803 2161 propositio
852 2099 926 2145 est
971 2098 1091 2157 ista,
1140 2112 1291 2158 quam
1337 2099 1388 2144 in
1435 2098 1753 2145 inferioribus
1793 2113 1871 2145 ex·
1897 2118 1937 2151 25
1953 2091 1990 2161 ’ἐξ

179 2174 475 2236 planaturus
531 2176 606 2221 est
659 2173 1002 2220 demonstrans
1058 2171 1143 2232 qui
1197 2171 1298 2218 sint
1342 2171 1529 2233 posteri
1575 2173 1655 2219 vel
1700 2172 1870 2234 quales
1961 2163 1986 2172 ”’

179 2249 352 2308 futuri,
390 2248 470 2295 vel
510 2248 648 2310 quali
686 2247 806 2307 fato,
848 2245 1027 2306 quibus
1065 2245 1284 2293 moribus
1324 2248 1611 2308 quantaque
1656 2247 1869 2294 fortuna.

182 2337 291 2370 0000
329 2322 439 2370 laus
479 2321 739 2381 Anchisae,
777 2320 897 2368 locis
937 2320 1122 2381 quippe
1162 2319 1363 2386 optimis
1404 2321 1454 2367 et
1490 2321 1758 2381 praeclaris
1796 2321 1870 2367 in·
1958 2318 1982 2381 j}

181 2398 358 2445 ventus
398 2398 487 2456 est,
527 2410 676 2460 agens
710 2395 862 2442 etiam
893 2395 1007 2455 post
1037 2395 1248 2440 mortem
1279 2408 1355 2441 res
1387 2395 1541 2442 serias
1573 2396 1623 2441 et
1653 2393 1871 2457 gloriosa
1955 2385 1982 2443 .ἶῖ

182 2469 497 2518 considerans
544 2471 664 2517 vota
702 2470 894 2532 generis
935 2469 1024 2514 sui.
1101 2466 1335 2514 laudatur
1374 2472 1424 2515 et
1462 2467 1658 2516 Aeneae
1697 2469 1869 2528 fatum,
1895 2485 1966 2530 30¹

183 2543 263 2592 cui
300 2544 533 2606 provenit
571 2544 762 2591 occasio
802 2547 862 2589 ut
900 2542 1051 2588 etiam
1089 2543 1195 2602 ipse
1235 2555 1372 2604 spem
1411 2557 1526 2590 suae
1562 2541 1871 2604 posteritatis

1988 1072 1995 1276 ,ψ’-,1,-

305 2705 327 2742 1
360 2699 561 2744 subiecta
591 2699 646 2742 V.
769 2703 796 2742 4
829 2698 982 2743 debuit
999 2710 1051 2730 ——·
1074 2703 1099 2742 ὅ
1130 2701 1207 2744 sed
1237 2701 1412 2742 temere
1442 2699 1555 2742 mut.
1582 2697 1654 2742 ed.
1773 2702 1799 2740 5
1831 2701 1874 2740 et

183 2763 248 2803 est
276 2758 318 2802 V
348 2759 426 2803 sed
456 2763 519 2803 est
549 2758 620 2802 ed.
746 2763 799 2801 15
832 2771 1088 2814 omnemque
1108 2771 1418 2803 —nwmerum
1449 2757 1582 2801 deest
1611 2756 1660 2799 in
1692 2756 1747 2810 V,
1788 2755 1871 2799 sed
1955 2760 1959 2763 “

184 2817 458 2874 explicatur.
614 2823 666 2860 19
705 2817 861 2871 fuerat
890 2817 945 2861 V.
1098 2822 1151 2861 21
1192 2819 1381 2872 fuerant
1410 2816 1464 2860 V.
1625 2820 1680 2859 23
1720 2817 1800 2871 qui
1831 2814 1872 2859 V
1955 2867 1958 2869 Α

185 2877 296 2933 quia
326 2876 398 2920 ed.
521 2881 576 2920 25
609 2878 661 2921 in
691 2890 780 2920 om.
807 2876 878 2919 ed.
1001 2881 1055 2919 27
1089 2878 1336 2933 quibusque
1367 2877 1437 2921 ed.
1483 2879 1489 2933 Ι
1539 2879 1800 2932 quantaque
1829 2873 1872 2917 V
1942 2882 1950 2906 2

185 2939 228 2980 et
257 2935 329 2979 ed.
452 2940 507 2979 29
539 2940 730 2980 resmas
760 2935 799 2979 V
832 2949 902 2979 res
934 2937 1054 2980 altas
1085 2936 1156 2979 ed.
1189 2950 1260 2980 res
1289 2937 1431 2980 serias
1461 2950 1558 2979 nos.
1603 2938 1608 2992 Ι
1649 2934 1871 2992 qlorz‘osae

184 2993 228 3038 V
256 2995 446 3053 qloriose
477 2994 548 3038 ed.
1854 2992 1859 2995 '
