2014 3226
221 170 332 222 406
691 169 923 213 DONATI
953 169 1232 213 INTERPR.
1266 168 1442 212 VERG.

220 311 511 358 intuebatur
549 311 856 371 loquentem,
902 310 993 356 hoc
1042 311 1114 356 est
1156 325 1211 356 ex
1252 325 1349 371 quo
1392 310 1551 370 coepit
1595 309 1733 370 loqui
1782 310 1928 371 quod

222 384 407 431 Didoni
446 399 543 430 non
583 384 814 444 placeret,
847 398 943 430 non
985 398 1095 430 cum
1136 383 1475 444 conplevisset.
1540 387 1582 430 el
1611 384 1680 430 sic
1713 397 1913 432 accensa

213 460 468 518 profatur:
532 473 629 518 qua
678 456 1069 504 consideratione
1115 459 1372 519 tamquam
1425 456 1652 504 incendio
1709 471 1913 505 accensa

133 537 217 577 365
237 533 306 579 sic
352 531 594 578 tumidam
642 532 923 592 prorumpit
969 531 1022 577 in
1069 546 1261 578 vocem:
1322 545 1408 577 nec
1454 531 1536 577 tibi
1580 531 1694 578 diva
1727 545 1914 591 parcns

216 607 406 666 cencris
452 619 536 651 ncc
574 605 851 652 Dardanus
897 608 1084 658 auctor,
1116 605 1329 664 perfide,
1369 605 1453 652 secl
1493 604 1631 651 duris
1667 606 1835 665 ycnuil
1871 608 1913 651 tc
1960 619 2001 662 51

220 680 442 726 cautibus
487 680 688 725 horrens
738 677 990 725 Caucasus
1036 678 1394 739 Hyrcanaeque
1448 678 1709 726 admorunt
1761 679 1911 726 ubera
1999 670 2001 682 '

220 755 377 812 apres.
436 751 522 799 ubi
553 751 680 799 vidit
711 751 842 799 Dido
882 751 1007 799 nihil
1047 752 1263 799 valuisse
1303 767 1470 814 preces
1512 767 1624 799 suas
1665 753 1714 798 et
1754 753 1912 799 omnis

218 827 376 887 partis
416 826 749 874 miserationis
789 825 1027 886 exclusas,
1066 827 1219 873 vertit
1258 841 1308 873 se
1349 826 1411 873 ad
1452 827 1673 873 convicia
1717 826 1914 873 factura

219 900 341 948 satis
382 902 547 947 animo
588 915 692 960 suo,
732 901 774 947 si
812 899 1063 947 hominem
1100 899 1319 947 laederet
1357 899 1457 946 iam
1498 899 1773 947 intentione
1805 915 1912 961 per-

216 975 395 1021 tinacis
436 973 784 1021 obstinationis
826 974 1057 1021 alienum.
1137 974 1257 1022 dicis
1298 976 1362 1033 te,
1403 973 1581 1034 inquit,
1620 973 1781 1020 filium
1817 973 1911 1020 Ve-
1939 989 1982 1021 ιο
1996 967 2001 1015 ἶ·

218 1050 363 1108 neris,
397 1048 578 1095 falsum
610 1050 707 1108 est3
746 1047 950 1096 haberes
992 1049 1121 1095 enim
1163 1047 1357 1110 aliquid
1395 1047 1570 1095 matris
1611 1049 1660 1094 et
1699 1062 1826 1095 esses
1860 1049 1912 1094 in

219 1122 439 1169 adfectus
480 1121 873 1170 consideratione
913 1121 1204 1169 tractabilis.
1270 1137 1377 1168 ecce
1410 1121 1689 1169 animorum
1722 1122 1912 1182 quanta

216 1197 452 1243 mutatio:
494 1211 605 1242 cum
638 1199 843 1257 amaret,
877 1196 1001 1243 dixit
1035 1188 1153 1262 (12)
1189 1195 1361 1256 „credo
1395 1195 1638 1257 equidem,
1663 1210 1752 1241 nec
1783 1210 1912 1242 vana

215 1269 351 1331 fides,
391 1285 544 1332 genus
586 1284 687 1328 esse
728 1268 977 1329 deorum“‚
1017 1269 1111 1329 hic,
1154 1270 1269 1331 quia
1309 1285 1490 1333 magna
1526 1271 1579 1316 vi
1611 1268 1911 1331 agitabatur,

215 1344 379 1404 priore
427 1345 674 1391 sententia
721 1359 810 1392 sua
858 1343 1100 1391 dissoluta
1155 1345 1308 1406 negat
1354 1358 1457 1391 esse
1505 1343 1664 1390 filium
1703 1343 1910 1390 Veneris
1937 1357 2001 1391 ιο,

215 1419 266 1465 et
305 1434 335 1464 a
375 1418 663 1466 caelestium
704 1417 943 1480 sanguine
985 1417 1171 1465 adserit
1210 1433 1313 1465 esse
1362 1418 1643 1465 discretum.
1719 1416 1912 1463 Darda·
1993 1442 1995 1474 ς

214 1508 335 1538 num
381 1507 575 1554 quoque
624 1491 860 1556 confingis
909 1494 1161 1540 auctorem
1213 1491 1405 1554 generis
1443 1492 1542 1538 tui:
1596 1491 1723 1537 nihil
1761 1490 1911 1537 habes
1990 1495 1994 1548 «Τ

214 1565 543 1614 humanitatis
585 1567 690 1613 eius
731 1568 781 1613 et
818 1582 1025 1626 morum,
1060 1581 1158 1628 quo
1192 1565 1448 1614 confirmes
1480 1580 1598 1612 vera
1641 1579 1744 1612 esse
1785 1579 1911 1626 quae
1991 1554 1993 1618 s

215 1642 474 1702 conposita
521 1640 745 1688 falsitate
791 1640 1032 1687 mentiris.
1111 1642 1163 1687 at
1211 1655 1302 1702 ego
1349 1655 1490 1687 veros
1529 1640 1760 1700 parentes
1799 1641 1911 1686 tuos

215 1715 266 1760 et
304 1715 520 1762 nutrices
561 1729 842 1762 enumerem
880 1714 1024 1762 rebus
1064 1715 1186 1775 ipsis
1226 1714 1318 1761 hoc
1353 1713 1519 1775 ipsum
1552 1715 1601 1760 et
1632 1713 1731 1760 tuis
1763 1713 1910 1759 mori-
1935 1727 1985 1778 εκ)Ἰ

214 1786 305 1835 bus
358 1787 646 1849 probatura.
724 1790 1001 1851 genuerunt
1055 1790 1104 1835 te
1161 1786 1368 1835 Caucasi
1421 1802 1568 1848 rupes
1624 1789 1671 1834 et
1727 1787 1910 1833 cautes.

215 1859 329 1908 hinc
376 1861 548 1923 durus,
602 1861 716 1909 hinc
764 1877 930 1923 asper,
983 1862 1098 1909 hinc
1146 1862 1207 1909 ab
1254 1862 1472 1909 humana
1525 1862 1720 1908 ratione
1767 1859 1919 1910 dissi-c

214 1934 371 1994 milis,
424 1937 598 1998 utpote
655 1935 740 1997 qui
795 1938 862 1984 sis
916 1939 1062 1984 natus
1117 1951 1175 1984 ex
1231 1937 1375 1983 saxis.
1453 1933 1659 1998 tigrides
1717 1949 1910 1996 quoque

214 2008 437 2057 habuisti
481 2009 724 2070 nutrices,
772 2026 983 2072 quarum
1030 2010 1148 2058 feris
1197 2010 1328 2058 altus
1376 2009 1607 2056 uberibus
1653 2008 1908 2055 hominum

215 2083 645 2131 mansuetudinem
682 2084 855 2132 nescis.
925 2085 1111 2132 tractat
1149 2086 1298 2145 poeta
1335 2083 1429 2132 hoc
1466 2083 1576 2130 loco
1615 2080 1783 2144 pueris
1823 2097 1911 2143 per
1934 2078 1985 2134 »εἴ

215 2156 507 2204 alimoniam
559 2157 706 2205 lactis
762 2159 915 2206 etiam
968 2158 1219 2205 nutricum
1271 2173 1431 2205 mores
1493 2155 1714 2215 infundi,
1778 2154 1912 2217 quod
1971 2128 1986 2170 ²

214 2231 380 2291 ipsum
419 2233 469 2279 et
509 2230 735 2279 Ciceroni
772 2232 1016 2293 placuisse
1058 2213 1378 2280 manifestum
1418 2232 1514 2290 est,
1563 2229 1647 2291 qui
1694 2231 1748 2277 in
1794 2229 1910 2276 edu·
1972 2251 1982 2299 3

215 2305 410 2352 catione
457 2305 614 2352 futuri
654 2305 865 2354 oratoris
907 2299 990 2371 (de
1030 2321 1098 2353 or.
1141 2307 1171 2353 3
1222 2303 1254 2366 ἓ
1296 2298 1538 2371 44—45)
1588 2303 1731 2351 iubet
1768 2317 1911 2365 prae·
1973 2305 1983 2366 ξ

215 2378 387 2440 cipuas
442 2378 666 2426 adhiberi
718 2379 949 2427 mulieres
1005 2395 1103 2427 non
1157 2381 1361 2442 ignarus
1417 2373 1500 2443 (cf.
1534 2378 1674 2425 Tusc.
1710 2378 1740 2424 3
1783 2374 1815 2438 ξ
1850 2369 1905 2442 2)
1967 2373 1995 2438 ζ,

215 2467 305 2514 per
357 2451 594 2514 obsequia
647 2453 855 2501 uberum
907 2456 1139 2501 naturam
1194 2469 1251 2500 ex
1306 2451 1406 2500 alia
1458 2451 1511 2498 in
1567 2451 1719 2499 aliam
1765 2465 1909 2512 posse
1973 2443 1981 2501 †

215 2525 442 2573 transire.
518 2541 637 2574 num
682 2529 798 2585 fletu
842 2529 1075 2588 inyemuit
1118 2528 1314 2575 nostro?
1359 2541 1478 2574 num
1516 2526 1707 2573 lumina
1744 2524 1910 2583 slcaeit?
1955 2507 1981 2582 <3

127 2603 214 2643 370
231 2614 352 2647 num
404 2600 637 2648 lacrimas
688 2601 842 2648 victus
867 2659 869 2661 .
896 2601 1027 2649 dedit
1079 2604 1166 2648 aui-
1217 2602 1476 2649 miseratus
1521 2602 1765 2647 amantem
1811 2598 1911 2646 cst?
1950 2592 1978 2668 ᾖ

214 2797 313 2842 HU
343 2799 414 2842 ed.
508 2804 534 2842 2
565 2800 875 2855 cumplevissct
904 2799 989 2843 LR
1021 2800 1073 2857 <L
1107 2813 1214 2843 cum
1252 2802 1274 2829 ⁹
1306 2811 1446 2856 super
1475 2800 1592 2854 cum)
1625 2812 1726 2842 cum
1750 2797 1906 2853 compl.

215 2857 288 2902 ed.
413 2862 468 2902 15
495 2859 650 2914 priori
682 2858 767 2901 LR
799 2859 871 2902 ed.
914 2861 920 2915 Ι
969 2859 1159 2904 πεοαάῖἑ
1190 2858 1276 2902 LR
1306 2863 1442 2916 neyat
1471 2871 1562 2902 esse
1592 2871 1616 2900 1·
1645 2870 1726 2901 nec
1756 2855 1910 2900 adesse
1973 2859 1988 2866 ’“

214 2916 312 2960 HU
341 2931 423 2962 nec
452 2930 542 2962 csse
572 2917 644 2961 ed.
771 2921 824 2960 17
857 2918 1083 2975 confinyes
1106 2917 1155 2962 L.
1280 2922 1335 2961 23
1368 2931 1390 2961 e
1419 2917 1547 2961 saxis
1579 2915 1651 2960 ed.
1680 2917 1686 2970 Ι
1726 2915 1911 2973 tim-iduh

214 2975 305 3019 LR
335 2980 484 3034 tyyres
515 2975 587 3020 ed.
711 2980 768 3019 24
798 2977 1002 3021 habuisti
1018 3003 1074 3009 —
1091 2978 1215 3021 altus
1244 2977 1417 3021 temere
1448 2975 1564 3019 mut,
1597 2975 1668 3019 ed.
1851 2994 1859 3002 ·
1937 2947 1972 3005 «Β

337 2745 359 2783 1
401 2708 607 2784 intuebat
637 2739 686 2784 L.
745 2742 751 2797 1
808 2742 929 2796 quod
947 2767 1000 2774 —
1021 2746 1046 2784 2
1079 2742 1316 2798 placerent
1345 2740 1440 2800 ¹lsR,
1478 2753 1593 2796 quae
1611 2740 1912 2795 -placerent
1936 2671 1978 2941 Ξ
