2014 3226
738 179 1040 224 AENEIDOS
1072 181 1135 224 IV
1681 184 1787 235 383

98 323 155 366 ut
202 321 266 367 sit
311 318 459 366 torsit
506 318 673 366 oculos
722 318 785 365 ad
830 320 1026 367 moenia
1074 325 1122 367 et
1171 321 1233 367 ad
1281 336 1361 368 eos
1412 324 1497 382 qui
1538 323 1787 370 amoribus

97 396 334 441 vacarent
394 393 590 439 reiectis
651 392 879 453 partibus
944 394 1218 442 honestatis
1283 396 1332 441 et
1394 396 1637 443 commodi
1699 398 1787 444 sui.

98 483 342 528 nusquam
390 466 457 514 sic
503 465 629 513 vitia
676 468 858 514 amoris
904 483 1132 528 expressa
1171 471 1286 516 sunt
1323 470 1380 516 ut
1418 471 1468 516 in
1509 470 1602 517 hoc
1640 470 1789 530 libr03

98 541 183 588 ubi
223 541 353 587 enim
394 555 532 587 amor
569 540 913 599 intervenerit,
960 542 1086 587 nihil
1126 545 1324 602 praeter
1361 543 1618 590 libidinem
1658 545 1789 606 cogi-

54 635 74 666 5
98 618 256 674 tatur,
297 630 395 662 non
434 614 558 661 utile
600 613 792 675 aliquid
833 617 1109 675 quaeritur,
1149 617 1471 664 commoditas
1511 618 1663 678 nulla⁷
1703 618 1788 666 ho-

97 692 263 736 nestas
309 688 449 734 nulla
494 690 761 751 tractatur,
812 688 945 735 subit
991 690 1306 752 neglegentia
1353 691 1572 737 omnium
1611 708 1788 750 rerum,

97 764 300 825 negotia
337 761 642 821 differuntur,
675 761 744 809 sic
774 761 827 808 in
861 762 1161 810 oblivionem
1191 765 1400 811 veniunt
1433 766 1611 826 omnia,
1645 768 1788 827 quasi

26 849 33 853 ·
96 836 439 884 universorum
487 836 811 884 commoditas
857 838 1055 883 actuum
1094 839 1146 883 in
1187 838 1290 884 solo
1331 853 1495 886 amore
1536 842 1786 887 consistat.

96 915 198 958 tum
228 912 297 957 sic
327 911 635 957 Mercu-rium
666 910 946 969 adloque'tur
986 925 1042 957 ac
1080 911 1200 958 talia
1239 913 1453 958 mandat.
1517 915 1653 968 rade,
1685 928 1786 972 aye,

29 1005 74 1036 10
96 988 228 1040 nate,
277 999 394 1031 mea
434 985 664 1045 zephyros
704 986 746 1031 et
785 985 944 1031 labere
973 986 1172 1044 pinnis:
1225 986 1348 1032 vade
1390 986 1530 1047 quasi
1571 987 1788 1034 officium

95 1044 277 1120 pedum
330 1059 660 1106 necessarium
715 1057 963 1121 significat
1010 1061 1058 1106 et
1104 1061 1277 1120 postea
1326 1059 1453 1107 dixit
1499 1076 1611 1123 age,
1657 1063 1788 1121 nate,

95 1147 218 1180 voca
257 1132 495 1194 zephyros
537 1135 585 1179 et
617 1132 782 1179 labere
814 1132 992 1193 pinnis.
1058 1149 1168 1180 cum
1199 1134 1355 1196 igitur
1386 1133 1510 1181 vade
1545 1137 1593 1181 et
1623 1134 1787 1182 labere

97 1206 346 1254 diversum
387 1208 467 1265 sit,
507 1206 750 1267 quomodo
789 1208 955 1267 potest
993 1207 1276 1255 intellectus
1316 1223 1426 1254 cum
1463 1223 1550 1254 sua
1581 1208 1786 1271 integri-

26 1329 31 1333 „
95 1282 200 1328 tate
240 1278 486 1328 discerni?
563 1280 702 1339 vade,
742 1280 921 1342 inquit,
961 1296 1084 1329 voca
1123 1281 1364 1342 zephyros
1405 1283 1468 1341 et,
1516 1298 1626 1329 cum
1669 1282 1786 1330 flare

13 1373 71 1406 15
97 1354 361 1416 coeperint,
400 1355 566 1416 pinnis
605 1354 792 1414 labere3
831 1355 1014 1415 pinnae
1055 1355 1185 1401 enim
1224 1355 1328 1402 sine
1367 1358 1624 1403 ventorum
1664 1356 1787 1403 flatu

94 1429 339 1476 tardiores
395 1430 529 1488 sunt,
584 1431 787 1490 accepto
843 1431 1010 1476 autem
1072 1432 1333 1476 ventorum
1396 1429 1679 1477 adiumento
1733 1431 1786 1476 in

96 1503 404 1551 celeritatem
442 1503 650 1550 nimiam
691 1502 1004 1550 concitantur
1043 1506 1091 1550 et
1128 1505 1237 1551 tota
1271 1505 1562 1550 maturitate
1602 1503 1664 1550 ad
1705 1503 1785 1550 de-

96 1579 282 1624 stinata
321 1578 630 1638 perveniunt.
706 1577 1120 1636 Dardaniumque
1157 1578 1345 1631 ducem,
1387 1578 1541 1637 Tyria
1583 1576 1786 1625 Cartha-

91 1653 204 1711 m'ne
250 1653 333 1711 qui
378 1666 509 1698 nune
556 1654 768 1711 expectat
810 1652 995 1710 fatique
1041 1652 1184 1699 datas
1227 1665 1327 1698 non
1376 1653 1570 1710 respicit
1620 1652 1769 1706 urbis,
1788 1657 1874 1696 225

25 1743 73 1777 20
96 1725 353 1784 adloquere
393 1729 434 1772 et
473 1725 637 1773 celeris
676 1725 811 1785 defer
849 1741 955 1772 mea
995 1725 1123 1772 dicta
1151 1739 1246 1785 per
1276 1739 1453 1773 auras:
1492 1724 1617 1772 dixit
1647 1725 1785 1785 vade,

96 1799 222 1847 dixit
267 1799 360 1847 hoc
406 1800 571 1860 ipsum
609 1798 735 1847 vade
775 1815 874 1861 qua
913 1799 1156 1847 facilitate
1195 1800 1354 1860 possit
1392 1799 1594 1860 inpleri:
1647 1813 1785 1859 voca,

93 1874 274 1935 inquit,
305 1876 480 1921 ventos
520 1876 570 1921 et
607 1875 774 1935 pinnis
813 1873 992 1921 labere.
1044 1872 1368 1933 Dardanium,
1400 1872 1579 1934 inquit,
1611 1872 1786 1920 ducem

96 1961 167 2008 ac,
205 1963 266 1995 ne
305 1948 548 1995 incertum
578 1947 850 1996 Mercurius
890 1947 1096 1995 haberet
1134 1947 1198 1993 ad
1238 1962 1380 2008 quem
1421 1946 1659 1994 mandata
1694 1946 1786 1993 illa

27 2017 31 2025 '
96 2024 259 2070 essent
295 2021 604 2083 perferenda,
643 2021 925 2086 designavit
962 2021 1188 2083 Iuppiter
1226 2022 1378 2068 etiam
1416 2021 1579 2068 locum
1618 2019 1784 2068 dicens

25 2103 72 2145 ἐπε
97 2095 250 2157 Tyria
298 2093 600 2158 Carthagine
649 2096 734 2157 qui
779 2111 911 2143 nunc
958 2097 1184 2156 expectat
1232 2095 1448 2155 fatisque
1497 2093 1640 2142 datas
1686 2109 1785 2142 non

28 2217 32 2220 ,
94 2170 298 2231 respicit
342 2169 502 2230 urbis,
550 2170 816 2232 adloquere
863 2171 914 2216 et
960 2170 1131 2217 celeris
1178 2168 1314 2216 defer
1358 2183 1469 2214 mea
1517 2168 1650 2215 dicta
1695 2183 1785 2229 per

97 2258 255 2291 auras.
332 2243 418 2291 ille
458 2246 554 2304 est,
592 2245 779 2306 inquit,
821 2243 885 2291 ad
923 2259 1069 2305 quem
1106 2243 1343 2302 mitteris,
1392 2242 1477 2303 qui
1517 2243 1783 2290 consisten-

31 2350 33 2352 -
73 2317 215 2364 dum
269 2317 400 2380 apud
456 2316 811 2382 Carthaginem
862 2317 1110 2364 inutiliter
1170 2318 1318 2378 putat
1370 2331 1459 2364 nec
1512 2316 1565 2362 in
1619 2315 1783 2363 animo

32 2390 37 2430 f
94 2391 246 2439 habet
291 2407 416 2453 quae
462 2391 542 2438 illi
587 2394 750 2440 terrae
789 2391 1014 2439 fataliter
1050 2390 1321 2438 attributae
1361 2390 1475 2437 sint.
1553 2389 1686 2450 quod
1724 2388 1783 2437 de

99 2463 413 2528 Carthaginis
451 2465 730 2514 inimicitiis
768 2465 850 2513 hic
882 2466 1095 2512 strictim
1126 2464 1315 2512 dictum
1347 2466 1423 2511 est
1452 2462 1504 2510 in
1536 2462 1784 2510 mandatis

94 2539 228 2588 infra
263 2540 441 2602 positis
479 2539 674 2602 plenius
714 2539 848 2587 dicit.
911 2541 962 2587 et
1000 2537 1171 2586 celeris
1211 2537 1348 2585 defer
1384 2553 1495 2585 mea
1533 2536 1666 2584 dicta
1695 2551 1784 2598 per

214 2698 240 2737 2
272 2700 487 2739 vacarent
516 2695 607 2738 LR
637 2699 849 2740 vacantes
879 2693 950 2736 ed.
982 2697 1150 2737 vacant
1179 2692 1251 2736 ed.
1283 2693 1403 2750 post.
1448 2696 1453 2747 Ι
1495 2692 1668 2736 retectis
1696 2689 1784 2733 LR

97 2767 207 2797 corr.
227 2753 299 2799 ed.
327 2755 335 2812 Ι
361 2755 583 2799 commodi
603 2755 679 2798 sui
693 2753 780 2796 LR·
794 2753 1037 2797 commodis
1060 2751 1287 2797 adnotata.
1308 2751 1494 2805 lacuna,
1510 2762 1632 2807 quae
1650 2747 1783 2792 nulla

96 2814 180 2866 est,
205 2812 315 2858 edF.
417 2817 441 2856 7
475 2813 631 2869 officia
662 2814 883 2870 lanquent
910 2811 1020 2868 post
1049 2811 1330 2866 differuntur
1359 2808 1576 2866 interpol.
1593 2807 1664 2852 ed.
1688 2820 1782 2851 nou

95 2871 203 2916 hab.
228 2871 479 2916 LRHOU.
581 2876 634 2916 11
669 2872 791 2916 dimit
821 2885 903 2928 aye
932 2869 1020 2913 LR
1048 2870 1162 2914 vade
1193 2869 1415 2926 interpos.
1441 2868 1512 2912 ed.
1612 2871 1669 2910 20
1699 2867 1780 2911 ad-

98 2931 273 2988 loquere
302 2932 481 2976 sceleris
511 2932 577 2988 (et
598 2930 740 2988 insta)
772 2929 871 2973 LR.
965 2934 1019 2973 21
1050 2929 1269 2984 felicitate
1289 2928 1344 2972 R.
1438 2931 1493 2970 23
1524 2940 1581 2971 ae
1602 2939 1691 2970 om.
1707 2925 1780 2970 ed.

185 2993 241 3034 27
271 2990 464 3036 mitteris
493 2989 580 3034 LR
610 2996 652 3034 te
681 2990 809 3034 mitto
840 2989 911 3032 ed.
1005 2991 1062 3032 30
1091 2989 1297 3033 stactam
1326 2986 1415 3031 LR
1445 3000 1558 3030 corr.
1590 2985 1662 3030 ed.
