2014 3226
123 1144 179 1183 80

212 186 322 240 274
680 187 912 231 DONATI
942 187 1222 231 INTERPR.
1255 187 1434 232 VERG.

212 329 422 388 Mycono
471 343 494 375 e
539 329 665 374 celsa
714 327 974 386 Gyaroque
1019 329 1228 374 revinxit
1271 329 1596 386 inwzotamque
1642 326 1733 373 coli
1778 326 1910 374 dedit

214 406 255 450 et
293 406 586 449 contemnere
623 404 798 448 ventos.
875 401 967 447 hue
1005 401 1149 459 feror,
1189 402 1306 448 haee
1343 402 1496 460 fessos
1534 404 1632 448 tuto
1671 401 1908 459 placidis·

212 479 338 524 sima
375 479 526 535 portu
573 477 769 534 accipit:
824 473 1030 522 dicendo
1077 475 1230 522 fessos
1278 476 1462 536 accipit
1509 477 1559 522 et
1603 475 1806 536 longam
1858 476 1909 521 et

212 550 514 597 laboriosam
561 547 933 611 navigationem
974 549 1212 611 ostendit,
1262 564 1378 596 casu
1419 551 1584 596 autem
1622 548 1809 595 factum
1848 549 1908 594 ut

213 624 275 671 ad
321 623 462 669 illam
509 622 724 669 insulam
773 622 1104 683 deferrentur3
1165 639 1266 670 non
1314 623 1445 669 enim
1491 624 1732 669 noverant
1783 637 1906 669 eam.
1953 636 1975 668 5

211 698 402 744 interea
458 696 719 757 descripsit
774 695 965 743 insulae
1021 696 1173 743 situm
1227 699 1276 743 et
1332 712 1430 757 quo
1486 696 1739 744 conditore
1794 710 1907 742 con-

212 771 399 818 stiterit
447 772 497 816 et
545 769 676 830 quod
721 786 902 817 numen
948 769 1001 816 in
1049 785 1106 817 ea
1154 770 1397 818 coleretur
1441 785 1600 831 quove
1641 769 1730 817 deo
1773 768 1907 816 auxi-

211 846 367 891 liante
409 860 465 890 ex
506 844 717 891 erratica
757 845 807 890 et
845 843 1020 891 mobili
1051 843 1245 892 stabilis
1286 847 1335 891 et
1373 843 1627 892 inmobilis
1661 845 1795 891 facta
1827 842 1906 890 sit.

213 920 387 978 egressi
433 933 725 965 veneramur
770 916 1018 976 Apollinis
1071 919 1262 965 urbem:
1323 920 1381 966 ut
1434 920 1672 979 primum,
1727 916 1907 978 inquit,

210 992 420 1040 navibus
462 1007 628 1039 sumus
670 993 867 1055 egressi,
906 991 1132 1039 venerati
1170 991 1343 1038 urbem
1381 1007 1548 1040 sumus
1586 992 1640 1038 in
1670 991 1907 1039 honorem
1931 1006 1977 1039 ιο

212 1068 315 1114 eius
358 1067 447 1127 qui
486 1081 596 1112 eam
633 1065 852 1114 firmavit
892 1067 942 1113 et
981 1065 1202 1113 condidit
1241 1067 1291 1113 et
1330 1065 1417 1128 qui
1454 1067 1507 1112 in
1548 1081 1606 1113 ea
1643 1066 1906 1127 praecipue

213 1139 479 1188 colebatur.
544 1155 628 1187 reoe
657 1138 838 1195 Anima
878 1154 965 1187 rem
1001 1141 1129 1187 idem
1166 1141 1414 1187 hominum
1443 1140 1713 1199 Phoebique
1749 1153 1907 1186 sacer-

210 1216 310 1269 dos,
343 1215 474 1261 vittis
507 1217 549 1260 et
579 1229 724 1262 saera
754 1213 1008 1261 redimitus
1040 1217 1255 1274 tempora
1286 1215 1428 1262 lawro
1459 1215 1678 1268 occurrit,
1707 1217 1908 1260 veterem

210 1287 457 1336 Anchisen
497 1289 693 1347 aynovit
730 1290 965 1335 amicum:
1016 1287 1151 1349 quod
1192 1289 1264 1335 ait
1303 1287 1538 1348 occurrit,
1576 1304 1758 1351 magna
1796 1287 1906 1334 laus

212 1362 315 1410 eius
357 1365 445 1422 est,
479 1364 579 1423 qui,
611 1377 723 1409 cum
763 1363 892 1409 esset
929 1378 1015 1408 rex
1056 1364 1104 1409 et
1144 1361 1412 1410 sacerdotii
1450 1361 1696 1425 dignitate
1734 1362 1906 1421 fultus,
1931 1375 2001 1410 15.

210 1453 310 1484 non
358 1435 638 1497 expectavit
683 1438 741 1483 ut
788 1435 851 1483 ad
899 1451 949 1483 se
996 1435 1248 1498 peregrini
1296 1435 1464 1497 potius
1519 1435 1767 1495 venirent,
1822 1434 1906 1482 sed
1990 1434 1991 1440 ’

210 1512 317 1572 ipse
359 1511 574 1557 occurrit
613 1510 927 1557 humanitate
965 1509 1045 1557 vel
1084 1511 1296 1556 maxime
1337 1509 1527 1570 ductus,
1565 1525 1715 1570 quam
1753 1510 1905 1556 testa-

209 1584 358 1632 batur
405 1584 718 1631 occurrendo.
798 1584 930 1645 quod
986 1585 1155 1630 autem
1213 1584 1340 1630 dixit
1391 1586 1611 1631 veterem
1655 1582 1907 1631 Anchisen

211 1659 418 1721 agnovit
471 1657 711 1718 amicum,
765 1673 862 1705 non
920 1659 1187 1719 antiquum
1234 1658 1381 1719 quasi
1426 1658 1607 1706 veteris
1656 1656 1906 1704 amicitiae

209 1731 555 1780 tantummodo
603 1731 834 1779 debemus
883 1733 1126 1793 accipere,
1174 1731 1259 1779 sed
1303 1732 1457 1779 talem
1505 1747 1700 1793 quoque
1740 1730 1906 1793 qualis
1936 1752 1977 1778 20.

210 1807 396 1867 fuerat,
444 1821 556 1853 oum
602 1807 757 1853 staret
805 1805 1020 1853 felicitas
1060 1805 1408 1864 Troianorum3
1463 1806 1611 1852 multi
1659 1805 1812 1866 enim,
1850 1806 1908 1852 ut
1963 1791 1996 1851 31⁴,

210 1880 523 1942 Polymestor
561 1879 695 1940 fecit,
730 1879 816 1940 qui
855 1894 967 1926 cum
999 1880 1303 1927 Teucrorum
1335 1880 1536 1927 fortuna
1566 1881 1788 1926 mutatus
1817 1881 1906 1939 est,
1959 1875 1971 1935 ⁴,

210 1954 406 2001 tamdiu
445 1954 690 2001 amicitias
726 1956 898 2000 tenent
930 1953 1168 2015 quamdiu
1199 1955 1339 2000 stetit
1368 1954 1758 2014 uniuscuiusque
1791 1951 1906 2000 sub·
1950 1959 1952 1962 ⁴

212 2029 410 2075 stantia.
489 2043 599 2075 ecce
644 2028 738 2075 iste
787 2027 947 2074 Anius
994 2043 1094 2075 11011
1144 2027 1398 2075 fortunam
1443 2030 1756 2088 praesentem
1795 2041 1906 2074 con·

213 2101 451 2150 sideravit
489 2102 758 2164 Anchisae,
807 2102 894 2149 sed
939 2103 1159 2149 veterem
1196 2102 1359 2148 tenuit
1397 2102 1692 2163 tantumque
1730 2099 1908 2148 habuit
1935 2122 1942 2141 ·.
1968 2095 1970 2097 ’

213 2177 426 2223 amicum
474 2178 688 2236 quantus
734 2175 854 2236 fuit,
901 2191 1002 2223 non
1054 2177 1269 2236 quantus
1318 2174 1564 2223 veniebat.
1640 2175 1810 2222 laurus
1858 2176 1907 2222 et
1964 2166 1973 2170 ⁷

211 2251 368 2296 vittae
393 2249 611 2312 insignia
641 2250 845 2297 fuerunt
877 2249 1162 2310 sacerdotis,
1185 2264 1285 2297 non
1317 2248 1460 2312 signa
1487 2249 1726 2308 laetitiae,
1749 2263 1906 2310 quon·
1970 2255 1973 2263 ”

210 2324 312 2371 13111
358 2339 459 2370 11011
505 2322 863 2371 conveniebant
915 2323 1131 2384 tempori
1186 2338 1282 2384 quo
1338 2323 1462 2371 victi
1511 2321 1908 2384 suscipiebantur
1978 2359 1981 2379 2

213 2399 262 2444 et
299 2396 482 2444 tristes.
559 2396 770 2458 denique
811 2412 953 2444 sacra
989 2397 1132 2444 lauro
1171 2396 1352 2459 inquit,
1390 2398 1447 2444 ut
1485 2396 1766 2444 ostenderet
1797 2411 1907 2444 eam
1976 2391 1984 2468 ᾗ

211 2470 468 2533 religionis
502 2486 651 2518 causa
681 2472 886 2532 portari.
941 2471 1034 2518 hoc
1066 2471 1174 2518 loco
1205 2486 1390 2533 magna
1421 2470 1644 2532 exempla
1675 2469 1729 2518 in
1758 2469 1905 2531 Poly-
1979 2469 1983 2478 ’

335 2646 356 2683 1
390 2654 578 2698 mycono
610 2654 632 2684 e
662 2641 780 2685 celsa
810 2640 896 2684 LR
936 2641 1135 2698 Mycono
1165 2641 1284 2685 celsa
1324 2640 1394 2684 ed.
1564 2644 1590 2682 3
1630 2639 1802 2695 aceepit
1839 2639 1906 2696 (et

211 2699 353 2756 infra)
384 2699 471 2742 LR
502 2700 670 2755 accipit
700 2715 733 2743 r.
830 2704 854 2743 7
887 2713 975 2757 quo
1005 2714 1175 2744 numen
1197 2699 1284 2743 LR
1314 2700 1435 2756 quod
1464 2714 1510 2743 n.
1537 2699 1607 2742 ed.
1701 2701 1728 2741 8
1759 2699 1906 2742 ambiza·

212 2759 298 2802 LR
328 2759 488 2803 mobili
516 2757 638 2802 1·Ηο
672 2759 743 2802 ed..
869 2764 924 2803 14
956 2760 1162 2817 aynoseit
1192 2758 1263 2803 ed.
1297 2760 1364 2815 (et
1393 2758 1548 2814 infra).
1670 2762 1725 2801 15
1756 2771 1903 2801 saeer-
1971 2757 1974 2809 ὲ

211 2818 358 2862 dotali
388 2818 459 2861 ed.
489 2819 495 2875 Ι
529 2818 677 2872 fultus
707 2817 794 2860 LR
819 2819 1060 2873 praeditus
1091 2818 1163 2862 ed.
1264 2822 1319 2861 21
1352 2823 1405 2861 ut
1436 2831 1525 2861 om.
1553 2816 1624 2860 ed.
1725 2821 1780 2860 22
1813 2815 1903 2860 Ρο-

213 2878 455 2935 lymnestor
485 2877 556 2921 ed.
608 2878 614 2933 Ι
670 2890 773 2921 eum
803 2876 888 2919 LR
920 2882 972 2922 ut
1004 2877 1112 2921 edF.
1262 2880 1318 2920 23
1349 2877 1470 2921 stetit
1500 2875 1587 2919 LR
1615 2881 1709 2920 stat
1739 2874 1811 2919 ed.

214 2941 270 2979 24
302 2937 476 2980 annius
514 2938 579 2993 (et
617 2935 757 2992 infra)
789 2935 886 2980 LR.
1041 2940 1095 2980 28
1135 2950 1228 2992 qua
1257 2935 1345 2979 LR
1382 2949 1470 2992 quo
1509 2935 1579 2978 ed.
1734 2937 1790 2977 30
1820 2933 1936 2978 hoe

213 3009 301 3038 om.
327 2995 398 3039 ed.
435 2997 441 3052 Ι
481 2995 535 3039 in
564 2996 646 3040 hoc
677 2995 775 3038 Pol.
809 2995 880 3038 ed.
1840 2994 1850 2999 “’
1967 3005 1969 3025 ³
