2014 3226
65 474 122 512 45

59 1705 115 1768 56

154 181 262 233 362
621 178 851 223 DONATI
882 178 1160 223 INTERPR.
1196 178 1372 222 VERG.

154 338 253 370 non
294 322 560 382 superaret,
602 335 809 380 quorum
848 320 1043 366 tantam
1082 320 1295 381 gratiam
1335 333 1439 367 esse
1480 320 1748 378 constaret,
1788 321 1843 365 ut

153 396 383 456 parentes
439 393 711 456 gaudeant,
766 393 809 439 si
856 392 919 439 ad
965 409 1046 440 eos
1092 394 1259 454 potius
1307 393 1428 440 bene
1482 395 1630 454 parta
1681 395 1841 440 trans-

155 469 371 516 mittant.
450 469 545 515 diis
592 467 807 526 equidem
854 467 1133 526 auspicibus
1177 481 1284 513 reor
1323 470 1366 514 et
1403 466 1594 513 Iunone
1630 467 1843 514 secunda

152 544 279 589 huuc
319 556 514 589 cursum
552 540 746 588 Iliacas
784 543 920 587 vento
957 542 1164 588 tenuisse
1203 541 1422 588 carinas:
1462 539 1694 588 obstabat
1731 555 1840 588 sua-

153 615 312 662 dentis
359 617 474 662 voto
523 631 697 674 unum,
745 613 877 675 quod
916 615 959 662 si
998 615 1295 674 obiceretur,
1342 629 1538 661 movere
1583 613 1841 675 potuisset,
1888 631 1907 664 5

152 706 212 737 ne
243 690 369 736 forte
402 689 493 735 hoc
526 688 692 750 ipsum
725 691 897 741 contra
926 687 1241 736 voluntatem
1271 688 1477 735 Iunonis
1507 687 1660 748 fieret,
1694 703 1840 748 quam

154 762 410 811 constabat
451 763 679 809 Troianis
718 762 967 810 infestam.
1029 762 1149 809 tulit
1179 763 1271 809 hoc
1302 762 1439 823 prior
1468 762 1616 808 Anna
1649 763 1698 808 et
1729 777 1841 809 con-

151 836 458 884 iecturaliter
496 837 665 898 posuit
704 851 803 883 non
841 835 1128 883 timendum.
1193 837 1264 883 ait
1305 836 1435 883 enim
1467 837 1510 884 si
1540 835 1731 883 nollent
1770 834 1840 882 dii

152 911 291 959 nobis
326 911 558 973 coniungi
582 909 836 970 Troianos,
861 926 1134 971 numquam
1164 913 1336 958 nostra
1360 910 1510 958 litora
1533 910 1840 972 tetigissent3

152 985 360 1045 denique
407 986 568 1044 ipsam
606 983 848 1031 Iunonem
891 999 1181 1045 procurasse
1229 983 1418 1032 confido
1466 986 1522 1030 ut
1558 983 1690 1045 pulsi
1729 999 1840 1045 pro·
1867 999 1908 1031 ιο

151 1060 272 1119 priis
318 1059 482 1120 regnis
530 1057 710 1107 nostris
756 1059 924 1119 potius
977 1058 1280 1112 utilitatibus
1336 1057 1647 1105 adderentur.
1725 1073 1841 1104 nam

150 1149 246 1179 non
302 1134 429 1179 esset
483 1132 696 1180 secunda
743 1132 993 1193 Troianis,
1040 1132 1138 1179 nisi
1182 1133 1275 1179 hoc
1321 1133 1463 1196 regni
1511 1131 1642 1193 quod
1690 1130 1839 1178 struis

151 1207 387 1254 securitas
428 1207 682 1268 exegisset.
746 1206 921 1254 dehinc
962 1206 1238 1254 ostenditur
1277 1205 1587 1253 commodum
1620 1205 1751 1267 quod
1782 1220 1840 1252 ex

149 1281 280 1328 facto
313 1283 480 1341 posset
511 1281 784 1342 provenire.
848 1295 995 1339 quam
1025 1285 1078 1328 tu
1108 1281 1289 1335 urbe-m,
1321 1294 1472 1335 soror,
1505 1281 1631 1327 hauc
1662 1292 1838 1334 cerueS,

149 1370 271 1414 quae
323 1368 520 1414 surqere
571 1369 723 1415 regma
776 1356 994 1414 couiuqio
1049 1355 1158 1410 tali,
1209 1354 1450 1402 Teucrum
1502 1353 1840 1402 comitantibus
1864 1367 1905 1401 15

148 1430 300 1476 armis
339 1429 530 1476 Puru’ca
568 1442 617 1476 se
657 1430 851 1488 quantis
891 1429 1070 1476 attollet
1103 1428 1263 1488 qloria
1301 1429 1473 1476 rebus!
1549 1428 1612 1489 si,
1659 1427 1838 1490 inquit,
1913 1482 1918 1486 ὁ
1996 1418 1998 1423 ’

148 1503 254 1550 sola
306 1505 450 1549 tanta
503 1502 710 1563 potuisti
767 1501 1048 1564 disponere,
1104 1505 1295 1564 quanta
1349 1503 1443 1550 erit
1490 1501 1704 1550 felicitas
1749 1503 1839 1548 tua

149 1579 485 1637 quantumque
516 1576 661 1624 rebus
687 1576 915 1624 omnibus
938 1578 1287 1638 prosperitatis
1313 1576 1563 1624 adcrescet
1588 1574 1837 1638 adquisito

147 1650 239 1698 tali
278 1650 507 1713 coniugio
541 1653 590 1698 et
622 1651 850 1698 Troianis
883 1651 1059 1713 opibus
1090 1651 1227 1699 felici
1259 1652 1495 1698 societate
1528 1647 1839 1698 coniunctis?

146 1728 199 1771 tu
236 1725 374 1771 modo
405 1739 550 1784 posce
584 1725 695 1772 deos
726 1726 920 1773 veniam
951 1726 1197 1786 sacrisque
1227 1726 1379 1773 litatis
1407 1724 1604 1784 iudulqe
1633 1724 1837 1783 hospitio
1862 1738 1904 1770 ευ
1947 1721 1952 1732 “

146 1813 412 1857 causasque
456 1801 641 1847 innecte
685 1799 933 1854 morandi,
981 1800 1100 1847 dum
1136 1800 1313 1860 pelayo
1361 1799 1572 1846 desaevit
1607 1796 1756 1846 hiems
1797 1800 1839 1844 et

147 1887 356 1932 aquosus
377 1872 527 1920 Orion
549 1876 900 1933 quassataeque
921 1877 1066 1928 rates,
1092 1874 1210 1921 dum
1230 1888 1330 1921 uon
1353 1873 1602 1920 tractabile
1625 1871 1835 1920 caelum.-

146 1949 260 2008 post
291 1962 485 1994 omnem
512 1947 845 2009 persuasionis
877 1962 1073 1995 cursum
1106 1947 1192 1995 dat
1217 1947 1493 2007 consilium,
1519 1961 1616 2008 quo
1641 1945 1835 1993 Aeneas

146 2021 198 2066 in
236 2021 338 2068 illis
377 2021 522 2068 terris
561 2021 748 2068 diutius
787 2023 948 2069 teneri
985 2021 1243 2083 potuisset.
1320 2022 1421 2082 fac,
1459 2021 1647 2082 inquit,
1687 2020 1834 2068 sacri-

145 2093 259 2142 ficia
296 2095 579 2142 numinibus
619 2097 669 2142 et
706 2110 874 2142 eorum
907 2096 1128 2143 favorem
1161 2095 1231 2143 sic
1263 2094 1575 2156 obsequendo
1607 2094 1831 2154 concilia,
1857 2107 1900 2140 25

147 2182 355 2229 cumque
402 2168 493 2217 hoc
519 2170 813 2217 'necessario
861 2170 1058 2230 feceris,
1103 2169 1310 2232 indulge
1348 2169 1590 2230 hospitio,
1629 2168 1722 2216 hoc
1761 2170 1836 2215 est

145 2241 344 2289 illorum
383 2243 833 2306 peregrinationem
871 2243 1072 2291 uberius
1112 2244 1240 2304 fove,
1278 2259 1340 2291 ne
1380 2242 1634 2290 deficiente
1674 2243 1833 2290 victus

146 2315 426 2364 substantia
471 2317 718 2364 discedere
766 2317 970 2365 Troiani
1023 2319 1283 2380 cogantur3
1347 2316 1521 2365 deinde
1567 2318 1835 2378 procurata

143 2389 424 2438 istiusmodi
470 2391 734 2438 securitate
782 2391 976 2439 innecte
1021 2391 1404 2452 properantibus
1452 2405 1639 2451 moras,
1692 2404 1833 2451 prae-

143 2463 289 2511 tende
329 2479 502 2511 causas
542 2480 667 2526 quae
706 2464 818 2512 illos
860 2481 889 2512 a
927 2466 1247 2528 navigatione
1287 2464 1590 2513 deterreant:
1641 2463 1720 2510 dic
1757 2464 1832 2510 in·
1854 2475 1900 2510 so
1990 2452 2014 2486 ³³

143 2539 355 2598 portuno
400 2538 501 2584 iam
546 2539 871 2586 intervenisse
919 2539 1096 2587 hiemis
1147 2542 1367 2600 tempus,
1421 2537 1583 2586 sidera
1637 2552 1832 2600 quoque

144 2611 458 2659 vehementer
489 2626 593 2659 esse
623 2613 889 2672 contraria,
914 2615 1172 2675 quassatas
1203 2613 1464 2676 naufragio
1487 2614 1619 2660 rates
1645 2611 1831 2673 asperis

142 2685 332 2733 interea
377 2685 578 2733 flatibus
624 2701 723 2733 non
770 2701 872 2734 esse
923 2685 1211 2747 credendas,
1256 2688 1422 2734 motus
1469 2685 1595 2733 caeli
1635 2699 1831 2746 quoque

262 2817 288 2856 8
327 2813 498 2858 nollent
526 2812 569 2856 R
607 2813 760 2856 uolent
790 2811 838 2854 L.
1023 2816 1078 2855 14
1117 2817 1227 2856 esset
1256 2811 1342 2854 LR
1374 2816 1524 2868 posset
1561 2809 1607 2853 r'
1638 2811 1710 2856 ed.

147 2875 199 2914 16
232 2872 401 2916 attollit
423 2871 510 2915 LR
542 2871 620 2915 -let
649 2886 684 2914 r.
802 2874 857 2914 20
889 2871 1096 2927 auspicio
1127 2870 1268 2927 (intra
1290 2871 1434 2927 recte)
1458 2869 1546 2912 LR
1573 2871 1770 2926 hospitio
1793 2885 1827 2913 r.

261 2935 318 2974 24
349 2932 490 2975 tenire
519 2930 606 2974 LR
644 2930 786 2975 teneri
814 2944 851 2974 r.
1004 2934 1059 2973 27
1099 2929 1346 2984 deficiendo
1376 2929 1463 2973 LR
1493 2929 1565 2974 ed.
1589 2929 1830 2984 deficiente
1883 2979 1889 2983 ,

142 3002 239 3034 nos.
361 2993 418 3032 28
449 2993 672 3048 cogamur
700 2988 743 3033 R
773 2987 870 3033 edF
899 2993 1163 3047 cogerentur
1191 2988 1227 3032 L
1259 2987 1353 3033 edI.
