2014 3226
196 176 297 227 lOO
656 173 886 216 DONATI
918 171 1197 216 INTERPR.
1231 171 1408 214 VERG.

191 317 332 363 talem
378 331 428 362 se
475 317 600 361 laeta
638 314 820 372 ferebat
851 328 943 371 per
979 313 1183 359 medios:
1236 313 1367 358 inter
1407 311 1564 359 omnis
1604 313 1735 359 viros
1777 326 1878 358 am·

191 390 396 436 bulabat
433 391 494 447 et,
528 403 585 434 ne
620 387 808 433 alienus
843 402 871 433 a
904 401 1021 433 sexu
1054 401 1110 432 ac
1141 401 1230 447 per
1260 385 1352 432 hoc
1383 384 1741 433 inverecundus
1775 386 1878 431 eius

192 466 451 525 putaretur
489 463 718 521 incessus,
761 459 952 507 addidit
990 461 1291 507 necessarias
1332 474 1503 507 causas
1544 461 1594 506 et
1623 460 1878 506 honestas:

193 541 395 591 instans,
427 536 608 596 inquit,
640 535 772 593 operi
803 535 1056 592 reynisque
1086 534 1282 592 futuris,
1315 549 1467 579 unam
1499 548 1669 580 curam
1708 547 1880 596 gerens

196 626 319 671 quae
345 611 612 657 testaretur
637 608 962 666 devotionem,
986 607 1270 668 perficiendi
1297 607 1486 668 templi,
1513 607 1723 654 alteram
1755 621 1879 667 quae
1926 624 1947 656 5

195 685 483 744 imperantis
516 682 808 729 instantiam
840 681 1213 728 demonstraret.
1266 681 1384 727 talis
1416 682 1524 727 erat
1555 680 1685 728 Dido
1720 679 1880 741 qualis

197 760 269 804 est
309 758 470 804 Diana
512 772 622 802 cum
662 755 821 802 choris
862 756 981 815 suis,
1012 756 1166 802 talem
1198 770 1248 802 se
1280 755 1415 801 laeta
1446 754 1658 801 ferebat:
1698 754 1883 801 laetam

195 832 303 878 vult
343 846 445 878 esse
485 846 543 877 ex
582 844 807 876 successu
847 845 1017 876 eorum
1057 844 1183 889 quae
1227 828 1535 875 diversarum
1582 828 1884 875 fabricarum

196 905 324 952 mole
372 903 651 966 surgebant.
729 905 844 964 post
889 903 1010 949 haec
1058 902 1354 949 describitur
1395 904 1645 965 ingressus
1687 903 1791 950 eius
1830 903 1885 948 in

196 980 358 1039 ipsum
404 978 667 1039 templum,
714 977 766 1022 in
813 993 910 1038 quo
960 979 1009 1023 et
1055 976 1222 1023 sedere
1270 978 1320 1022 et
1367 976 1425 1022 de
1473 992 1677 1038 operum
1715 976 1883 1024 labore
1908 994 1950 1027 ιο

109 1058 193 1097 505
211 1052 431 1098 iudicare
480 1053 820 1098 consueverat:
875 1054 977 1097 tum
1015 1051 1203 1109 foribus
1243 1049 1405 1106 divae,
1451 1051 1612 1098 ‘media
1651 1050 1886 1097 testudine

197 1125 371 1185 templi,
403 1129 572 1184 saepta
604 1126 757 1171 armis
794 1126 1003 1183 solioque
1042 1124 1136 1171 alte
1173 1125 1383 1171 subnixa
1421 1124 1607 1171 resedit.
1670 1125 1751 1172 hic
1789 1124 1887 1172 nisi

197 1200 424 1247 ordinato
480 1214 625 1246 sensu
681 1200 948 1259 quaeratur
1008 1198 1311 1257 intellectus,
1374 1214 1472 1245 non
1534 1198 1719 1260 poterit
1773 1213 1885 1245 con-

195 1273 453 1335 prehendi3
494 1273 589 1319 erit
621 1273 750 1318 enim
782 1274 903 1320 satis
934 1274 1181 1319 incertum
1214 1271 1333 1332 quid
1363 1273 1512 1334 poeta
1551 1272 1886 1334 descripserit3

197 1349 442 1395 nescietur
482 1346 667 1407 quippe
706 1346 791 1392 ubi
830 1346 1012 1394 sederit
1042 1345 1172 1393 Dido
1213 1351 1262 1393 et
1300 1346 1386 1393 ubi
1419 1346 1567 1393 armis
1600 1348 1774 1408 saepta
1805 1346 1885 1393 sit.
1911 1358 1959 1410 ιε,

199 1420 482 1468 ordinamus
536 1436 653 1483 ergo
708 1435 904 1467 sensum
961 1421 1053 1467 sic:
1115 1422 1226 1467 tum
1278 1419 1466 1468 foribus
1522 1420 1666 1468 divae
1713 1422 1888 1482 saepta

201 1495 349 1542 armis
377 1494 541 1541 media
571 1493 820 1541 testudine
852 1494 1029 1556 templi
1061 1494 1283 1555 solioque
1317 1494 1417 1541 alte
1450 1493 1660 1542 subnixa
1691 1493 1888 1542 resedit.

202 1568 445 1630 quomodo
494 1570 568 1615 est
614 1567 891 1615 officiorum
936 1568 1156 1615 omnium
1205 1568 1530 1629 consuetudo,
1577 1568 1890 1616 deducuntur
1948 1616 1966 1626 „

200 1642 386 1690 iudices
432 1657 587 1703 usque
634 1642 696 1689 ad
743 1643 872 1689 fores
921 1643 1175 1690 secretarii
1219 1642 1501 1703 ibidemque
1549 1642 1766 1690 officium
1815 1657 1888 1689 re·
1946 1630 1964 1687 ἶ
2004 1639 2005 1642 ’

201 1717 382 1776 manet,
406 1716 485 1763 illi
514 1731 630 1764 vero
662 1717 875 1779 ingressi
906 1716 1089 1764 solium
1122 1716 1394 1764 ascendunt
1419 1718 1468 1764 et
1492 1716 1676 1764 sedent.
1721 1730 1889 1764 omnes
1913 1695 1967 1776 ’ἑ

201 1790 357 1852 igitur
403 1791 488 1851 qui
533 1791 586 1836 in
640 1790 874 1851 obsequio
927 1791 1146 1854 fuerant⁷
1202 1806 1313 1838 cum
1365 1790 1653 1852 procederet
1703 1791 1892 1854 regina,
1943 1782 1966 1867 ἰ

203 1866 260 1910 ut
298 1865 440 1911 erant
479 1865 660 1910 armati
700 1865 814 1911 ante
854 1865 984 1911 fores
1022 1866 1380 1924 remanserunt,
1418 1864 1510 1912 illa
1546 1866 1772 1928 ing-ressa
1817 1865 1892 1912 est
1942 1867 1965 1935 ᾗ)

204 1939 268 1996 et,
306 1936 392 1983 ubi
431 1936 494 1984 ad
532 1937 746 1984 mediam
784 1938 1085 1985 testudinem
1122 1938 1300 2000 templi
1337 1938 1430 1986 hoc
1469 1940 1544 1986 est
1583 1938 1647 1986 ad
1676 1937 1892 1986 mediam
1934 1954 1965 2013 ἢ

206 2025 372 2058 aream
410 2010 656 2074 pervenit,
697 2011 920 2059 ascendit
958 2013 1137 2059 solium
1177 2012 1309 2073 quod
1345 2011 1502 2073 ipsius
1542 2027 1691 2060 eausa
1727 2013 1892 2059 fuerat
1939 2006 1964 2053 ’t'

206 2084 516 2131 conlocatum
557 2086 605 2131 et
643 2086 804 2147 primo
844 2086 946 2133 alte
985 2101 1283 2149 consurgens
1315 2085 1455 2133 sedit.
1518 2087 1710 2134 interea
1739 2085 1890 2134 bono·
1918 2084 1961 2147 ’Ἰ

205 2174 315 2203 rum
361 2159 559 2220 reginae
607 2159 674 2206 sic
722 2161 870 2219 poeta
915 2162 1145 2207 meritum
1194 2159 1572 2219 demonstravit3
1636 2162 1715 2207 cui
1763 2161 1893 2207 enim
1933 2166 1961 2231 Γ

206 2234 283 2278 tot
321 2231 418 2278 viri
455 2231 854 2292 obsequebantur
892 2233 1069 2281 habuit
1106 2234 1281 2295 procul
1313 2233 1461 2281 dubio
1495 2235 1650 2281 animi
1682 2234 1891 2281 virtutes
1934 2230 1962 2291 ῑζ

207 2306 453 2369 egregiaS,
500 2321 626 2366 quae
673 2305 1131 2355 demonstrarentur
1167 2309 1220 2354 in
1258 2308 1466 2367 femina,
1514 2323 1638 2369 quas
1678 2308 1895 2355 colerent
1946 2294 1961 2356 3.

207 2379 337 2425 tanti
389 2378 484 2425 viri
539 2381 588 2426 et
643 2380 819 2441 quibus
874 2383 1191 2443 conpetenter
1245 2381 1545 2429 oboedirent.
1631 2396 1739 2430 ecce
1793 2381 1894 2429 iani

327 2509 352 2546 2
386 2505 662 2549 verecundus
692 2505 762 2548 ed.
797 2518 909 2550 corr.
936 2506 1007 2549 ed.
1032 2508 1154 2562 post.
1247 2511 1275 2549 4
1306 2508 1454 2563 operis
1485 2507 1537 2550 R.
1633 2511 1658 2550 5
1689 2505 1896 2561 faciendi

210 2563 421 2619 templum
445 2563 515 2607 ed.
609 2567 634 2605 6
667 2565 898 2619 operantis
921 2564 992 2608 ed.
1086 2570 1200 2609 6-—7
1226 2567 1377 2622 qualis
1399 2571 1498 2610 erat
1527 2566 1597 2609 ed.
1684 2571 1710 2608 8
1742 2579 1896 2610 eorum
1920 2558 1953 2622 ,ζ

210 2622 244 2664 1,
277 2622 347 2665 ed.
381 2636 436 2666 ea:
465 2636 618 2666 eorum
649 2622 690 2664 R
720 2624 1062 2677 aedificiorum?
1090 2625 1095 2678 Ι
1134 2639 1249 2681 quae
1279 2624 1364 2667 LR
1396 2626 1477 2680 qui
1507 2625 1578 2668 ed.
1703 2629 1728 2668 9
1760 2625 1895 2669 ‘moles

210 2682 432 2738 urgebant
463 2680 548 2723 LR
572 2680 643 2724 ed..
669 2682 782 2725 mole
812 2684 1058 2739 suryebant
1086 2698 1110 2726 r
1141 2683 1198 2726 cf.
1233 2688 1333 2727 522.
1429 2688 1482 2727 13
1515 2684 1730 2728 ordinato
1760 2696 1895 2728 sensu

210 2738 297 2781 LR
327 2741 411 2784 -tio
440 2753 598 2784 semus
628 2739 699 2783 ed.
847 2745 900 2784 16
932 2742 1193 2787 ordinemus
1224 2743 1295 2786 ed.
1443 2746 1496 2786 18
1529 2743 1786 2798 officiorum
1809 2741 1895 2785 LR

211 2798 487 2843 iudiciorum
510 2811 535 2842 e
572 2833 580 2841 .
640 2800 647 2854 Ι
703 2799 936 2844 ducuntur
966 2800 1038 2843 ed.
1197 2806 1254 2844 20
1285 2802 1528 2846 escendunt
1558 2802 1593 2844 L
1617 2802 1659 2845 H
1681 2815 1804 2845 man.
1829 2854 1836 2861 ‚

211 2860 267 2899 22
299 2861 351 2900 ut
381 2863 511 2902 erant
613 2862 695 2902 aut
724 2863 855 2902 erant
885 2857 920 2900 L
961 2873 1048 2902 om.
1075 2860 1147 2903 ed.
1181 2873 1316 2914 „cum
1346 2859 1602 2904 inermibus
1641 2860 1723 2916 qui
1761 2859 1911 2904 illam¹
1953 2904 1955 2909 ,

212 2914 555 2970 sequebantur“
585 2917 694 2972 post
725 2917 842 2974 inyr.
875 2922 940 2961 eet
969 2917 1184 2975 interpol.
1218 2919 1289 2962 ed.
1468 2923 1524 2962 23
1556 2919 1608 2963 id
1638 2923 1704 2964 est
1732 2919 1802 2963 ed.

213 2978 268 3016 25
299 2974 521 3020 honorum
551 2974 623 3019 ed.
746 2979 802 3018 29
835 2977 956 3019 tanti
985 2976 1020 3019 L
1040 2978 1173 3023 ,tanti
1201 2978 1293 3022 viri
1323 2977 1364 3020 R
1395 2991 1483 3021 om.
1510 2978 1581 3022 ed.
