2014 3226
776 143 1079 187 AENEIDos
1112 145 1173 187 VI
1708 152 1810 201 «507

128 281 371 329 videatur.
457 283 539 340 qui
592 284 809 337 iuvenes,
866 287 1074 341 quantas
1128 288 1383 338 ostentant,
1439 290 1619 347 aspice,
1676 292 1816 335 viris!

131 358 272 414 atquc
310 355 536 403 umbrata
564 359 748 418 *yer‘emt
783 355 913 403 cicili
946 361 1159 417 tempora
1191 374 1380 417 quercet,
1412 361 1461 406 1ιί
1496 361 1578 407 {ibi
1610 361 1815 408 Nomen-

131 433 231 476 tum
279 432 322 476 ct
362 428 544 476 Gabios
590 430 849 488 urbemque
887 430 1152 485 Fidenam,
1193 433 1242 480 Ιιιῗ
1287 432 1553 481 Collatinas
1594 436 1816 494 inponent

129 504 370 550 montibus
409 516 567 557 arces,
608 503 845 550 Pometios
888 503 1204 565 Castrmnquc
1243 507 1363 553 Inui
1402 506 1671 567 Bolamque
1713 508 1798 555 Co·
1821 514 1902 552 775

86 571 355 636 oramque:
394 576 492 636 isin‘,
532 576 711 637 inquit,
750 578 954 625 iuvenes
994 594 1066 638 ac,
1102 595 1161 626 ne
1193 580 1385 627 Aeneas
1418 581 1547 628 inter
1577 582 1816 642 plurimos

130 651 342 698 nesciret
390 651 475 711 qui
522 650 616 697 sibi
664 650 1058 711 ostenderentur,
1106 654 1302 715 signum
1351 654 1483 701 dedit
1531 655 1635 716 ipse
1681 672 1815 703 mon-

130 726 315 772 strator
363 740 458 785 quo
507 724 586 770 illi
633 739 662 770 a
710 727 883 772 ceteris
932 726 1353 786 discernebantur,
1407 730 1477 774 ait
1522 729 1679 791 igitur
1731 730 1818 777 isti

129 798 330 846 iuvenes
385 814 595 860 quorum
649 800 874 859 tempora
929 802 1120 847 coronis
1176 805 1503 863 conteguntur
1556 804 1712 864 raptis
1760 819 1815 850 ex

130 873 269 920 civili
300 887 496 934 quercu.
550 871 744 919 civilem
779 873 904 919 dixit
936 873 1128 932 festam,
1153 876 1424 935 pacificam,
1455 880 1511 922 ut
1543 879 1616 923 est
1647 876 1816 923 laurus

63 963 106 994 10
132 949 182 993 et
235 947 381 994 oliva.
461 948 673 1006 quantas
729 949 1001 1006 ostentant,
1057 950 1242 1009 aspice,
1296 948 1439 996 viris!
1497 949 1663 1010 qualia
1716 951 1815 997 iam

132 1021 397 1067 ostendunt
436 1035 552 1067 suae
591 1021 792 1068 virtutis
832 1020 1018 1068 indicia
1057 1022 1136 1068 vel
1177 1026 1386 1083 quantas
1427 1022 1670 1070 condituri
1703 1027 1818 1071 sunt

131 1094 380 1141 civitates!
430 1095 601 1154 atque,
643 1095 699 1139 ut
737 1093 828 1141 hoc
867 1096 1029 1155 ipsum
1077 1096 1223 1156 plena
1271 1096 1546 1143 adsertione
1585 1096 1817 1157 firmaret,

130 1167 256 1215 dixit
295 1171 343 1215 et
382 1167 586 1215 nomina
617 1167 938 1231 singulorum.
996 1170 1111 1216 haec
1142 1173 1242 1216 tam
1274 1171 1471 1217 nomina
1505 1174 1656 1219 crunt.
1691 1186 1818 1218 nunc

11 1299 13 1301 Ι
128 1245 242 1290 sunt
278 1244 383 1289 sine
421 1243 615 1288 momine
647 1245 826 1289 terrae:
865 1244 1053 1303 quanta
1084 1243 1243 1306 gloria
1276 1243 1599 1303 conditorum,
1632 1247 1817 1305 quanta

14 1325 28 1331 ·
63 1331 105 1364 15
131 1316 240 1378 ipsa
285 1318 531 1363 terrarum
581 1315 815 1375 felicitas,
861 1317 918 1362 ut
965 1332 1091 1377 quae
1136 1318 1240 1364 sine
1288 1317 1456 1377 aliqua
1494 1317 1654 1379 gloria
1691 1319 1816 1365 iace-

129 1389 250 1437 bant
297 1390 580 1452 incognitae
626 1388 903 1451 inciperent
947 1389 1146 1437 urbium
1193 1391 1311 1438 fatis
1358 1391 1544 1438 ornari!
1621 1394 1737 1450 quin
1777 1395 1818 1437 ct

129 1478 220 1511 avo
259 1465 472 1511 comitem
509 1477 626 1510 sese.
650 1463 932 1510 Mavortius
969 1465 1114 1511 addet
1143 1463 1412 1512 Romulus:
1450 1463 1596 1511 addet
1634 1479 1684 1511 se
1724 1479 1817 1511 avo

130 1538 359 1585 comitem
399 1537 663 1596 Romulus,
711 1535 764 1583 id
803 1538 878 1584 est
913 1537 1038 1597 Iovi,
1075 1539 1133 1585 ut
1169 1553 1257 1599 per
1293 1538 1494 1601 longam
1535 1540 1817 1600 progeniem

128 1613 325 1659 tantum
378 1613 545 1672 posset
592 1610 855 1671 Romulus,
910 1613 966 1658 ut
1019 1613 1195 1660 merito
1245 1612 1462 1659 fatorum
1511 1612 1721 1658 ferretur
1764 1613 1817 1658 in

18 1708 21 1710 ·
63 1701 106 1733 20
130 1686 334 1734 caelum.
398 1683 638 1732 Assaraci
678 1700 817 1743 quem
855 1686 1111 1743 sanquinis
1149 1685 1253 1732 Ilia
1293 1688 1446 1733 mater
1485 1685 1668 1732 educet:
1708 1700 1815 1733 ecce

130 1761 281 1807 etiam
319 1761 530 1806 matrem
568 1757 690 1818 eius,
738 1774 866 1820 quae
907 1761 1034 1806 esset
1071 1759 1254 1819 futura,
1293 1758 1600 1806 monstravit.
1680 1759 1818 1806 viden

129 1837 182 1880 at
217 1835 439 1893 qam-mac
476 1835 609 1879 stant
645 1835 815 1880 vertice
853 1833 1026 1880 cristae
1065 1836 1109 1880 et
1136 1836 1281 1892 pater
1319 1834 1421 1892 ipse
1454 1846 1541 1880 suo
1572 1847 1800 1892 superum
1820 1835 1906 1876 '180

132 1910 230 1955 iam
267 1909 431 1966 siynat
467 1907 677 1954 honore?
739 1906 827 1954 dat
866 1907 1019 1953 etiam
1056 1907 1202 1954 istius
1242 1906 1399 1968 signa,
1437 1907 1493 1952 ut
1532 1906 1662 1952 inter
1692 1905 1818 1954 alios

128 1981 320 2043 positus
369 1980 623 2028 evidenter
669 1983 921 2042 appareat.
999 1979 1132 2039 vide,
1178 1980 1365 2041 inquit,
1413 1979 1655 2040 quomodo
1695 1978 1817 2027 duas

64 2070 106 2103 25
130 2054 313 2103 habeat
358 2056 533 2102 cristas
579 2054 632 2101 in
679 2055 840 2116 capite
889 2056 938 2100 et
985 2053 1228 2116 quomodo
1269 2069 1379 2100 eum
1418 2054 1519 2099 iam
1557 2055 1702 2114 pater
1738 2067 1816 2100 su-

129 2145 301 2191 perum
333 2128 387 2175 id
418 2131 492 2176 est
514 2128 742 2190 Iuppiter
764 2127 948 2176 honore
974 2142 1064 2175 suo
1090 2130 1140 2174 et
1162 2128 1420 2174 maiestate
1443 2125 1816 2187 perconfundat.

131 2218 190 2251 en
226 2204 388 2258 huius,
427 2204 554 2257 nate,
595 2203 829 2262 auspiciis
867 2203 955 2249 illa
985 2201 1153 2249 inclita
1182 2200 1342 2247 Roma
1376 2201 1630 2259 imperium
1662 2201 1817 2254 terris,

130 2279 319 2324 animos
353 2275 586 2335 >aequabit
625 2275 850 2335 Olympo:
903 2276 1072 2323 favore
1112 2273 1247 2323 urbis
1287 2273 1487 2331 Romae,
1527 2289 1655 2335 quae
1694 2275 1815 2320 tem-

61 2342 65 2345 *
130 2350 333 2412 poribus
368 2348 592 2398 Caesaris
623 2350 725 2398 iam
755 2348 976 2409 florebat,
1009 2351 1159 2411 poeta
1191 2348 1317 2395 mira
1347 2346 1474 2394 dixit
1505 2346 1566 2394 ad
1605 2345 1816 2395 laudem.

62 2439 107 2473 ao
131 2427 348 2472 ceterum
385 2423 625 2477 Anchises
665 2423 795 2484 apud
834 2423 1019 2471 inferos
1058 2421 1266 2469 Romam
1305 2436 1403 2468 non
1449 2419 1624 2467 habuit
1668 2434 1818 2481 quam

132 2497 328 2546 Aeneae
369 2497 744 2557 demonstraret,
783 2497 948 2558 potuit
984 2494 1175 2556 tamen,
1211 2498 1270 2542 ut
1308 2494 1518 2543 aliarum
1556 2493 1816 2551 minorum,

131 2587 312 2625 nomen
351 2571 511 2619 dicere
550 2573 601 2618 et
638 2585 776 2632 spem
814 2570 1140 2633 pronuntiare
1174 2567 1430 2616 felicitatis
1462 2565 1581 2626 eius,
1611 2568 1670 2614 ut
1698 2565 1817 2613 fecit

133 2645 362 2695 dicendo:
401 2649 669 2705 septemque
705 2659 810 2692 una
846 2643 941 2692 sibi
976 2656 1116 2691 mwro
1154 2638 1472 2691 circumdabit
1508 2654 1656 2694 arces,
1698 2639 1816 2699 felix

122 2808 125 2811 ,
254 2767 311 2814 10
342 2775 384 2816 et
414 2785 503 2815 om.
529 2770 601 2815 ed.
630 2771 637 2827 Ι
664 2770 759 2814 iam
790 2782 878 2814 om.
905 2767 976 2813 ed.
1100 2772 1155 2812 12
1182 2768 1323 2824 plane
1353 2765 1394 2809 V
1419 2765 1559 2823 plena
1590 2762 1687 2809 edF
1716 2777 1814 2808 non.

214 2873 220 2877 .
253 2828 497 2882 17'comite
526 2828 583 2874 V..
706 2833 762 2872 18
792 2829 874 2873 hoc
904 2833 969 2873 est
999 2825 1070 2871 ed.
1199 2829 1374 2870 22—23
1548 2825 1642 2868 iam
1672 2821 1726 2867 V.

133 2891 190 2931 26
214 2888 474 2944 perfundat
504 2888 576 2932 ed.
699 2891 755 2932 28
786 2887 921 2942 favor
948 2885 993 2930 V
1023 2885 1094 2930 ed.
1125 2885 1284 2941 favore
1312 2897 1410 2929 noa.
1522 2881 1642 2928 orbis
1670 2880 1725 2924 V.

132 2950 188 2991 31
221 2951 275 2991 ut
304 2946 507 2992 aliarum
537 2946 580 2991 V
611 2945 822 3006 (respicit
842 2945 912 2991 ad
943 2959 983 2989 v.
1010 2948 1095 2989 778
1126 2945 1176 2990 et
1207 2945 1310 3000 ⁷7⁶)
1337 2942 1536 2988 aliorum
1565 2939 1638 2986 ed.
