2014 3226
165 174 275 226 492
635 173 866 217 DONATI
898 172 1178 216 INTERPR.
1211 173 1389 216 VERG.

165 316 365 374 faceret,
406 315 580 360 ventos
623 312 813 359 addidit
852 313 998 370 11111ος
1051 314 1194 359 vetus
1235 314 1365 360 enim
1414 315 1462 359 et
1502 314 1729 373 pertinax
1768 312 1861 359 ini-

165 389 316 448 mica,
357 404 416 434 ne
457 388 764 434 occasionem
811 387 1048 448 temporis
1101 386 1327 447 perderet
1374 402 1471 447 quo
1520 386 1727 433 aberant
1765 387 1863 434 viri

166 464 215 508 et
247 462 454 508 aderant
487 461 619 508 solae
652 461 898 519 mulieres,
933 462 1127 507 mature
1159 459 1330 507 debuit
1363 461 1583 522 cogitata
1615 460 1860 522 perficere,

167 535 283 596 quia
325 535 528 582 Troiani
568 536 624 580 ut
663 533 894 595 perfectis
941 532 1088 581 rebus
1136 535 1236 580 iam
1276 533 1487 581 redituri
1535 533 1863 594 sperabantur

165 609 228 655 ad
267 610 423 655 navis.
502 609 662 654 multa
701 623 923 655 movens:
971 607 1130 654 multa
1180 608 1291 668 ipsa
1337 623 1436 654 non
1484 610 1622 654 extra
1663 622 1861 655 causam
1909 623 1929 656 5
1992 619 1993 622 ’

164 683 351 744 posita,
393 682 476 729 sed
518 698 642 742 quae
683 683 883 744 negotio
923 682 1021 742 ipsi
1059 680 1297 742 proficere
1344 682 1623 742 potuissent
1668 681 1861 728 intelle-

166 756 324 819 genda
366 758 493 803 sunt.
572 756 780 803 necdum
822 757 1083 816 antiquum
1124 757 1351 803 saturata
1391 754 1632 802 dolorem:
1679 754 1861 816 ubique

164 830 288 877 Iuno
330 829 553 912 Vergilio
616 829 866 891 displicet,
923 831 1040 890 quia
1091 844 1179 890 per
1228 831 1305 876 tot
1360 843 1514 876 annos
1561 828 1863 890 perindeque

165 909 306 986 vetus
339 904 544 951 inimica
567 906 826 1005 tamquam
857 919 1011 951 novas
1036 902 1322 950 inimicitias
1356 902 1572 986 gerebat.
1627 903 1862 963 nondum,

164 1053 319 1099 tantis
378 1014 684 1113 temporibus
741 1051 927 1112 expleri
989 1048 1253 1112 nequivit?
1325 1052 1634 1113 cogitaverat
1697 1053 1862 1098 autem

165 1125 450 1173 incendium
487 1126 706 1184 navium,
747 1142 955 1186 quarum
998 1125 1298 1172 adminiculo
1334 1123 1689 1188 Carthaginem
1720 1124 1862 1171 dimi-

166 1202 335 1247 serant
374 1200 541 1259 Troes,
581 1202 637 1246 ut
677 1199 728 1246 in
770 1198 942 1246 Sicilia
982 1199 1161 1246 saltem
1199 1198 1407 1259 perditis
1439 1198 1712 1261 navigandi
1752 1198 1863 1246 sub-

167 1273 308 1322 sidiis
347 1276 682 1334 remanerent3
721 1274 815 1320 hoc
850 1275 980 1320 enim
1007 1272 1322 1320 desiderabat
1346 1273 1542 1334 inpleri,
1573 1275 1631 1319 ut
1653 1271 1862 1332 Aeneas,

167 1349 209 1394 si
247 1348 409 1409 perire
449 1364 548 1394 non
595 1350 786 1408 posset,
833 1347 1037 1394 Italiam
1085 1347 1263 1394 saltem
1309 1362 1407 1393 non
1454 1348 1658 1394 teneret.
1735 1346 1863 1393 113110
1889 1361 1930 1394 15

167 1421 363 1469 consilii
388 1423 465 1469 sui
497 1422 649 1470 fuisse
682 1422 980 1469 sententiam
1012 1421 1122 1482 ipsa
1154 1422 1306 1468 etiam
1329 1421 1492 1482 primo
1517 1420 1645 1467 libro
1677 1422 1864 1468 testata

167 1498 264 1555 est,
313 1511 424 1542 cum
464 1495 650 1542 diceret
689 1488 809 1562 (38)
851 1507 970 1556 „nec
1008 1510 1152 1556 posse
1193 1494 1344 1542 Italia
1385 1494 1686 1542 Teucrorum
1726 1510 1862 1543 aver·

167 1572 270 1617 tere
295 1567 534 1632 regem‘?“
597 1570 687 1617 illa
710 1571 843 1617 viam
875 1570 1090 1617 celerans
1112 1583 1207 1628 per
1237 1569 1368 1616 mille
1399 1569 1638 1617 coloribus
1669 1582 1865 1616 arcum:

166 1659 265 1691 non
305 1660 394 1706 per
431 1643 568 1690 mille
603 1642 863 1704 coloribus,
903 1643 1141 1705 quoniam
1172 1643 1354 1690 vitium
1394 1644 1483 1703 est,
1523 1641 1609 1690 sed
1639 1642 1733 1690 ita:
1772 1641 1864 1689 illa
1982 1699 1983 1702 Ἰ

76 1720 163 1760 610
182 1718 316 1766 viam
354 1717 492 1764 mille
534 1717 778 1765 coloribus
818 1733 907 1780 per
947 1732 1118 1764 arcum
1158 1717 1392 1764 celerans.
1467 1717 1596 1764 nulli
1633 1718 1740 1764 visa
1773 1718 1862 1764 cito
1887 1731 1931 1765 20

165 1792 382 1839 decurrit
427 1793 619 1839 tramite
656 1794 818 1852 viryo:
865 1793 963 1839 cito
1004 1792 1206 1838 tramite
1259 1791 1353 1838 hoc
1402 1792 1478 1838 est
1517 1790 1663 1838 celeri
1702 1792 1861 1838 trans-

165 1866 261 1912 itu:
309 1881 464 1926 usque
506 1865 628 1913 adeo
681 1865 906 1914 celeritas
945 1865 1064 1926 fuit,
1110 1867 1169 1912 ut
1213 1865 1380 1912 nullus
1419 1864 1626 1913 vidisset
1664 1865 1863 1912 venien-

165 1941 280 1987 tem.
357 1941 658 1999 desertosquc
707 1940 836 1988 videt
871 1943 1047 1999 portus
1095 1939 1388 1999 classemque
1436 1939 1676 1994 relictam,
1732 1938 1863 2000 quod

165 2013 383 2060 faciebat
445 2013 508 2060 ad
563 2029 785 2074 causam,
858 2015 915 2060 ut
979 2028 1146 2061 omnes
1201 2013 1299 2061 viri
1358 2013 1621 2074 afuissent,
1685 2012 1862 2073 quibus
1982 2065 1985 2067 .

167 2089 470 2135 contrarium
510 2087 703 2149 aliquid
742 2087 939 2136 suaderi
977 2103 1075 2134 non
1115 2088 1295 2148 posset.
1373 2090 1426 2134 at
1454 2087 1629 2146 procul
1666 2088 1721 2134 in
1757 2087 1863 2134 sola
1887 2099 1931 2133 25
1953 2083 1981 2142 ;”·

164 2163 373 2209 secretae
402 2162 619 2209 Troades
642 2165 750 2210 aeta
783 2163 1020 2209 amissum
1043 2159 1291 2208 Anchisen
1313 2161 1517 2219 flebcmt:
1558 2175 1862 2222 quamquam
1967 2152 1982 2167 ὕ

165 2235 264 2282 viri
296 2234 538 2295 abessent,
569 2251 669 2283 non
699 2238 868 2283 tamen
900 2236 1045 2298 longe
1078 2250 1108 2282 a
1139 2234 1349 2283 navibus
1381 2236 1642 2296 separatae
1672 2234 1726 2280 in
1751 2235 1863 2281 acta

167 2308 489 2356 considebant
526 2309 754 2358 feminae.
833 2311 995 2357 actam
1034 2308 1161 2356 dixit
1191 2310 1430 2357 secretam
1461 2308 1623 2357 litoris
1653 2309 1861 2369 partem.

166 2382 286 2443 11110,
310 2382 490 2444 inquit,
515 2384 815 2431 constitutae
839 2382 1024 2431 flebant
1047 2382 1299 2430 Anchisen
1321 2381 1586 2444 perditum.
1645 2384 1862 2430 cunctae·

77 2459 163 2500 615
182 2470 272 2516 que
300 2457 611 2516 profwndum
648 2461 857 2517 pontum-
896 2457 1210 2516 aspectabant
1245 2458 1439 2516 flentes:
1484 2457 1576 2503 heu
1621 2458 1687 2503 tot
1730 2455 1863 2503 vada
1885 2469 1932 2510 ³⁹

289 2631 311 2669 1
345 2627 507 2681 feceret
537 2625 571 2668 L
603 2627 772 2680 faceret
802 2626 883 2670 edI
912 2627 1036 2682 fleret
1066 2626 1108 2669 R
1141 2626 1248 2669 edF.
1395 2631 1420 2668 3
1453 2630 1495 2669 et
1525 2625 1720 2670 aderant
1750 2624 1792 2666 R
1822 2629 1864 2668 et

166 2686 359 2734 aberant
390 2685 438 2730 L.
541 2689 568 2727 4
599 2689 652 2728 ut
683 2698 770 2728 om.
789 2685 831 2728 R
854 2685 925 2729 ed.
952 2685 1058 2728 add.
1077 2699 1173 2728 r=
1191 2685 1240 2729 L.
1341 2690 1367 2727 5
1399 2698 1578 2729 movens
1606 2684 1648 2727 R
1679 2697 1863 2728 monens

165 2744 202 2787 L
235 2744 307 2788 ed.
469 2748 524 2787 10
555 2748 610 2788 ut
639 2743 674 2786 L
701 2744 791 2802 Ἀχαι
821 2757 927 2787 011111
957 2757 1047 2789 ras.
1073 2744 1115 2787 R
1147 2757 1248 2800 exp.
1274 2758 1297 2787 1·
1327 2749 1378 2787 at
1407 2757 1507 2797 nos,
1539 2745 1714 2786 temere
1744 2743 1859 2786 mut.

167 2803 238 2847 ed.
276 2805 282 2859 Ι
317 2803 368 2846 id
396 2805 521 2860 fleret
550 2802 638 2846 LR
667 2803 871 2859 impleret
900 2818 924 2846 r
954 2804 1005 2848 id
1033 2804 1158 2858 fieret
1189 2803 1261 2847 ed.
1386 2807 1443 2846 14
1473 2803 1660 2858 implere
1691 2801 1801 2846 edF.
1939 2816 1942 2818 ·
1974 2839 1978 2842 .

170 2866 223 2905 15
255 2863 412 2907 saltem
443 2863 627 2907 italiam
658 2861 711 2904 R.
891 2866 945 2906 18
986 2863 1263 2907 oiacclerarcs
1292 2861 1342 2904 L.
1511 2866 1563 2905 21
1597 2863 1698 2918 viry
1700 2874 1726 2904 o
1756 2859 1862 2904 finis
1934 2882 1970 2890 υ

166 2920 402 2965 lemmatis
434 2921 484 2964 in
509 2920 595 2964 LR
618 2935 656 2963 v.
678 2924 761 2964 611
790 2920 896 2964 add.
925 2921 995 2965 ed.
1103 2925 1157 2964 25
1189 2921 1450 2965 contrarius
1481 2920 1570 2963 LR
1599 2925 1757 2964 contra
1788 2919 1862 2963 ius

168 2979 258 3023 OU
288 2981 571 3025 contrarium
601 2995 624 3022 r
655 2979 726 3023 ed.
850 2983 906 3023 28
937 2985 1042 3025 acta
1071 2980 1194 3024 dimit
1224 2978 1273 3022 L.
1931 2982 1934 2983 ’
