2014 3226
851 167 1153 211 AENEmos
1187 168 1247 210 η
1781 173 1886 225 615

203 307 305 353 iam
351 307 523 354 factas.
599 307 675 353 hic
719 321 821 354 rem
866 307 1144 355 Romanam
1190 324 1364 368 mayno
1420 310 1638 357 turbante
1684 314 1886 359 tumultu

203 382 335 428 sistet
382 394 544 440 eques:
595 380 695 441 hic,
744 381 930 442 inquit,
978 382 1223 429 labantem
1266 382 1483 429 firmabit
1520 385 1887 444 rempublicam.

204 457 379 502 sternet
414 454 600 501 Poenos
641 452 933 514 Gallumque
970 455 1211 503 rebellem:
1248 471 1345 503 non
1379 473 1531 503 unum
1564 456 1774 517 Gallum,
1807 459 1889 505 sed

207 525 424 575 Galliam
459 529 641 588 totam3
681 528 920 576 variando
954 531 1084 576 enim
1117 545 1344 578 numeros
1377 529 1578 577 meliore
1610 531 1890 592 eloquentia

162 617 181 649 5
207 603 257 649 et
287 600 478 649 Poenos
516 602 676 663 ipsius
716 603 900 650 virtute
942 618 1141 651 casuros
1182 603 1308 651 dixit
1339 606 1388 650 et
1421 602 1604 651 Gallos.
1663 607 1892 664 tertiaque

206 689 348 730 arma
384 677 526 735 patri
570 677 826 734 suspendet
871 681 1013 736 capta
1054 677 1283 737 Quirino:
1337 680 1482 738 capta
1530 694 1667 725 arma
1713 679 1890 726 tertius

204 750 311 811 ipse
349 750 484 811 patri
525 747 731 805 Quirino
773 751 1047 811 suspendet.
1113 750 1209 799 duo
1242 752 1424 812 quippe
1459 754 1571 798 ante
1603 753 1768 812 ipsum
1800 752 1891 800 hoc

205 816 379 872 fecisse
430 823 755 887 intellegendi
810 827 945 885 sunt,
1002 825 1200 885 quando
1261 825 1341 872 hic
1403 825 1647 872 adseritur
1700 828 1890 874 tertius.

206 900 347 956 atque
383 898 459 945 ln'e
489 895 684 946 Aeneas
724 898 850 957 (wna
887 913 1096 958 namque
1127 901 1197 946 ‘ire
1228 899 1418 946 videbat
1448 900 1686 958 eqreyiam
1716 901 1876 959 forma
1894 906 1980 944 860

67 987 76 994 ’
139 987 181 1019 10
206 972 425 1019 invenem
478 975 521 1019 et
571 972 867 1031 falyenttbas
922 974 1097 1027 armis,
1145 974 1228 1020 secl
1272 974 1410 1031 frons
1456 973 1583 1020 laeta
1621 988 1806 1033 parum
1852 977 1892 1021 et

206 1046 380 1093 deiecto
427 1046 618 1093 lamina
665 1045 850 1104 vnlta):
904 1048 954 1093 et
998 1046 1078 1094 hic
1116 1047 1255 1094 locus
1294 1046 1684 1108 interrumpendi
1723 1062 1892 1094 narra-

205 1120 357 1167 tionis
389 1120 814 1168 continuationem
845 1121 1028 1168 retinet
1059 1135 1270 1168 causam.
1325 1121 1737 1184 interrogationes
1763 1122 1892 1168 enim

207 1195 256 1240 et
300 1194 643 1254 responsiones
690 1209 790 1241 non
836 1195 1033 1241 tantum
1072 1194 1292 1242 taedium
1331 1209 1428 1241 non
1467 1194 1670 1253 habent,
1717 1194 1800 1242 sed
1843 1197 1892 1242 et

205 1266 449 1315 iucundae
504 1269 642 1327 sunt,
698 1266 831 1329 quod
884 1282 1038 1332 genus
1092 1269 1144 1314 in
1195 1267 1404 1330 dialogis
1458 1271 1693 1330 praestat.
1770 1270 1891 1328 qais,

140 1355 183 1389 15
198 1344 358 1401 pater,
398 1341 479 1389 ille
517 1343 678 1390 virum
718 1343 802 1400 qui
839 1344 909 1390 sic
947 1344 1201 1389 comitatur
1239 1344 1439 1395 ewntem,
1472 1341 1606 1400 filius
1645 1357 1772 1390 anne
1802 1342 1891 1390 ali·

207 1416 316 1475 quis
352 1430 535 1475 mayna
574 1416 632 1462 de
669 1417 819 1475 stirpe
855 1417 1113 1476 nepotum?
1163 1418 1247 1476 qui
1291 1417 1517 1475 strepitus
1563 1416 1692 1463 cirea
1737 1417 1879 1463 comi-
1894 1421 1981 1461 865

207 1489 343 1537 tam?
389 1491 626 1549 qnantum
671 1492 831 1538 instar
875 1491 930 1538 in
974 1490 1116 1548 ipso?
1159 1490 1244 1538 sed
1288 1504 1384 1536 nox
1431 1493 1542 1537 atra
1588 1493 1733 1549 capnt
1771 1491 1893 1537 tristi

110 1565 115 1571 '
207 1563 521 1611 circumvolat
555 1564 754 1611 mnbra:
805 1579 916 1612 cum
954 1563 1146 1611 Aeneas
1186 1564 1327 1610 iuxta
1364 1562 1651 1611 Marcellum
1690 1563 1895 1611 vidisset

207 1638 436 1685 iuvenem
491 1639 622 1686 stare
681 1638 934 1701 egregium
994 1638 1152 1685 forma
1214 1639 1363 1698 atque
1426 1638 1575 1684 armis
1636 1638 1892 1700 insignem,

141 1726 184 1758 20
209 1711 372 1759 fronte
410 1713 579 1759 tamen
618 1726 795 1773 parum
833 1711 982 1771 laeta,
1019 1711 1111 1759 hoc
1151 1714 1225 1758 est
1255 1711 1390 1757 tristi
1421 1713 1471 1758 et
1501 1711 1719 1772 proiecto
1751 1710 1893 1758 vultu

209 1784 273 1832 ad
310 1787 516 1833 terram:
557 1786 684 1846 quis,
722 1786 902 1846 inquit,
940 1786 1034 1833 iste
1075 1786 1162 1845 est,
1195 1800 1223 1832 ο
1262 1786 1418 1846 pater,
1450 1786 1535 1846 qui
1573 1786 1703 1832 inter
1740 1784 1893 1846 pluri-

208 1873 314 1907 mos
364 1858 590 1907 Marcelli
643 1859 846 1907 comites
901 1858 999 1921 ipsi
1050 1859 1129 1905 illi
1182 1858 1480 1906 familiarius
1534 1859 1733 1907 iunctus
1787 1856 1894 1905 est?

209 1932 340 1981 filius
380 1935 454 1981 est
494 1948 558 1981 an
597 1933 779 1994 aliquis
817 1935 1129 1995 posterorum
1169 1934 1272 1980 eius
1313 1931 1390 1979 vel
1431 1948 1487 1979 ex
1535 1931 1637 1980 eius
1685 1929 1896 1994 genere?

209 2007 289 2055 vel
343 2002 466 2069 quid
520 2006 615 2055 sibi
669 2008 778 2055 vult
839 2007 1074 2068 strepitus
1137 2008 1463 2069 congregatae
1523 2003 1895 2053 multitudinis?

143 2095 185 2128 25
209 2081 376 2143 placet
429 2081 561 2128 enim
612 2081 738 2128 mihi
791 2080 950 2128 instar
1003 2081 1130 2140 eiuS‚
1183 2080 1276 2128 hoc
1326 2082 1401 2127 est
1447 2080 1665 2140 corporis
1714 2080 1894 2127 forma:

211 2154 297 2204 sed
335 2170 423 2203 cur
458 2153 691 2203 tenebrae
731 2156 882 2216 caput
920 2155 1024 2202 eius
1063 2153 1366 2201 fuscaverint
1400 2169 1542 2202 nosse
1575 2153 1733 2214 cupio,
1795 2156 1894 2200 tam

202 2232 349 2289 pater
385 2227 622 2278 Anchises
661 2229 876 2277 lacrimis
914 2230 1160 2287 inyressus
1198 2222 1398 2275 obortis:
1442 2226 1709 2275 secundum
1749 2241 1894 2287 quae·

211 2304 311 2352 sita
354 2304 561 2351 instruit
604 2302 766 2350 filium
813 2302 1051 2350 Anchises
1097 2302 1328 2349 lacrimas
1373 2299 1596 2349 fundens.
1673 2314 1700 2347 ο
1737 2302 1894 2360 qnate,

122 2402 128 2404 -
211 2379 448 2439 inqentem
485 2375 667 2426 Pactam
702 2390 764 2424 ne
802 2390 978 2435 quaere
1014 2379 1230 2423 tuorum:
1283 2374 1454 2435 nolim,
1491 2373 1579 2434 fili,
1616 2388 1742 2435 quae
1781 2375 1897 2421 sunt

143 2463 188 2498 so
210 2450 427 2514 lugenda
472 2450 731 2548 perquiras
777 2465 866 2498 nec
911 2449 1061 2498 velim
1107 2450 1233 2497 scias
1272 2450 1472 2496 tuorum
1512 2446 1731 2508 adversa,
1769 2461 1895 2508 quae

332 2618 869 2676 2eqaisVutRVer
905 2617 1593 2676 '’ilformabithon-..ed
1693 2615 1898 2673 epau-⁸⁴3

212 2678 279 2724 VJ
307 2682 314 2736 Ι
356 2681 512 2736 capi-ta
535 2679 588 2723 V.
625 2682 631 2736 Ι
674 2680 830 2735 capita
924 2683 1146 2735 captaque
1177 2677 1248 2721 ed.
1281 2681 1415 2734 capta
1445 2689 1542 2720 noe
1636 2680 1687 2719 11
1722 2675 1895 2718 inrum-

205 2738 387 2795 pendae
416 2737 459 2782 V
490 2739 560 2783 ed.
593 2738 957 2794 interrumpendi
985 2750 1082 2781 nos.
1134 2739 1141 2793 Ι
1197 2737 1461 2782 narrationi
1491 2734 1762 2779 ed.12
1792 2746 1894 2778 oon-

212 2798 491 2843 tinuationis
520 2798 759 2842 ed.16
791 2796 872 2854 qai
900 2802 1036 2852 σίνερε
1033 2797 1115 2841 tus
1137 2795 1179 2839 V
1271 2796 1312 2840 is
1340 2793 1684 2840 str.ed.17
1716 2793 1768 2836 in
1799 2792 1898 2849 ipso

213 2855 255 2899 V
289 2861 352 2901 est
382 2856 498 2901 add.
515 2857 586 2901 ed
710 2859 766 2900 18
796 2857 931 2901 iaxta
962 2810 1036 2899 Vp²
1041 2855 1165 2900 eirca
1248 2853 1285 2899 Ο
1318 2853 1390 2898 ed
1511 2857 1567 2896 22
1598 2853 1618 2896 a·
1723 2850 1795 2895 illi
1822 2849 1895 2905 fa·

175 2922 177 2924 ’
214 2915 440 2961 miliarias
461 2915 504 2960 V
534 2917 627 2973 ipsi
655 2929 740 2959 nos
773 2916 892 2960 ·rius
922 2913 994 2959 ed.
1086 2917 1262 2958 22—28
1293 2917 1357 2958 est
1381 2913 1507 2968 filius
1527 2916 1591 2956 est
1684 2911 1798 2953 mut.
1823 2907 1895 2954 ed.

304 2977 360 3018 28
392 2975 594 3020 lacrimis
622 2974 823 3030 fundens
851 2973 907 3019 V.
943 2975 949 3031 Ι
991 2977 1098 3018 nate
1128 2972 1198 3017 ed.
1310 2974 1368 3016 30
1398 2971 1547 3016 vellim
1576 2968 1631 3013 V.
