2014 3226
200 173 304 222 172
664 170 895 214 DONATI
926 169 1206 212 INTERPR.
1239 169 1416 213 VERG.

198 327 387 359 summa
435 328 544 358 arce
591 311 682 357 hoc
730 313 804 357 est
850 309 936 355 ubi
977 310 1229 359 simulacri
1266 310 1422 371 ipsius
1465 311 1736 356 sacrarium
1777 311 1886 356 fuit.

198 388 517 448 augmentum
543 384 763 431 criminis
789 383 993 431 admissi
1016 383 1272 430 homicidii
1295 385 1348 429 in
1372 383 1612 444 plurimos
1640 385 1690 429 et
1713 383 1889 443 templi

198 459 437 517 custodes,
478 458 562 518 qui
601 458 930 504 humanitatis
963 458 1381 518 contemplatione
1414 459 1464 504 et
1494 459 1718 518 respectu
1748 473 1890 518 prae-

199 533 349 580 sentis
390 532 604 578 numinis
646 532 725 578 cui
765 530 1161 591 obsequebantur
1201 532 1423 592 contingi
1461 547 1522 578 ne
1554 531 1655 578 levi
1688 530 1887 590 quidem

196 607 381 653 iniuria
420 605 702 652 debuerant.
763 607 975 666 augetur
1015 607 1180 652 autem
1222 606 1406 651 crimen
1445 604 1700 651 homicidii
1739 604 1886 651 etiam
1937 620 1958 652 5

199 697 255 726 ex
295 681 470 726 merito
510 694 847 739 personarum,
888 677 1113 725 custodes
1154 680 1284 725 enim
1323 678 1499 739 templi
1538 694 1638 726 non
1678 677 1891 725 adhibiti

198 755 407 799 fuissent
437 753 535 799 nisi
565 752 806 813 probatae
838 752 974 800 vitae
1004 752 1227 799 homines
1261 756 1310 798 et
1349 751 1616 799 admodum
1655 751 1890 814 religiosi,

199 828 324 874 casti
378 842 573 887 quoque
621 841 677 873 ac
723 825 914 887 pudici,
962 827 1049 887 qui
1097 825 1216 872 deae
1263 828 1434 873 tantae
1483 841 1540 872 ac
1587 825 1769 888 virgini
1816 825 1891 872 in—

198 902 380 948 servire
412 901 720 947 meruissent.
780 901 1061 960 corripuere
1094 915 1284 947 sacram
1317 899 1533 962 effigiem
1564 899 1895 960 manibusque

198 975 412 1020 cruentis
452 975 703 1036 virgineas
745 975 851 1020 ausi
891 973 1035 1021 divae
1077 975 1362 1036 contingere
1402 973 1576 1021 vittas:
1636 973 1894 1020 videamus
1918 987 1962 1019 1ο

199 1048 354 1095 scelus
403 1048 672 1095 admissum
719 1049 772 1093 in
812 1047 956 1094 deam
997 1047 1242 1108 quomodo
1284 1049 1502 1108 coeperit
1541 1047 1619 1094 vel
1660 1046 1889 1108 quemad—

197 1121 400 1168 modum
446 1122 600 1169 fuerit
647 1125 1014 1184 exaggeratum.
1094 1121 1315 1184 adgressi
1354 1123 1470 1169 sunt
1506 1121 1772 1182 templum,
1818 1121 1890 1166 in—

200 1197 333 1256 quit,
381 1198 432 1242 et
471 1196 720 1243 sacratum
758 1195 1003 1256 templum
1043 1195 1173 1255 quod
1211 1194 1405 1258 ingredi
1446 1210 1745 1256 quemquam
1787 1196 1891 1242 sine

198 1268 516 1316 veneratione
554 1269 693 1317 nefas
735 1271 876 1328 esset,
917 1270 1142 1317 custodes
1182 1270 1312 1316 caesi
1353 1272 1401 1316 et
1439 1284 1594 1330 usque
1635 1268 1699 1316 ad
1728 1270 1889 1330 ipsum

200 1343 519 1407 simulacrum
559 1342 807 1406 gradatim
846 1347 1051 1391 ventum
1072 1342 1348 1404 -visumque
1390 1342 1695 1389 nefariorum
1737 1343 1891 1390 oculis
1917 1356 1974 1389 15⁴

201 1422 251 1464 et
289 1417 495 1478 pollutis
535 1417 775 1480 sanguine
814 1417 1030 1464 humano
1070 1416 1297 1464 manibus
1333 1418 1484 1478 inpiis
1517 1418 1892 1474 contrectatum,

200 1507 354 1551 usque
402 1506 459 1537 eo
507 1494 563 1537 ut
610 1506 708 1538 non
761 1490 922 1538 solum
977 1490 1229 1538 simulacri
1285 1505 1462 1551 0019113
1516 1506 1687 1539 verum
1741 1491 1892 1537 etiam

198 1565 366 1612 vultus
415 1566 519 1611 eius
567 1567 617 1611 et
663 1564 924 1627 virginalis
971 1565 1124 1612 vittas
1177 1580 1300 1626 quas
1348 1566 1401 1610 in
1448 1565 1610 1625 capite
1665 1563 1894 1626 gestabat

196 1639 440 1686 incestare
481 1640 590 1685 ausi
630 1640 742 1685 sint.
821 1639 1051 1700 conpleta
1090 1640 1376 1686 narratione
1421 1639 1526 1685 veri
1571 1638 1713 1698 facti,
1762 1638 1891 1699 quod

199 1714 349 1759 etiam
395 1714 517 1774 ipsis
566 1712 794 1760 Troianis
841 1714 1096 1774 cognitum
1141 1713 1261 1772 fuit,
1311 1707 1580 1759 mendacii*
1600 1711 1890 1774 figmentum
1917 1725 1963 1758 20

200 1786 462 1833 artificiose
503 1786 760 1850 coniungit
795 1786 962 1833 dicens
996 1802 1053 1833 ex
1085 1786 1173 1833 illo
1205 1786 1355 1833 fluere
1398 1802 1454 1833 ac
1491 1789 1624 1833 retro
1658 1785 1892 1847 sublapsa

198 1859 371 1907 referri
411 1875 520 1921 spes
559 1859 807 1920 Danaum⁷
846 1861 1035 1908 fractae
1074 1861 1219 1907 vires.
1282 1860 1543 1908 verborum
1583 1861 1890 1920 superiorum

198 1949 463 1981 memorem
506 1933 736 1981 Sinonem
783 1934 976 1995 posuit3
1029 1950 1146 1981 nam
1186 1935 1305 1995 quia
1344 1933 1538 1981 dixerat
1576 1935 1735 1980 omnis
1783 1949 1892 1995 spes

198 2007 424 2054 Danaum
475 2010 525 2055 et
571 2009 735 2069 coepti
779 2007 962 2056 fiducia
1008 2007 1129 2055 belli
1173 2007 1395 2055 Palladis
1451 2007 1649 2054 auxiliis
1701 2023 1894 2069 semper

200 2082 360 2142 stetit,
415 2080 495 2128 hic
542 2080 667 2128 dixit
714 2097 773 2128 ex
818 2081 907 2128 illo
953 2082 1105 2128 fluere
1154 2097 1211 2129 ac
1257 2085 1389 2129 retro
1437 2081 1672 2143 sublapsa
1717 2081 1890 2128 referri
1915 2094 1976 2148 sq„

201 2169 311 2215 spes
357 2154 600 2202 Danaum.
679 2170 811 2217 spes,
865 2156 1054 2217 inquit,
1101 2154 1401 2203 Graecorum
1455 2155 1622 2202 stabat
1671 2153 1891 2216 propitio
1968 2155 1986 2217 ζ,

199 2227 422 2276 Palladis
461 2229 677 2289 numine,
717 2244 827 2290 spes
866 2228 1052 2276 fluebat
1091 2232 1141 2276 et
1176 2229 1451 2276 stabilitate
1482 2229 1680 2290 perdita
1710 2231 1899 2289 retrorf
1968 2224 1970 2226 ’

201 2317 310 2348 sum
348 2301 608 2349 labebatur
638 2302 774 2350 laesa
806 2305 882 2350 tot
914 2302 1178 2350 sceleribus
1211 2303 1317 2350 dea.
1373 2318 1548 2350 aversa
1581 2302 1699 2350 deae
1730 2318 1890 2358 mens:
1935 2359 1942 2363 ,

198 2378 404 2436 9109101
441 2374 651 2422 duorum
689 2376 1041 2424 sceleratorum
1079 2378 1215 2438 inpie
1254 2377 1539 2439 nefarieque
1578 2377 1891 2434 commissum
1944 2416 1946 2419 ,

201 2448 263 2495 ab
311 2449 540 2496 omnibus
582 2447 782 2497 Graecis
829 2451 1046 2498 numinis
1093 2451 1238 2498 favor
1285 2450 1532 2498 abscessit.
1611 2449 1737 2498 dixit
1775 2465 1890 2512 ergo
1958 2443 1962 2447 ’

201 2526 250 2569 01
295 2522 484 2570 laesam
529 2522 803 2570 Minervam
850 2526 901 2572 et
946 2539 1120 2572 causas
1169 2524 1450 2572 offensionis
1498 2523 1746 2586 exposuit,
1791 2539 1890 2571 me·
1941 2542 1953 2585 ,⁶-

199 2598 416 2644 moravit
439 2597 591 2643 etiam
618 2597 711 2644 hoc
743 2612 919 2660 genere
953 2595 1253 2645 Graecorum
1285 2614 1423 2660 spem
1454 2613 1558 2646 esse
1591 2597 1889 2646 subversam.
1944 2588 1953 2597 ⁴

200 2669 322 2718 dicit
361 2673 707 2733 argumentum
743 2670 1006 2732 multiplex
1048 2687 1144 2732 quo
1184 2672 1366 2719 iratam
1405 2671 1548 2719 deam
1593 2671 1759 2732 potuit
1806 2685 1889 2732 ap-

319 2802 345 2837 8
377 2809 551 2851 quoque
582 2795 669 2838 LR
698 2810 782 2851 que
814 2795 885 2839 ed.
981 2802 1032 2839 11
1068 2797 1202 2841 deum
1233 2797 1303 2840 ed.
1402 2801 1458 2840 20
1489 2797 1725 2841 mendacio
1757 2796 1828 2840 ed.
1929 2824 1932 2825 ν

200 2859 253 2898 21
289 2855 506 2912 adiunyit
534 2854 606 2897 ed-
699 2859 755 2897 23
780 2857 892 2910 quia
915 2869 1004 2898 om.
1024 2855 1094 2899 ed.
1189 2860 1244 2899 27
1270 2856 1427 2912 posita·
1450 2855 1492 2899 R
1508 2856 1698 2912 perdita
1727 2870 1750 2898 1·
1766 2876 1821 2891 =
1838 2853 1887 2898 L.

289 2918 343 2956 29
376 2914 558 2969 inpium
587 2914 906 2969 ‘nefariumque
935 2928 970 2957 r.
1099 2919 1154 2958 33
1187 2915 1323 2959 inulti
1353 2915 1510 2970 lemque
1540 2914 1628 2957 LR,
1657 2929 1715 2958 m.
1747 2927 1836 2970 quo
1866 2927 1891 2957 1·

198 2972 419 3027 quomodo
451 2971 522 3016 ed.
557 2974 604 3015 01
635 2975 864 3028 transpos.
894 2975 901 3029 Ι
936 2973 1105 3017 ira-tam
1137 2975 1266 3018 deam
1298 2929 1491 3017 [pirata
1521 2974 1609 3018 dea
1638 2972 1681 3016 R
1711 2974 1782 3017 ed.
1844 3004 1849 3010 -
