2014 3226
94 1485 147 1523 10

183 156 292 207 426
652 154 887 199 DONATI
918 155 1196 198 INTERPR.
1230 154 1407 199 VERG.

183 297 376 344 dolores
408 311 588 358 magno
623 311 789 343 amore
820 295 1013 356 polluto
1046 298 1314 357 notumque
1347 296 1512 342 furens
1547 296 1666 356 quid
1690 297 1877 344 femina
1942 285 1979 362 ,ῨῚ

182 372 341 432 possit
373 385 458 431 per
488 370 619 432 ignis
651 369 795 416 triste
828 371 1090 431 augurium
1115 370 1418 416 Teucrorum
1450 373 1651 430 pectora
1677 370 1874 417 ducunt.

184 446 479 491 feminarum
519 443 711 490 dolores
753 443 831 490 vel
870 444 1082 489 maxime
1121 444 1175 489 111
1215 459 1363 490 causa
1403 443 1583 490 amoris
1622 444 1732 490 vult
1754 443 1875 491 Ver-

184 519 332 581 gilius
381 516 634 564 ostendere
682 517 803 564 satis
843 531 946 565 esse
987 518 1261 579 graviores:
1317 518 1503 578 quanto
1544 519 1674 564 enim
1712 518 1765 564 in
1803 519 1876 564 ul—

182 594 316 638 tione
370 590 672 651 reportanda
726 607 815 651 per
867 590 1210 638 infirmitatem
1257 606 1399 638 sexus
1446 592 1607 638 minus
1654 594 1875 652 possunt,
1922 608 1943 641 5
1975 582 1979 629 1

182 668 323 712 tanto
370 667 423 711 in
471 679 573 711 sese
622 665 867 726 supplicio
908 667 1108 712 vertunt
1149 665 1280 725 quod
1320 665 1513 727 exigere
1553 665 1611 710 de
1654 665 1752 712 alio
1792 680 1874 713 ne-

183 741 428 800 quierunt.
505 739 599 785 1100
645 737 978 786 discutiebant
1022 739 1228 785 Troiani
1273 739 1619 786 necessitatem
1665 738 1874 787 Didonis

182 828 540 874 personamque
586 813 860 859 tractantes
902 815 951 859 et
989 812 1106 860 licet
1145 828 1319 859 verum
1358 812 1581 860 invenire
1620 828 1718 860 non
1764 827 1875 874 pos-

183 888 305 947 sent,
345 886 567 934 sciebant
605 889 789 946 tamen,
820 889 878 933 ut
918 886 1143 947 diximus,
1175 886 1318 933 triste
1360 902 1462 935 esse
1503 886 1638 947 quod
1677 888 1876 934 nuntia·

181 961 268 1008 bat
306 960 602 1007 incendium.
671 964 727 1006 ut
754 960 962 1020 pelayus
1001 965 1191 1008 tenuere
1229 964 1359 1008 rates
1396 975 1483 1007 nec
1520 962 1623 1007 iam
1662 960 1874 1020 amplius
1901 979 1949 1009 1·‘

181 1035 285 1082 ulla
339 1038 543 1094 apparet
597 1034 757 1090 tellus,
813 1035 998 1081 caelum
1051 1036 1266 1094 undique
1321 1038 1360 1081 et
1413 1035 1624 1093 undique
1669 1037 1876 1094 pontus:

180 1124 361 1172 magna
387 1109 667 1169 descriptio,
692 1124 874 1172 magna
906 1109 1191 1171 navigantis
1225 1110 1454 1156 accessio.
1502 1110 1663 1169 primo
1691 1109 1874 1170 quippe
1944 1138 1946 1140 -

181 1184 448 1243 coeperunt
492 1182 663 1242 remis,
719 1182 896 1229 dehinc
942 1183 1067 1230 velis
1113 1185 1291 1230 ventus
1340 1186 1414 1230 est
1461 1182 1657 1230 adlatus
1698 1185 1749 1229 et
1785 1183 1874 1230 illo

180 1272 334 1318 usque
381 1257 434 1303 in
479 1257 637 1304 terras
679 1256 979 1304 Teucrorum
1019 1256 1218 1303 duravit
1266 1258 1516 1317 aspectus,
1563 1256 1716 1304 donec
1759 1255 1873 1304 Car·
1995 1306 2000 1311 ,

179 1331 400 1393 thaginis
426 1331 587 1378 solum
615 1332 880 1391 appareret
911 1330 1217 1391 incendium3
1259 1345 1366 1378 ecce
1400 1330 1502 1377 iam
1532 1332 1730 1377 tantum
1764 1346 1874 1391 pro·
1899 1346 1943 1378 15

178 1406 313 1452 vecti
359 1406 495 1464 sunt,
543 1407 600 1452 ut
646 1405 899 1452 subtracto
946 1407 1195 1452 terrarum
1239 1407 1287 1452 et
1326 1405 1461 1452 illius
1502 1404 1633 1467 ignis
1673 1407 1877 1466 aspectu
1994 1452 1998 1477 ,Ι

180 1479 339 1526 solum
365 1479 557 1526 caelum
578 1478 829 1527 videretur
853 1481 903 1526 et
929 1479 1151 1541 pelagus.
1193 1479 1278 1526 olli
1293 1478 1545 1526 caeruleus
1561 1493 1715 1537 supra
1733 1482 1878 1538 caput
1994 1485 1997 1500 '

180 1553 365 1600 adstite't
408 1554 560 1600 imber
605 1556 787 1600 noctem
832 1553 1125 1611 hiememque
1172 1553 1333 1612 ferens
1373 1556 1416 1600 et
1453 1553 1695 1600 inhorruit
1739 1552 1877 1600 unda

178 1628 407 1675 tenebris:
445 1629 559 1688 post
590 1626 725 1686 haec,
757 1628 936 1688 inquit,
970 1628 1141 1675 exorta
1172 1629 1289 1674 sunt
1319 1626 1507 1686 nubila,
1535 1626 1690 1673 nimbi
1724 1627 1876 1674 etiam

178 1700 270 1748 hoc
310 1703 386 1748 est
423 1701 637 1761 pluviae.
705 1701 1052 1748 describuntur
1091 1700 1376 1748 accedentia
1416 1716 1475 1749 ex
1511 1699 1654 1761 ipsis:
1707 1702 1876 1748 secuta
1899 1715 1962 1748 20
1995 1730 2001 1759 ·.

179 1777 295 1822 sunt
340 1776 472 1822 enim
519 1790 636 1836 nox,
682 1775 936 1836 tenebrae,
991 1776 1149 1839 frigus
1197 1777 1348 1836 atque
1394 1774 1569 1822 horror
1613 1773 1875 1835 undarum,

181 1864 392 1910 quarum
423 1849 772 1897 formidolosus
806 1851 1033 1911 aspectus
1066 1849 1325 1896 accedente
1356 1849 1657 1895 multiformi
1686 1850 1874 1896 terrore

180 1923 460 1970 cumulatus
501 1925 589 1970 est.
668 1925 771 1983 ipse
805 1925 1102 1983 yubernator
1129 1925 1293 1983 puppi
1330 1923 1603 1970 Palinurus
1643 1923 1704 1970 ab
1744 1924 1874 1970 alta:

177 1997 299 2044 heu!
336 1998 572 2056 quianam
610 1999 736 2045 tanti
767 1999 1022 2045 cinxerunt
1051 1998 1244 2045 aethera
1275 1997 1463 2044 nimbi?
1517 1997 1704 2056 quidve,
1729 1999 1876 2056 pater
1996 2054 1998 2062 Ι

178 2070 416 2130 Neptune,
450 2072 638 2130 paras?
700 2073 843 2119 tanta
882 2071 983 2118 fuit
1022 2072 1378 2119 elementorum
1418 2071 1657 2130 confusio,
1693 2073 1750 2117 ut
1781 2069 1873 2118 Pa-
1898 2085 1958 2118 25
1996 2071 1997 2081 ³

178 2145 370 2192 linurus
409 2146 531 2206 ipse,
573 2145 658 2206 qui
698 2145 1007 2207 gubernandi
1047 2147 1154 2193 arte
1192 2144 1429 2206 pollebat,
1467 2144 1672 2207 regendi
1704 2159 1874 2192 cursus
1996 2131 1999 2149 ¹

178 2218 413 2279 peritiam
451 2218 761 2280 perdidisset.
829 2219 1041 2280 denique
1081 2218 1314 2266 turbatus
1353 2219 1599 2282 ingemuit
1639 2220 1688 2265 et
1726 2218 1873 2265 dixit:
1959 2253 1962 2263 ,

180 2291 392 2340 dolenda
423 2293 624 2340 fortuna
656 2295 849 2353 nostra3
887 2293 1016 2340 nihil
1054 2293 1187 2340 enim
1223 2291 1342 2340 boni
1381 2293 1546 2340 omnia
1585 2293 1683 2340 ista
1722 2292 1873 2356 signi-

178 2365 352 2414 ficant:
398 2367 563 2414 nescio
603 2366 738 2428 quid,
778 2367 1024 2429 Neptune,
1061 2368 1267 2414 minaris
1307 2365 1515 2414 adversi.
1594 2381 1702 2413 ecce
1741 2365 1873 2414 Pali-

178 2455 332 2487 nurus
384 2439 634 2502 praevidit
687 2441 876 2488 malum
930 2443 980 2489 et
1034 2441 1239 2504 gemuit.
1326 2442 1398 2488 sic
1451 2439 1620 2487 deiude
1673 2439 1874 2495 locutus,
1904 2461 1929 2478 ··

298 2615 327 2654 4
357 2615 584 2667 quantum
614 2610 686 2654 ed.
811 2615 864 2654 11
884 2615 1091 2666 apparet
1120 2609 1156 2653 Ι
1164 2610 1206 2653 Β,
1237 2610 1434 2655 occurrit
1463 2609 1600 2667 Verg.
1634 2609 1744 2652 libri
1775 2609 1872 2652 fere
1945 2615 1953 2659 j

179 2683 353 2714 omnes.
404 2671 411 2726 Ι
467 2669 642 2714 caelum
671 2669 876 2725 undique
906 2669 993 2712 LR
1028 2670 1179 2714 maria
1209 2683 1255 2713 u.
1287 2669 1500 2726 plerique
1530 2625 1670 2725 Verg.
1701 2667 1825 2712 libri.
1861 2667 1868 2727 Ι
1944 2679 1946 2682 ’
2000 2710 2001 2717 ,

178 2729 382 2797 undique
412 2729 587 2773 caelum
617 2727 704 2771 LR
736 2730 783 2772 et
792 2684 950 2785 q.Verg
983 2727 1095 2772 libri
1125 2742 1172 2772 u.
1190 2733 1364 2785 pontus
1394 2727 1562 2784 scripsi
1593 2741 1700 2771 cum
1729 2742 1754 2770 r
1783 2727 1871 2782 ed.‚

179 2787 292 2845 quia
323 2787 374 2831 in
402 2787 597 2844 interpr.
627 2788 818 2844 pelayus
846 2787 1112 2844 respondet.
1274 2791 1328 2831 12
1361 2800 1532 2844 mayna
1562 2785 1649 2830 LR,
1679 2799 1875 2844 ‘maynus
1942 2796 1946 2804 “

179 2847 251 2890 ed.
287 2849 294 2904 1
331 2861 534 2892 accessus
565 2845 652 2889 LR
683 2846 755 2890 ed.
789 2847 981 2891 accessio
1011 2860 1110 2890 nos.
1271 2850 1326 2890 13
1358 2851 1540 2890 ventum
1570 2850 1633 2890 est
1663 2845 1874 2890 adlatum
1944 2899 1945 2902 Ἰ
2000 2877 2001 2883 1

177 2905 278 2950 LR.
427 2909 485 2949 20
514 2906 598 2950 hoc
627 2909 693 2950 est
720 2905 808 2948 LR.
837 2906 912 2950 hic
942 2905 1014 2948 ed.
1057 2905 1064 2965 Ι
1114 2905 1375 2951 describwnt
1402 2905 1445 2948 R
1475 2918 1590 2948 corr
1613 2919 1651 2948 1.
1694 2907 1700 2959 Ι
1750 2917 1872 2948 acce-
1999 2934 2002 2969 t

178 2964 336 3009 dentia
365 2964 401 3008 L
433 2964 686 3010 eccede‘ntia
716 2963 759 3006 R
789 2969 830 3008 et
861 2978 950 3009 acc.
985 2964 1056 3007 ed.
1180 2968 1236 3008 22
1268 2964 1546 3019 multiforme
1576 2963 1675 3006 LR.
1815 3000 1819 3004 .
1863 2996 1867 3000 .
1945 2964 1947 2978 ³
2000 2983 2001 2986 =
