2014 3226
788 132 1090 178 AENEmos
1123 133 1165 176 11
1722 137 1823 187 199

131 275 346 322 sentibus
400 288 606 333 anquene
652 276 834 332 pressit
881 275 1016 320 humi
1062 276 1219 322 nitens
1266 274 1574 333 trepidusque
1620 279 1810 333 repente
1828 282 1912 319 300

131 349 312 407 refuyit
363 348 650 395 attollentem
694 349 799 394 iras
848 351 890 394 et
943 349 1141 394 eae-ruta
1195 348 1318 395 colla
1371 351 1651 395 tumentem:
1713 363 1824 396 con-

131 422 326 482 paratio
375 421 508 469 facta
555 423 630 469 est
677 421 922 482 quomodo
971 421 1124 468 sensit
1161 421 1454 484 Androgeus
1501 422 1734 470 hostilem
1773 437 1823 469 se

131 495 393 542 incurrisse
448 494 881 559 congregationem
927 511 1016 555 per
1059 495 1433 556 inprudentiam
1481 498 1530 542 et
1577 495 1825 556 quomodo

85 586 107 617 5
131 585 181 617 se
228 569 516 616 subtrahere
563 569 734 616 voluit.
812 569 996 616 idcirco
1044 569 1238 616 addidit
1284 570 1404 616 haut
1447 584 1583 617 secus
1628 568 1825 616 Andro-

127 657 245 702 9eus
274 645 384 690 visu
415 644 721 702 tremefactus
753 643 932 696 abibat,
965 645 1023 689 ut
1055 643 1336 690 ostenderet
1369 659 1531 690 errore
1564 644 1824 691 confusum

129 732 181 764 se
227 716 462 779 fugiendo
510 716 755 778 explicare
802 718 1054 777 nequisse,
1102 719 1152 764 et
1192 716 1312 763 dicit
1351 717 1596 778 quomodo
1636 718 1825 765 factum

129 791 197 838 sit
240 792 486 838 inruimus
532 792 695 838 densis
742 794 785 838 et
830 791 1272 849 circumfundimur
1326 794 1480 838 armis
1533 794 1825 851 iynarosque

130 865 220 911 loci
243 867 437 924 passim
468 869 509 912 et
542 865 804 924 formidine
835 868 998 924 captos
1029 867 1303 912 sternimus.
1360 880 1472 912 cum
1502 864 1812 926 vidissemus,
1826 870 1911 910 385

63 954 106 986 ιο
128 939 314 999 inquit,
363 953 525 986 errore
574 941 745 1000 captos
785 939 942 986 hostis
983 940 1032 985 et
1069 941 1231 998 metu,
1273 938 1587 1002 ignoratione
1626 955 1843 1001 quoquev

128 1012 226 1059 loci
271 1012 520 1073 conquOS,
568 1013 835 1072 inruimus,
882 1012 1068 1073 inquit,
1107 1012 1270 1060 densis
1310 1015 1360 1060 et
1399 1013 1825 1060 circunfundimur

129 1087 301 1147 armis,
347 1087 440 1134 hoc
480 1090 555 1135 est
591 1088 646 1134 in
685 1086 927 1134 circulum
965 1085 1221 1133 fundimur
1260 1088 1410 1148 atque
1449 1089 1704 1136 universos
1743 1103 1823 1135 oc-

128 1159 349 1208 cidimus.
428 1161 591 1208 solum
630 1160 823 1208 induxit
862 1161 1149 1222 loquentem
1188 1160 1531 1224 Androgeum,
1570 1161 1751 1209 solum⁴
1770 1176 1823 1209 se

127 1233 416 1281 subtrahere
456 1235 686 1295 voluisse,
719 1234 847 1282 dixit
883 1237 1052 1282 tamen
1091 1236 1390 1298 ignarosque
1430 1234 1528 1283 loci
1567 1238 1615 1282 et
1652 1235 1823 1283 formi-

30 1308 36 1314 ’
62 1324 103 1356 15
128 1308 242 1355 dine
281 1312 452 1370 captos
492 1309 759 1357 sternimus
797 1309 851 1355 id
891 1311 965 1356 est
1004 1309 1289 1369 occidimus,
1321 1311 1378 1355 ut
1410 1309 1693 1357 ostenderet
1723 1324 1823 1356 non

127 1382 287 1430 solum
334 1383 508 1442 fuisse,
556 1382 642 1431 sed
688 1383 954 1444 plurimos,
999 1383 1119 1430 licet
1165 1386 1216 1431 et
1254 1398 1405 1444 supra
1444 1383 1624 1430 dixerit
1663 1376 1822 1448 (370)

126 1457 345 1517 „primus
400 1472 451 1504 se
502 1456 741 1505 Danaum
795 1472 979 1519 magna
1033 1458 1302 1505 comitante
1357 1455 1601 1504 caterva“.
1691 1456 1823 1518 quod

126 1532 293 1578 autem
325 1531 452 1578 dixit
484 1529 696 1580 Graecos
728 1534 866 1579 metu
898 1534 949 1579 et
978 1531 1202 1579 locorum
1233 1531 1545 1594 ignoratione
1578 1531 1822 1591 confusos,

124 1604 220 1652 hoc
264 1605 437 1666 procul
484 1604 635 1653 dubio
682 1604 973 1667 proficiebat
1019 1605 1348 1653 Troianorum
1402 1605 1680 1665 commodo,
1734 1605 1822 1667 qui

58 1694 102 1726 20
127 1694 214 1726 nec
260 1681 396 1726 metu
442 1679 793 1741 premebantur
837 1682 886 1727 et
932 1679 1155 1727 locorum
1210 1680 1545 1742 cognitionem
1594 1679 1821 1740 plenissi-

32 1815 33 1819 ,
125 1767 260 1800 mam
305 1752 600 1801 retinebant.
677 1754 904 1813 adspirat
946 1755 1111 1813 primo
1164 1754 1365 1812 fortuna
1420 1754 1599 1801 labori:
1658 1753 1820 1814 primo

123 1826 287 1874 labori
325 1826 456 1888 quod
495 1827 590 1888 ait,
628 1828 939 1875 intellectum
978 1827 1226 1890 duplicem
1263 1829 1430 1888 potest
1468 1826 1821 1887 demonstrare,
1900 1834 1905 1861 ῑ

31 1911 35 1918 ·
124 1903 182 1948 ut
225 1902 416 1962 primus
463 1901 606 1950 labor
651 1901 882 1950 habuerit
919 1917 1211 1964 prosperam
1249 1902 1518 1961 fortunam,
1557 1917 1709 1963 quam
1746 1917 1820 1949 se-

126 1990 279 2036 quens
333 1991 434 2023 non
486 1975 684 2036 habuit,
739 1978 828 2024 aut
881 1978 1036 2036 certe,
1100 1977 1219 2037 quia
1272 1976 1326 2023 in
1378 1976 1541 2037 primo
1604 1975 1822 2023 ostendit

58 2063 102 2098 85
126 2050 403 2111 auspicium
448 2050 652 2098 fortuna
691 2065 750 2098 ex
786 2050 944 2098 hostis
984 2065 1163 2110 errore,
1201 2064 1346 2110 posse
1384 2051 1572 2097 ceteros
1611 2048 1819 2097 diversis

29 2177 35 2183 ,
126 2122 374 2171 erroribus
413 2125 650 2186 superari.
730 2127 871 2184 atque
908 2125 986 2172 hic
1021 2138 1244 2172 successu
1282 2124 1504 2172 eoeultans
1548 2125 1821 2183 animisque

129 2196 392 2245 Coroebus:
430 2212 458 2245 o
497 2200 628 2254 socii,
660 2213 783 2258 quae
812 2200 1000 2258 prima,
1031 2199 1203 2258 inquit,
1234 2198 1437 2257 fortzma
1473 2198 1649 2246 salutis
1686 2212 1820 2245 mon·

123 2274 249 2318 strat
299 2273 390 2319 iter
443 2286 634 2332 quaque
685 2273 892 2320 ostendit
941 2286 993 2320 se
1045 2272 1217 2319 dextra
1268 2285 1555 2331 sequamur:
1614 2273 1822 2333 propter

125 2359 345 2393 amorem
378 2344 683 2394 Cassandrae
716 2344 992 2394 Coroebum
1030 2347 1223 2394 venisse
1262 2345 1327 2392 ad
1358 2345 1538 2393 Troiae
1577 2345 1819 2393 auxilium

26 2411 104 2477 ἔχεο
126 2421 350 2480 superius
397 2418 546 2483 dixit,
589 2422 797 2482 propter
841 2419 1047 2468 eandem
1094 2435 1298 2468 causam
1342 2420 1511 2481 posuit
1558 2421 1711 2467 etiam
1761 2433 1820 2467 ex

24 2491 40 2546 ”·,
123 2493 372 2554 praesenti
418 2495 603 2542 eventu
647 2493 972 2557 gratulatum.
1050 2493 1262 2555 denique
1307 2493 1498 2556 primus
1537 2492 1819 2555 suspicione

25 2562 29 2567 ’
125 2565 300 2615 ductus
333 2569 408 2616 est
438 2582 678 2629 prospera
701 2582 805 2615 esse
829 2582 972 2630 posse
995 2567 1194 2616 futurae
1219 2567 1557 2616 dimicationis
1581 2566 1818 2629 auspicia,

125 2641 170 2688 si
207 2641 340 2702 quod
378 2640 662 2691 ostenderat
701 2643 861 2690 exitus
899 2657 1067 2689 rerum
1105 2641 1313 2690 Troiani
1350 2642 1694 2703 sequerenturr,
1746 2640 1818 2688 ait

239 2829 302 2869 Δ10
330 2831 452 2871 metu
482 2831 526 2871 et
554 2827 628 2870 ed.
758 2831 814 2871 12
845 2832 980 2883 atque
1010 2827 1095 2870 LR
1127 2833 1171 2872 et
1201 2827 1272 2871 ed.
1398 2831 1452 2870 16
1482 2826 1630 2871 solum
1660 2825 1746 2868 LR
1779 2838 1817 2869 ς.

123 2896 229 2927 eum
256 2884 327 2928 ed.
356 2887 365 2941 Ι
390 2890 432 2929 et
461 2898 606 2942 supra
635 2885 724 2929 LR
753 2890 796 2930 et
825 2885 915 2930 del.
947 2901 983 2930 r.
1108 2890 1164 2930 20
1195 2891 1238 2931 et
1268 2887 1468 2931 locorum
1498 2885 1584 2928 LR
1614 2898 1756 2941 neque
1785 2885 1816 2928 Ι.

47 2945 50 2950 “
125 2942 197 2986 ed.
319 2948 376 2987 25
407 2945 599 2998 fortuna
630 2945 717 2988 LR
749 2959 855 2990 -nae
886 2945 959 2989 ed.
1082 2950 1136 2989 27
1170 2959 1285 3002 quae
1314 2944 1403 2987 LR
1433 2959 1525 3001 qua
1555 2943 1627 2988 ed.
1738 2975 1741 2978 «
