2014 3226
784 197 1085 243 AENEIDOS
1119 201 1159 243 V
1715 211 1823 259 4'4'3

136 336 278 381 tanto
311 335 470 397 magis
503 350 592 395 pro
626 336 842 384 remedio
876 338 968 385 sibi
1001 339 1208 388 duxerat
1241 343 1491 402 standum3
1526 349 1661 392 tutus
1694 349 1820 394 enim

136 409 300 455 fuerat
340 409 557 469 corporis
597 409 740 456 mole.
805 426 911 458 ecce
946 413 1063 459 fecit
1094 415 1190 461 iam
1228 421 1587 477 separationem
1625 422 1824 482 signans

138 482 258 542 quid
306 482 491 545 singuli
538 486 754 545 agerent.
835 485 1011 543 Dares,
1059 487 1242 548 inquit,
1290 490 1491 553 vigebat
1531 493 1824 554 mobilitate,

138 556 371 618 quoniam
413 557 592 603 aetatis
633 557 866 619 suffragio
906 560 1191 609 iuvabatur:
1247 563 1372 610 alter
1411 566 1680 613 sistendum
1722 583 1823 616 esse

91 645 111 677 5
137 629 414 676 crediderat
466 632 671 691 propter
725 633 989 679 senectutis
1052 634 1436 696 inpedimentum
1503 644 1551 686 et
1605 644 1823 702 corporis

136 703 342 765 pondus.
421 703 506 750 sed
553 704 698 751 tarda
746 708 988 754 tremmtis
1030 723 1190 768 yenua
1236 711 1424 766 labant,
1474 717 1632 760 vastos
1671 718 1824 773 quatit

136 791 279 836 aeyer
324 778 566 825 ambelitus
612 782 774 825 artus:
835 795 933 826 non
981 798 1174 844 pugnae
1230 784 1524 847 fatigatione
1580 788 1825 835 nutabant

136 867 299 914 genua
354 853 461 899 eius
519 854 605 898 aut
659 852 891 899 certando
947 870 1151 917 magnos
1208 858 1452 906 anhelitus
1508 860 1678 920 dabat,
1740 862 1823 909 sed

135 926 230 973 hoc
274 925 350 972 illi
399 928 535 973 aetas
584 928 865 987 provectior
910 928 1123 976 faciebat
1168 934 1216 977 et
1255 935 1472 993 corporis
1519 936 1822 997 magnitude.

70 1015 113 1047 ιο
135 999 292 1047 multa
329 1001 426 1047 viri
463 1002 784 1059 nequicquam
821 1002 947 1048 inter
983 1016 1036 1050 se
1064 1005 1268 1052 vulnera
1301 1008 1493 1062 lactant,
1524 1009 1677 1055 multa
1709 1024 1824 1056 caco

135 1073 278 1121 lateri
322 1075 627 1134 ingeminavit
673 1077 716 1122 et
750 1078 941 1134 pectore
986 1081 1147 1124 vastos
1193 1079 1312 1126 dant
1358 1082 1544 1128 sonitus
1590 1086 1810 1142 erratque
1826 1091 1916 1130 435

135 1148 276 1195 auris
324 1151 366 1194 et
411 1151 627 1207 tempora
675 1149 856 1196 circum
902 1151 1070 1198 crebra
1116 1167 1315 1207 manus,
1370 1154 1461 1200 hoc
1515 1158 1587 1202 est
1641 1157 1823 1204 circum

136 1221 271 1269 auris
320 1223 370 1269 et
415 1223 664 1282 tempora,
712 1223 836 1269 duro
876 1226 1113 1283 crepitant
1148 1227 1237 1272 sub
1275 1229 1471 1274 vulnere
1508 1230 1689 1276 malae:
1744 1246 1825 1277 ne-

25 1328 43 1339 .
138 1297 403 1356 quicquam
446 1295 507 1342 ad
548 1297 715 1343 omnia
756 1312 882 1357 quae
923 1303 1207 1346 enumerata
1240 1304 1353 1347 sunt
1383 1302 1618 1363 pertinet3
1658 1319 1825 1351 omnes

24 1401 30 1406 -
70 1383 112 1416 15
138 1371 270 1417 enim
323 1370 451 1417 ictus
498 1385 599 1416 non
645 1373 751 1416 tam
798 1387 972 1434 graves
1020 1373 1239 1433 fuerant,
1293 1377 1349 1422 ut
1399 1375 1486 1423 hos
1532 1377 1683 1424 fortes
1731 1378 1826 1424 viri

137 1443 380 1492 sustinere
427 1459 527 1491 non
573 1447 791 1505 possent.
868 1449 965 1493 stat
1012 1449 1181 1506 gravis
1231 1448 1453 1496 Entellus
1502 1452 1707 1509 nisuque
1750 1453 1825 1498 in-

135 1520 292 1565 motus
339 1518 500 1566 eodem
547 1532 745 1577 corpore
792 1518 886 1567 tela
932 1520 1071 1567 modo
1118 1523 1259 1580 atquc
1312 1523 1461 1570 oculis
1513 1525 1826 1584 viyilantibus

137 1593 255 1640 exit:
293 1591 406 1653 plus
446 1591 609 1639 laudis
648 1592 701 1639 in
740 1593 940 1640 Entello
972 1594 1086 1655 fuit,
1119 1595 1203 1655 qui
1236 1597 1391 1642 stanti
1422 1611 1638 1658 corpore,
1670 1598 1825 1646 oculis

136 1668 306 1713 tamen
361 1667 497 1713 omni
550 1667 746 1714 cautela
801 1668 1111 1715 currentibus
1169 1670 1298 1716 ictus
1359 1670 1597 1718 fundebat
1656 1671 1825 1718 crebro

28 1755 113 1804 3²⁰
136 1739 404 1801 venientis3
458 1740 551 1788 hoc
591 1743 667 1788 est
707 1742 838 1802 quod
878 1741 1004 1788 dixit
1051 1745 1280 1803 erratque
1329 1745 1461 1791 auris
1509 1748 1557 1791 et
1602 1748 1826 1807 tempora

27 1810 41 1845 ¹³
137 1815 323 1861 circum
363 1814 534 1862 crebra
572 1827 764 1876 manus,
798 1817 916 1877 quia
955 1818 1113 1864 omnis
1151 1817 1237 1863 ille
1278 1817 1493 1865 cavendo
1533 1818 1824 1866 declinabat.

135 1889 232 1944 ille,
263 1887 317 1935 id
349 1890 424 1936 est
454 1888 627 1949 Dares,
657 1888 788 1937 velut
825 1891 1000 1938 celsam
1038 1894 1286 1951 oppugnat
1314 1893 1396 1951 qui
1425 1892 1632 1940 molibus
1662 1893 1827 1939 urbem

137 1964 227 2010 aut
268 1965 504 2010 montana
548 1963 680 2011 sedet
722 1965 905 2012 circum
950 1964 1146 2012 castella
1190 1965 1280 2012 sub
1327 1967 1501 2021 armi3‚
1554 1981 1685 2014 nunc
1728 1967 1812 2013 hos
1829 1971 1919 2011 440

135 2049 268 2084 nunc
311 2037 422 2084 illos
468 2036 634 2085 aditus
678 2051 958 2098 omnemque
991 2042 1219 2098 pererrat
1255 2042 1359 2087 arte
1397 2039 1553 2086 locum
1592 2039 1638 2087 et
1673 2042 1828 2087 variis

71 2125 114 2159 25
139 2110 413 2158 adsultibus
464 2112 649 2159 ‘mritus
700 2115 861 2172 uryet:
921 2112 1077 2160 Dares
1124 2112 1376 2160 Entellum
1427 2114 1498 2160 sic
1543 2114 1695 2160 variis
1743 2113 1824 2160 ad-

139 2184 354 2232 sultibus
401 2185 507 2232 sine
547 2185 726 2233 effectu
763 2185 973 2234 nocendi
1011 2186 1243 2248 urgebat,
1291 2202 1347 2234 ac
1386 2187 1540 2247 siquis
1580 2186 1703 2235 velit
1740 2202 1826 2248 op·

138 2273 360 2322 pugnare
407 2258 579 2306 urbem
624 2261 821 2322 magnis
868 2259 1083 2308 molibus
1127 2262 1458 2308 constructam
1498 2262 1585 2308 aut
1623 2260 1828 2308 castella

77 2344 81 2347 “
139 2331 390 2380 destruere
422 2334 630 2381 summis
661 2335 716 2380 in
746 2334 997 2381 montibus
1023 2334 1306 2381 constituta.
1359 2349 1590 2418 magnam
1612 2333 1828 2382 hominis

138 2405 372 2469 peritiam
426 2405 788 2456 demonstravit
842 2410 891 2454 et
944 2407 1286 2455 habitudinem
1341 2409 1581 2469 corporis,
1635 2410 1691 2454 ut
1740 2407 1826 2468 qui

71 2495 116 2529 ao
132 2480 390 2529 discursus
437 2480 618 2529 habere
663 2497 764 2529 non
809 2483 1008 2543 poterat
1053 2482 1132 2529 sui
1175 2480 1406 2543 ponderis
1453 2495 1601 2529 causa
1637 2495 1735 2528 uno
1772 2481 1828 2528 111

138 2554 248 2602 loco
295 2555 568 2602 consistens
613 2555 716 2603 tela
763 2554 933 2603 crebro
979 2555 1231 2603 venientia
1274 2553 1684 2603 declinationibus
1723 2569 1827 2602 cor·

140 2629 276 2690 poris
315 2629 528 2676 evitaret
566 2631 616 2676 et
654 2628 895 2677 funderet.
961 2628 1082 2676 haec
1113 2628 1432 2690 praestabant
1462 2642 1691 2689 praesens
1722 2627 1827 2675 8111·

141 2717 267 2763 111113,
306 2703 428 2750 artis
466 2703 721 2767 ingenium
761 2705 812 2750 et
851 2702 984 2751 oculi
1020 2701 1303 2766 vigilantes
1371 2701 1574 2751 ostendit
1609 2701 1826 2749 dextram

259 2891 286 2954 (ξ
317 2889 526 2931 trementi
556 2887 628 2957 ed.
700 2946 709 2955 ἱ
741 2891 794 2931 11
828 2892 1070 2942 errantque
1099 2885 1148 2954 L.
1259 2890 1313 2930 18
1338 2885 1450 2942 plus
1478 2884 1599 2942 Rpl
1598 2896 1648 2928 οε
1677 2882 1713 2927 L
1739 2883 1826 2985 goe

139 2944 212 2989 ed.
252 2946 320 3003 (m
357 2958 507 3003 marg.
545 2946 739 2991 husten-ta
781 2945 1059 2990 adnotatum
1097 2958 1146 2988 111
1185 2943 1250 3000 L).
1390 2947 1444 2988 19
1481 2884 1704 2998 fundebat
1785 2941 1856 2985 R.-

139 3005 317 3049 vitabat
346 3004 418 3048 ed.
541 3009 597 3049 23
629 3005 751 3050 cedet
778 3004 821 3047 R
849 3004 965 3049 sedit
995 3003 1044 3048 L.
