2014 3226
206 157 309 210 136
669 154 902 198 DONATI
933 154 1212 198 INTERPR.
1246 153 1422 199 VERG.

201 298 330 345 Iuli.-
386 296 594 344 officiosi
631 295 705 342 fili
743 296 902 357 partis
942 295 1276 356 commendat,
1316 297 1500 358 quippe
1540 311 1686 357 quem
1726 295 1892 345 horta·

200 371 348 419 batur
386 372 560 418 matris
601 370 824 419 adfectus
858 370 908 415 et
938 369 1108 418 fratris
1142 370 1324 417 caritas
1358 368 1619 417 excitabat.
1683 385 1893 433 expone-

200 445 289 492 bat
336 447 502 492 autem
551 444 676 504 alas,
732 446 788 490 ut
843 443 1057 491 alienam
1109 444 1322 506 speciem
1375 443 1577 490 mentiri
1632 445 1891 506 potuisset.

202 522 251 566 et
298 533 467 581 gressu
515 516 734 580 gaudens
777 516 964 564 incedit
1001 517 1121 564 Iuli:
1176 517 1475 581 gaudentem
1514 517 1705 565 inducit
1743 516 1893 580 Cupi-

202 593 379 652 dinem,
420 592 498 639 vel
540 590 671 652 quod
712 592 855 652 quasi
885 590 1130 639 Ascanius
1169 592 1277 639 ibat
1317 592 1380 639 ad
1410 594 1618 653 patrem,
1649 593 1727 640 vel
1761 591 1894 653 quod
1937 608 1959 642 5

201 667 348 729 plena
386 665 645 713 voluntate
684 666 822 713 iussa
853 666 1028 714 matris
1061 665 1296 727 inplebat.
1359 666 1452 713 hoc
1484 667 1559 713 est
1591 665 1722 712 enim
1753 682 1893 727 prae-

203 742 402 802 cipuum
435 739 749 801 obsequentis
783 739 1017 800 studium,
1051 740 1093 787 si
1123 739 1281 787 libens
1316 743 1435 802 agat
1468 755 1594 801 quae
1625 742 1894 802 praecepta

202 816 316 862 sunt
363 829 513 874 quam
558 814 747 861 invitus
797 813 1040 876 conpleat.
1119 830 1236 876 ergo
1280 813 1470 876 Cupido
1516 813 1697 876 agebat
1733 815 1894 876 partis

201 903 326 935 suas.
407 890 459 934 at
515 887 676 935 Venas
722 885 939 936 Ascanio
986 888 1240 947 placidam
1284 902 1379 948 per
1429 888 1646 935 membra
1693 890 1895 948 quietem

203 964 384 1022 inriyat
430 965 473 1008 et
516 963 671 1021 fotum
713 962 895 1022 yremio
943 963 1034 1009 dea
1082 962 1202 1009 tollit
1246 963 1300 1009 in
1346 963 1468 1009 altos
1506 962 1703 1010 Idaliae
1748 961 1894 1018 luco&
1919 977 1985 1011 ιι)4

199 1036 284 1083 ubi
322 1035 482 1083 mollis
522 1050 784 1083 amaracus
822 1036 961 1083 illum
999 1037 1204 1094 floribus
1244 1038 1287 1083 et
1323 1037 1455 1084 dulci
1490 1036 1756 1095 adspirans
1788 1050 1896 1084 con-

193 1110 422 1170 plectitur
452 1110 653 1158 umbra:
690 1110 938 1157 tractatur
969 1111 1150 1158 natura
1181 1110 1396 1158 hominis
1431 1112 1481 1158 et
1511 1111 1714 1170 aetatis3
1754 1111 1898 1172 pueri

202 1185 333 1231 enim
380 1184 528 1231 facile
576 1184 831 1232 dormiunt
877 1185 1051 1246 utpote
1098 1186 1281 1245 securi,
1329 1184 1462 1246 quod
1509 1184 1704 1232 facilius
1749 1183 1809 1232 fit
1847 1186 1898 1232 et

202 1258 301 1318 diu,
342 1259 385 1305 si
424 1257 663 1305 accedant
701 1258 804 1306 alia
844 1273 973 1319 quae
1014 1259 1234 1306 animum
1274 1259 1510 1320 cuiusque
1551 1258 1744 1306 diverso
1785 1273 1897 1306 sua-

201 1333 374 1379 vitatis
415 1347 562 1380 sensu
599 1333 761 1395 magis
802 1347 859 1380 ac
898 1333 1059 1396 magis
1098 1333 1325 1381 invitent.
1403 1332 1695 1395 providetur
1739 1332 1896 1394 lucus,
1921 1347 1987 1380 152

200 1406 436 1454 mollities
477 1422 672 1468 quoque
714 1407 763 1453 et
801 1405 959 1467 flores,
993 1406 1115 1455 odor
1153 1406 1344 1467 florum,
1378 1421 1610 1467 secessus,
1643 1406 1898 1454 silentium

114 1483 197 1524 695
217 1482 266 1528 et
305 1481 528 1542 opacitas
567 1480 869 1527 umbrarum.
938 1481 1053 1536 ibat,
1086 1482 1268 1542 inquit,
1299 1478 1452 1541 [dicto
1474 1495 1661 1541 parens
1695 1483 1737 1528 et
1766 1481 1898 1528 dona

204 1551 392 1614 Cupido
443 1556 580 1614 rcyia
626 1555 859 1615 portabat
906 1553 1099 1616 Tyriis]
1153 1554 1272 1602 duce
1319 1555 1473 1603 laetas
1518 1551 1726 1603 Achate:
1787 1569 1897 1602 ecce

201 1627 454 1676 subtilitas
480 1628 763 1677 simulantis
788 1628 1000 1676 alienam
1021 1644 1299 1691 personam,
1312 1629 1478 1691 ipsum
1494 1629 1656 1692 primo
1670 1627 1897 1676 Achaten

200 1701 348 1763 fallit,
389 1703 476 1763 qui
516 1702 672 1750 alium
711 1702 891 1750 ducens
931 1719 1021 1765 pro
1055 1703 1155 1750 alio
1187 1702 1679 1767 transfigurationem
1710 1703 1898 1751 factam
1919 1717 1965 1752 20

200 1792 299 1824 non
345 1775 561 1824 videbat.
638 1777 880 1838 portabat
925 1776 1056 1824 dona
1104 1779 1246 1840 regia
1300 1779 1350 1825 et
1402 1778 1563 1826 laetus
1617 1777 1737 1824 fuit:
1797 1791 1898 1824 non

201 1849 512 1912 fatigabatur
548 1866 672 1912 puer
711 1866 858 1899 onere
896 1867 1159 1899 munerum
1196 1866 1286 1899 nec
1323 1850 1491 1899 taedio
1530 1850 1762 1913 ponderis
1809 1852 1900 1899 aut

199 1925 395 1972 itineris
427 1924 770 1988 frangebatur3
811 1939 962 1987 supra
993 1926 1125 1973 enim
1157 1925 1286 1973 dixit
1316 1925 1535 1988 „pallam
1566 1925 1721 1988 signis
1754 1939 1898 1972 auro-

203 2013 296 2059 que
329 1995 602 2061 rigentem“
635 2001 685 2046 et
715 2001 996 2062 „sceptrum
1026 1999 1185 2048 Ilione
1218 1999 1352 2061 quod
1386 1999 1607 2063 gesserat
1638 1994 1803 2059 olim“,
1838 2001 1898 2046 ut

203 2071 484 2119 ostenderet
523 2073 710 2134 species
750 2088 873 2134 quas
912 2089 1037 2136 puer
1075 2089 1165 2136 pro
1201 2072 1393 2122 levibus
1425 2074 1553 2121 ferre
1585 2088 1683 2120 non
1714 2073 1894 2134 posset.
1920 2086 1962 2122 2⁸

319 2144 442 2194 Cum
480 2148 630 2202 venit,
670 2146 858 2195 aulaeis
895 2148 998 2195 iam
1035 2162 1086 2195 se
1122 2149 1295 2208 reyina
1331 2147 1552 2208 superbis
1592 2161 1748 2195 aurea
1788 2161 1897 2195 con-
1988 2143 1989 2146 ’

194 2221 363 2279 posuit
391 2220 579 2280 sponda
609 2220 911 2280 mediamque
941 2222 1140 2270 locavit.-
1179 2237 1288 2270 ecce
1319 2222 1550 2284 provenit
1582 2221 1896 2282 oportunitas

203 2293 300 2340 loci
346 2294 396 2340 et
440 2294 678 2356 temporis
726 2310 877 2356 quam
923 2295 1240 2357 praedixerat
1276 2294 1468 2357 Venus3
1521 2310 1637 2343 nam
1677 2310 1736 2342 ea
1773 2294 1898 2342 hora

205 2381 304 2428 qua
345 2365 535 2428 Cupido
574 2383 665 2429 pro
706 2367 921 2417 Ascanio
964 2368 1197 2417 veniebat
1241 2371 1474 2432 coeperat
1511 2367 1768 2416 discumbi.
1845 2369 1898 2415 et

202 2442 420 2503 primum
474 2439 675 2503 quidem
713 2441 1019 2491 discubuisse
1058 2443 1251 2491 inducit
1289 2444 1508 2491 convivii
1546 2442 1799 2490 dominam
1837 2457 1896 2490 ea
1917 2456 1966 2491 ω

205 2513 476 2562 ambitione
517 2530 644 2576 quae
684 2516 1007 2565 conveniebat
1045 2518 1263 2580 reginae,
1303 2533 1359 2566 eo
1398 2517 1478 2565 vel
1516 2517 1730 2564 maxime
1771 2517 1894 2563 tem·
1943 2568 1949 2575 ,

202 2603 322 2651 pore
375 2604 475 2650 quo
532 2591 816 2651 susceperat
868 2590 1086 2653 hospitio
1139 2593 1339 2639 tantum
1391 2606 1559 2655 regem
1609 2591 1894 2652 ceterosque

325 2734 346 2771 1
382 2729 577 2784 officiosi
605 2729 678 2785 fili
699 2730 855 2787 partis
878 2730 913 2772 L
945 2743 983 2775 ο.
1009 2731 1042 2784 f.
1062 2732 1199 2788 paris
1221 2731 1264 2774 R
1294 2731 1447 2788 officio
1476 2745 1522 2776 se
1550 2730 1677 2786 filias
1700 2730 1813 2787 pari
1841 2727 1893 2772 r'.
1933 2723 1970 2733 '⁴

324 2793 348 2830 2
381 2788 631 2844 exponebat
661 2787 748 2831 LR
778 2790 970 2834 exuebat
999 2789 1069 2833 ed.
1171 2794 1198 2834 3
1224 2795 1375 2847 posset
1405 2789 1478 2834 ed.
1582 2793 1608 2832 8
1641 2803 1778 2846 qaam
1807 2787 1896 2831 LR

204 2861 283 2891 mc
314 2846 384 2890 ed.
511 2851 565 2891 14
597 2848 817 2891 accedunt
848 2848 918 2892 ed.
1037 2853 1091 2892 15
1124 2850 1252 2894 lucus
1283 2849 1370 2892 LR
1403 2850 1526 2894 locus
1557 2848 1629 2892 ed.
1742 2851 1797 2890 16
1828 2861 1894 2892 se-

204 2919 351 2950 cessus
381 2905 450 2949 Lr
491 2919 686 2951 recessus
716 2905 758 2948 R
789 2906 859 2950 ed.
994 2911 1046 2950 17
1079 2908 1177 2953 ibat
1207 2909 1360 2964 inquit
1388 2907 1478 2950 LR
1507 2908 1620 2952 dicit
1649 2907 1747 2951 ibat
1777 2905 1848 2950 ed.
1885 2905 1904 2964 ΙΑ

205 2965 326 3008 dieto
344 2991 397 2996 —
418 2968 474 3007 18
503 2965 657 3023 Tyriis
689 2964 822 3009 deest
851 2964 902 3008 in
933 2965 1032 3021 LR,
1057 2967 1148 3019 ,sed
1181 2965 1454 3024 explicatur.
1557 2970 1612 3010 25
1646 2966 1732 3010 levi
1761 2964 1833 3009 ed.
1919 2988 1922 2992 ι
