2014 3226
827 172 1128 216 AENEmos
1162 173 1202 215 v
1757 176 1862 227 491

168 327 304 369 suos,
358 314 470 361 hinc
523 314 739 361 maxima
788 327 939 372 porro
987 315 1168 374 accepit
1212 313 1372 361 Roma
1419 318 1462 362 et
1498 317 1722 374 patriam
1768 330 1866 363 ser-

169 389 303 435 ravit
354 389 602 442 honorem,
661 387 903 446 Troiaque
955 402 1107 443 mmo,
1155 389 1303 447 pueri
1360 388 1632 436 Troianum
1687 390 1867 436 dicitur

170 475 366 521 amne-n:
427 463 624 509 tantum
679 463 926 508 certamen
988 460 1114 507 illud
1175 461 1353 509 habuit
1415 463 1629 524 gratiae,
1692 464 1749 510 ut
1804 463 1866 510 ad

168 538 393 596 posteros
434 550 629 596 quoque
677 536 727 582 et
772 550 861 596 per
899 534 1179 582 Romanum
1226 550 1380 599 genus
1427 536 1562 583 mitti
1608 536 1866 597 meruerit,

124 625 144 656 5
169 625 285 656 nam
323 610 513 670 primus
552 607 799 656 Ascanius
841 624 937 670 quo
979 609 1042 656 ad
1088 610 1337 656 tumulum
1378 611 1459 657 avi
1500 611 1579 657 sui
1619 610 1865 658 Anchisae

170 698 345 745 genere
387 682 670 731 certaminis
717 682 840 730 lusit
890 684 1081 730 censuit
1131 683 1482 743 revocandum,
1532 699 1642 731 cum
1682 684 1866 732 Albam

170 759 390 819 cingeret
428 757 597 803 muris.
676 756 987 819 intellegitur
1032 759 1150 804 tunc
1196 757 1342 805 ludos
1392 757 1622 806 habuisse
1662 761 1868 820 propter

169 829 416 878 laetitiam
455 830 683 878 conditae
724 831 966 891 civitatis3
1016 847 1104 891 per
1143 847 1397 879 murorum
1444 833 1577 879 enim
1624 832 1866 880 fabricam

168 907 329 952 totam
368 905 624 952 civitatem
663 904 895 952 debemus
942 905 1178 966 accipere.
1259 905 1503 966 quomodo
1552 908 1720 953 autem
1759 908 1866 968 ipse

100 995 144 1026 10
170 978 414 1040 exhibuit,
461 979 530 1026 sic
569 981 837 1026 tenuerunt
875 979 1060 1026 Albani
1102 982 1149 1026 et
1196 982 1537 1028 consecratum
1582 979 1865 1028 habuerunt

169 1053 422 1114 piaculum
469 1054 810 1115 aestimantes,
863 1053 906 1101 si
952 1053 1082 1100 hunc
1131 1069 1277 1115 quem
1318 1054 1562 1102 Ascanius
1601 1054 1866 1102 induxerat

167 1143 355 1175 morem
394 1128 858 1188 praetermisissent.
937 1142 1026 1174 nec
1076 1129 1175 1189 ipsi
1220 1130 1419 1175 tantum
1468 1130 1557 1189 qui
1594 1127 1867 1176 Ascanium

167 1201 398 1248 viderant
437 1203 734 1248 curaverunt
773 1217 877 1249 esse
917 1201 1236 1262 servandum,
1276 1202 1360 1250 sed
1400 1202 1675 1250 docuerunt
1713 1203 1866 1250 etiam

167 1291 302 1324 suos:
352 1277 650 1337 tantumque
698 1275 841 1324 istius
881 1276 1120 1323 memoria
1161 1277 1343 1337 valuit,
1395 1278 1452 1323 ut
1503 1276 1566 1323 ad
1613 1276 1864 1325 Romanos

99 1365 140 1396 15
168 1352 318 1411 atque
373 1364 543 1398 eorum
597 1351 823 1412 posteros
876 1349 1147 1397 reverenda
1206 1349 1550 1398 observatione
1612 1351 1863 1398 transiret.

166 1423 377 1485 denique
419 1439 479 1471 ne
520 1425 659 1486 origo
699 1424 845 1471 istius
884 1424 1011 1471 ritus
1051 1424 1262 1472 saeculis
1301 1423 1583 1473 labentibus
1622 1425 1864 1486 interiret,

166 1514 276 1544 cum
333 1498 599 1559 quotannis
649 1497 796 1544 ludus
857 1499 964 1559 ipse
1015 1498 1310 1560 replicatur,
1366 1498 1517 1547 Troia
1578 1498 1761 1546 dicitur
1815 1501 1865 1547 et

166 1572 436 1619 Troianum
476 1587 655 1634 agmen
694 1571 952 1620 adseritur.

278 1646 392 1693 Hac
416 1646 654 1694 celebrata
678 1650 816 1694 terras
838 1649 1003 1694 sancto
1037 1648 1306 1695 certamina
1319 1648 1475 1706 patri,
1513 1647 1627 1694 hinc
1640 1649 1865 1707 primam

95 1735 141 1767 20
164 1722 363 1780 fortuna
408 1720 555 1779 fidem
598 1723 787 1768 mutata
824 1723 1046 1768 novavit:
1092 1736 1204 1768 cum
1243 1721 1483 1769 hactenus
1522 1720 1615 1768 hoc
1656 1727 1730 1769 est
1768 1721 1864 1768 huc

164 1809 319 1856 usque
360 1795 571 1842 fuissent
608 1794 716 1841 ludi
756 1797 806 1842 et
844 1809 1014 1842 securo
1055 1809 1199 1842 cursu
1237 1810 1314 1843 res
1348 1794 1590 1843 Troianae
1631 1794 1864 1843 duceren-

163 1870 260 1930 tur,
291 1870 495 1931 repente
526 1870 722 1916 mutata
754 1869 955 1915 fortuna
988 1871 1062 1916 est
1094 1871 1157 1932 et,
1195 1871 1255 1916 ut
1284 1871 1446 1930 primo
1479 1869 1657 1930 fuerat,
1689 1869 1864 1917 effecta

165 1944 242 1990 est
277 1943 460 1990 iterum
498 1943 645 1990 mala.
726 1942 972 2004 quomodo
1010 1943 1127 1990 talis
1174 1942 1309 1991 facta
1355 1943 1422 1991 sit
1469 1942 1863 1992 demonstratur:

165 2016 282 2064 dwm
319 2018 476 2064 variis
515 2018 700 2064 twmalo
739 2018 959 2077 referunt
990 2018 1246 2065 sollemnia
1277 2017 1422 2074 ludis,
1460 2017 1591 2065 Irim
1621 2017 1680 2064 dc
1718 2018 1848 2066 caelo
1866 2023 1953 2062 605

94 2103 140 2137 86
164 2092 299 2140 misit
334 2089 574 2139 Saturnia
605 2091 736 2138 Iuno
764 2091 978 2139 Iliacam
1018 2092 1084 2139 acl
1122 2092 1324 2139 classem
1353 2095 1608 2151 ventosque
1639 2092 1864 2152 adspirat

166 2166 325 2213 eunti:
356 2163 472 2212 dum
498 2180 666 2213 omnes
690 2166 874 2213 intenti
897 2165 1129 2213 ludorum
1146 2165 1474 2214 varietatibus
1499 2165 1865 2214 delectarentur

166 2241 217 2286 et
255 2237 543 2287 exhiberent
581 2239 844 2301 sepulchro
888 2239 1173 2300 sollemnia,
1219 2239 1342 2287 Irim
1386 2239 1512 2288 Iuno
1560 2238 1761 2288 demisit
1800 2238 1864 2288 ad

164 2315 322 2360 terras
369 2328 395 2360 e
441 2313 728 2376 regionibus
774 2313 902 2361 caeli
949 2313 1012 2360 ad
1060 2329 1171 2362 eam
1215 2314 1379 2362 litoris
1417 2315 1614 2375 partem
1659 2315 1712 2361 in
1763 2329 1864 2376 qua

165 2401 319 2435 naves
357 2389 556 2434 tantum
594 2388 795 2436 fuerant
833 2389 884 2435 et
915 2388 1246 2436 Troianorum
1284 2389 1513 2436 feminae.
1590 2390 1862 2450 ventosque

29 2459 34 2464 ’
94 2475 142 2510 ω
166 2461 390 2524 adspirat
429 2462 588 2523 eunti,
637 2462 793 2510 multa
837 2476 1033 2511 movens
1080 2462 1286 2510 necdum
1335 2464 1592 2522 antiquwm
1636 2464 1863 2510 saturata

164 2535 401 2584 dolorem:
438 2535 532 2583 Iris
571 2538 753 2583 natura
793 2551 884 2584 sua
914 2536 1057 2584 velox
1089 2538 1177 2597 est,
1216 2536 1347 2597 huic,
1387 2552 1484 2598 quo
1515 2536 1864 2599 properantior

24 2703 28 2726 ε
288 2695 309 2733 1
343 2703 451 2735 suos
480 2690 516 2734 L
541 2697 701 2748 patres
730 2691 783 2735 R.
955 2696 1009 2736 12
1041 2692 1137 2748 ipse
1169 2691 1216 2735 L.
1389 2696 1443 2735 15
1475 2697 1610 2747 atque
1639 2704 1795 2736 eorum
1825 2691 1861 2734 1.

25 2764 29 2783 ³
70 2797 76 2803 ,
163 2762 403 2806 eorumque
434 2749 476 2792 R
506 2765 529 2792 r
553 2772 609 2788 =
633 2750 683 2795 L.
838 2754 893 2795 19
926 2751 1169 2795 certamine
1200 2751 1248 2796 L.
1307 2753 1316 2808 Ι
1370 2752 1478 2796 hinc
1508 2750 1595 2794 LR
1631 2751 1704 2795 hic
1742 2749 1813 2794 ed.
1852 2751 1856 2808 1

163 2820 344 2852 versum
379 2811 466 2852 603
507 2809 566 2853 ab
606 2809 994 2854 antecedentibus
1036 2809 1242 2854 disiunxi
1280 2810 1535 2855 secundum
1581 2809 1862 2866 interpreta-

163 2867 354 2912 tionem.
455 2872 512 2911 22
543 2869 702 2924 effecta
731 2869 767 2912 L
797 2869 927 2924 facta
958 2869 999 2912 R
1029 2869 1194 2924 effacta
1225 2884 1262 2914 r.
1358 2873 1416 2912 24
1449 2869 1572 2913 ludis
1601 2874 1643 2913 et
1671 2869 1780 2912 irim
1810 2867 1860 2912 L.

255 2930 313 2970 30
343 2940 524 2972 movens
554 2927 642 2972 LR
678 2941 866 2974 monens
896 2928 967 2972 cd.
1012 2931 1019 2985 Ι
1067 2933 1280 2974 saturata
1310 2928 1346 2972 L
1377 2933 1623 2973 ematurata
1653 2926 1696 2970 R
1728 2926 1799 2971 ed.

165 2989 221 3029 31
254 2985 362 3031 huic
390 2986 433 3030 R.
462 2987 570 3031 hinc
600 2986 637 3030 L
669 2987 742 3032 ed.
785 2988 792 3044 1
836 2988 1128 3045 properatim·
1156 2987 1244 3031 LR
1275 2987 1347 3032 ed.
