2014 3226
78 434 134 472 20

83 1912 139 1951 25

165 139 274 191 264
635 137 864 181 DONATI
895 136 1176 180 INTERPR.
1209 137 1387 181 VERG.

164 281 366 340 tuisset,
413 295 490 325 res
538 292 744 339 magnas
800 293 899 324 non
948 276 1150 324 auderet
1202 277 1430 339 incipere.
1511 281 1711 340 exponit
1762 279 1858 326 iam

167 370 265 416 qua
305 354 498 400 ratione
538 353 711 411 iniqua
751 351 857 397 fata
898 351 1198 414 cognoverit.

279 428 433 474 Sacra
456 427 709 472 Dionaeae
731 426 880 472 matri
904 426 1121 483 divisque
1144 426 1358 486 ferebam
1384 427 1664 485 auspicibus
1687 431 1859 487 coepto-

167 518 277 548 rum*
326 514 523 559 operum
569 512 836 558 superoque
875 500 1101 546 nitentem
1140 500 1415 546 caelicolum
1454 501 1556 560 reyi
1594 502 1861 549 mactabam
1961 546 1966 556 ,

167 578 219 622 in
259 575 394 621 litore
433 578 656 620 taurum:
711 572 1012 633 conditurus,
1051 574 1230 634 inquit,
1278 589 1459 621 novam
1499 574 1665 622 sedem
1705 590 1859 623 sacro·
1907 590 1926 624 s
1960 578 1967 634 ἶ

167 666 276 696 111111
326 647 572 708 obsequiis
620 646 954 708 provocabam
999 648 1052 692 in
1101 647 1342 694 auxilium
1391 647 1506 694 deos
1556 650 1604 695 et
1650 650 1861 710 primam
1960 638 1967 661 ³

168 723 366 784 quidem
406 722 617 768 matrem
655 736 830 781 meam,
864 719 1039 768 deinde
1073 720 1196 768 alios
1239 736 1361 782 quos
1395 721 1610 769 sciebam
1643 723 1860 784 auspicio

166 813 407 845 novorum
454 794 894 842 fundamentorum
943 810 1047 842 esse
1094 795 1419 857 necessarios,
1466 796 1631 857 ipsum
1671 812 1862 858 quoque

166 870 348 929 Iovem,
389 870 473 916 cui
511 869 754 916 nitentem
793 870 995 916 taurum
1032 869 1124 915 hoc
1165 872 1239 916 est
1278 868 1546 916 candidum
1584 869 1863 918 mactabam

166 946 218 991 in
257 945 418 991 litore.
483 945 615 990 recte
656 942 845 990 dictum
875 943 928 989 in
959 943 1128 1004 litore3
1168 942 1256 989 ubi
1287 944 1419 990 enim
1450 943 1671 991 nondum
1701 944 1863 990 fuerat
1888 960 1931 992 10

167 1020 343 1066 civitas
385 1032 472 1064 nec
511 1017 756 1078 templum
794 1017 946 1065 fuisse
987 1016 1259 1065 constabat.
1322 1018 1446 1076 forte
1482 1019 1580 1077 fuit
1616 1020 1754 1065 iuxta
1792 1021 1863 1065 tu—

166 1094 342 1147 mulua
383 1105 475 1152 quo
515 1105 689 1139 cornea
727 1105 913 1138 summo
951 1092 1166 1151 viryulta
1206 1094 1249 1138 et
1278 1092 1441 1139 densis
1470 1092 1727 1139 hastilibus
1757 1093 1866 1139 hor-

169 1167 277 1214 rida
311 1169 522 1227 myrtus:
560 1165 683 1212 haec
723 1164 820 1212 duo
861 1181 1042 1228 genera
1080 1164 1333 1229 lignorum
1371 1165 1635 1214 hastilibus
1673 1166 1865 1214 bellicis

169 1243 287 1302 apta
335 1242 472 1300 sunt,
519 1239 727 1301 proinde
773 1241 910 1300 pacis
959 1239 1239 1302 auspicium
1283 1239 1466 1287 11311616
1512 1256 1611 1288 11011
1657 1242 1866 1301 possunt

169 1331 226 1362 ac
264 1330 353 1376 per
390 1315 483 1361 hoc
524 1313 825 1361 sacrificanti
862 1315 916 1360 in
956 1329 1106 1361 causa
1145 1314 1365 1361 civitatis
1405 1330 1561 1362 novae
1605 1313 1865 1375 portende·
1891 1330 1933 1363 15
1982 1284 1988 1410 ί

167 1388 316 1436 batur
362 1387 415 1434 id
464 1387 596 1448 quod
643 1387 844 1448 accidit,
895 1387 1089 1435 crudele
1127 1388 1234 1435 illic
1274 1403 1377 1435 esse
1415 1388 1672 1435 hominum
1713 1403 1866 1451 genus

171 1464 220 1510 et
258 1463 475 1510 humano
517 1461 754 1524 sanguini
791 1461 1027 1510 infestum
1069 1477 1158 1509 nec
1198 1461 1373 1509 debere
1407 1461 1648 1510 Troianos
1686 1462 1867 1509 habere
1963 1463 1991 1669 Δ

168 1536 401 1584 fiduciam
440 1536 622 1599 prioris
664 1536 931 1596 amicitiae,
964 1536 1198 1598 quoniam
1238 1537 1452 1583 mutatio
1489 1535 1605 1584 fidei
1636 1537 1869 1584 extiterat

168 1611 341 1658 fractis
380 1610 570 1658 viribus
610 1609 802 1657 Troiae.
882 1626 995 1657 cum
1033 1611 1127 1657 hoc
1166 1610 1387 1658 nondum
1427 1611 1650 1671 sciretur,
1685 1613 1867 1672 tamen,
1964 1662 1980 1669 Α,

170 1686 406 1746 quoniam
444 1699 641 1732 necesse
680 1684 846 1731 fuerat
883 1686 1089 1746 propter
1126 1683 1452 1732 fundamenta
1497 1699 1649 1745 nova,
1697 1683 1868 1732 viridi·
1892 1701 1938 1734 20
1959 1676 1988 1720 ³³²

169 1758 260 1806 11113
322 1758 579 1806 frOndibus
643 1773 755 1805 aras
818 1760 1078 1822 contegere
1138 1757 1473 1820 praeparabat
1532 1758 1727 1806 Aeneas
1789 1758 1868 1806 vel

170 1834 382 1880 maxime
421 1833 574 1880 ramis
613 1832 780 1894 myrti,
821 1848 949 1894 quae
990 1832 1283 1896 adsignatur
1322 1832 1526 1880 Veneri:
1583 1832 1654 1880 ait
1693 1833 1872 1881 accessi

171 1908 468 1967 viridemque
507 1907 567 1954 ab
606 1907 752 1954 humo
791 1907 1051 1954 convellere
1089 1908 1265 1954 silvam
1303 1910 1518 1962 conatus,
1557 1908 1714 1954 ramis
1751 1909 1871 1967 teye-
1956 1911 1959 1915 ’

170 1995 272 2028 rem
310 1984 364 2028 ut
399 1980 737 2040 frondentibus
775 1995 910 2029 araS.
977 1982 1274 2028 horrendum
1306 1984 1349 2028 et
1378 1981 1509 2028 dictu
1545 1981 1682 2028 video
1720 1982 1872 2028 mira-

172 2055 263 2102 bile
307 2058 598 2102 monstrum:
658 2054 961 2102 horrendum
1013 2057 1218 2117 propter
1271 2055 1586 2118 sanguinem,
1641 2054 1870 2102 mirabile
1894 2070 1937 2104 25

173 2131 355 2189 autem,
390 2128 522 2190 quod
559 2128 747 2177 fluebat
778 2145 836 2176 ex
867 2129 1020 2192 ligno,
1082 2144 1201 2176 nam
1233 2143 1356 2188 quae
1377 2131 1550 2188 prima
1580 2129 1680 2176 solo
1711 2131 1870 2188 ruptis
1990 2123 1994 2127 ’

172 2203 420 2250 radicibus
459 2203 605 2250 arbos
642 2203 837 2251 vellitur
873 2203 986 2251 huie
1017 2206 1122 2251 atro
1154 2203 1410 2262 liquuntur
1438 2204 1679 2263 sanquine
1706 2206 1871 2263 yuttae

174 2279 217 2324 et
261 2279 442 2323 terram
484 2277 592 2324 tabo
631 2277 904 2324 maculant:
957 2278 1158 2324 tantum
1195 2277 1368 2324 valent
1405 2292 1496 2339 per
1535 2292 1662 2338 quae
1699 2277 1871 2324 futura

173 2352 534 2411 monstrantur,
580 2353 637 2398 ut
685 2366 855 2398 eorum
902 2352 1054 2398 etiam
1099 2352 1284 2399 natura
1330 2352 1554 2398 mutetur
1598 2352 1652 2398 in
1700 2350 1869 2398 aliam.

173 2422 386 2485 denique
424 2423 546 2471 tolle
586 2439 788 2472 causam
826 2426 1038 2473 monstri
1077 2425 1136 2472 de
1175 2424 1355 2484 medio,
1385 2424 1676 2486 inpossibile
1709 2425 1784 2472 est
1813 2425 1871 2471 ut
1894 2439 1943 2474 ω

173 2499 376 2560 sanguis
413 2497 538 2545 fluat
578 2514 635 2544 ex
674 2498 824 2562 ligno.
902 2498 1109 2546 fluentes
1147 2498 1306 2563 igitur
1343 2500 1528 2562 guttae.
1551 2497 1871 2546 maculabant

173 2573 356 2619 terram
397 2570 515 2620 tabo
554 2571 647 2620 hoc
686 2574 761 2620 est
792 2587 962 2621 cruore
995 2574 1244 2635 corrupto.
1306 2573 1426 2620 mihi
1454 2573 1670 2633 friyidus
1699 2573 1872 2635 horror
1942 2572 1950 2576 ”

298 2717 322 2756 1
354 2726 426 2756 res
455 2711 543 2755 LR
580 2716 623 2756 et
659 2726 730 2756 res
759 2727 783 2755 r
820 2713 897 2757 sed
926 2727 964 2757 r.
997 2712 1070 2756 ed.
1252 2717 1278 2756 2
1314 2714 1442 2768 faeta
1471 2711 1560 2756 LR
1599 2725 1712 2756 corr.
1745 2726 1780 2756 r.

176 2775 202 2816 5
235 2785 403 2816 aurum
434 2770 522 2814 LR
553 2785 667 2815 corr.
699 2786 735 2814 r.
918 2776 944 2815 6
969 2773 1176 2829 primum
1207 2772 1279 2816 ed.
1456 2775 1511 2815 10
1543 2771 1663 2824 enim
1694 2784 1783 2814 om.
1814 2769 1870 2814 R.

267 2835 321 2874 12
353 2831 579 2888 virqultae
609 2830 762 2875 densis
792 2830 880 2874 LR
911 2843 1026 2875 corr.
1057 2845 1093 2875 1.
1227 2835 1400 2875 20-21
1433 2830 1599 2876 viridis
1628 2830 1872 2885 frondibus
1947 2840 1949 2892 ζ

175 2888 212 2932 L
243 2889 387 2992 viridi
415 2889 580 2991 frorIedde
612 2889 683 2934 ed.
814 2893 870 2932 22
903 2890 984 2946 qui
1015 2891 1326 2948 adsiynantur
1354 2905 1388 2932 r.
1427 2891 1433 2947 Ι
1475 2890 1545 2934 ait
1574 2902 1678 2947 erqo
1708 2889 1780 2932 ed.

175 2951 231 2991 27
281 2949 468 2993 icwnuasr
537 2983 546 2992 .
