2014 3226
799 158 1140 202 PRAEFATIO
1778 160 1816 202 V

124 293 207 365 (cf.
244 302 290 359 6,
319 292 449 365 601)
498 299 771 362 legentium
819 299 1043 346 taedium
1090 299 1316 362 effugiat3
1374 315 1522 359 quam
1567 299 1819 346 subtiliter

123 373 330 421 dicenda
369 375 653 434 praestruat
693 367 778 437 (cf.
817 377 861 433 1,
890 374 1009 420 354.
1046 373 1165 421 670.
1203 374 1323 419 677.
1361 374 1407 433 5,
1434 374 1554 420 507.
1593 374 1815 433 11,649.

124 441 277 513 803),
325 448 594 508 propositis
642 447 938 509 respondeat
980 440 1064 511 (cf.
1100 449 1146 506 2,
1175 440 1305 511 323)
1353 449 1442 494 aut
1480 463 1579 494 non
1618 462 1818 509 respon-

122 521 238 568 deat
278 514 361 585 (cf.
398 514 619 587 2,198),
661 521 724 568 ad
765 522 1020 582 superiora
1059 520 1295 582 respiciat
1336 514 1419 586 (cf.
1457 523 1503 581 2,
1532 522 1651 568 329.
1697 522 1816 568 337.

124 596 244 643 501.
289 588 443 660 544),
485 611 635 656 quam
675 597 890 642 oratorie
931 595 1065 642 dicta
1106 594 1387 658 augmentis
1429 595 1661 655 cumulet,
1703 611 1818 656 sup-

120 669 382 730 plementis
423 670 574 716 satiet
606 669 974 731 amplificetque
1009 663 1092 735 (cf.
1116 672 1160 729 1,
1180 670 1300 716 600.
1330 670 1450 715 642.
1481 670 1599 715 730.
1628 670 1675 728 2,
1698 671 1817 716 171.

125 745 207 803 10,
236 736 388 809 261),
429 759 581 804 quam
621 742 885 791 artificiose
927 759 1037 790 011111
1075 744 1127 789 111
1169 743 1280 790 01113
1320 742 1464 791 rebus
1505 745 1612 789 tum
1651 744 1704 790 in
1737 743 1817 790 de-

121 817 475 878 scriptionibus
522 818 840 865 latitudinem
888 833 1052 864 rerum
1100 818 1337 865 sermonis
1388 817 1635 864 brevitate
1690 832 1818 864 com-

119 892 372 952 plectatur
412 884 495 956 (cf.
527 894 571 952 1,
591 893 712 939 494.
750 893 795 952 2,
825 892 931 938 3—-
940 892 1019 938 13.
1057 892 1104 950 6,
1125 892 1244 938 713.
1280 891 1329 951 8,
1349 892 1432 938 51.
1466 893 1547 938 79.
1593 893 1676 951 10,
1696 891 1817 938 897.

124 968 207 1026 11,
236 958 390 1029 515),
445 968 683 1026 quantam
724 929 884 1012 artem
925 964 1154 1013 ostendat
1192 966 1243 1011 in
1286 965 1593 1012 orationibus
1643 958 1726 1030 (cf.
1773 969 1818 1027 1,

122 1039 206 1086 65.
251 1033 382 1105 231)
432 1039 594 1087 001010
642 1041 992 1101 praenuntiato
1034 1032 1119 1105 (cf.
1158 1042 1203 1099 1,
1231 1039 1351 1086 254.
1388 1040 1434 1099 5,
1465 1040 1584 1086 704.
1621 1039 1667 1100 6,
1696 1040 1816 1086 387.

123 1115 317 1174 12,10.
355 1106 463 1179 18),
503 1114 762 1175 principiis
803 1114 1126 1162 conformatis
1167 1113 1226 1160 ad
1270 1128 1473 1160 causam
1513 1106 1597 1178 (cf.
1628 1115 1674 1174 7,
1695 1114 1816 1162 359.

123 1189 206 1248 10,
234 1188 316 1235 63.
354 1181 509 1248 611),
554 1187 791 1235 suadendi
839 1187 1169 1249 persuadendi
1215 1187 1417 1248 petendi
1467 1186 1690 1235 artificiis
1734 1187 1818 1234 ad·
1842 1184 1870 1208 ⁹

117 1260 290 1309 hibitis
340 1254 423 1327 (cf.
467 1264 521 1322 2,
555 1263 676 1309 387.
727 1263 783 1323 4,
819 1263 902 1309 31.
956 1263 1044 1322 10,
1081 1262 1200 1308 282.
1241 1287 1314 1294 -—
1367 1262 1421 1322 3,
1457 1263 1540 1308 44.
1585 1262 1704 1309 640.
1744 1288 1818 1294 —

123 1337 168 1395 7,
196 1337 315 1383 229.
359 1337 408 1395 8,
437 1337 519 1383 10.
564 1338 682 1384 145.
736 1338 782 1396 9,
809 1337 892 1384 83.
936 1336 1057 1383 283.
1103 1328 1367 1402 10,153),
1420 1335 1819 1383 adversariorum

119 1411 424 1472 argumentis
463 1410 838 1472 praesumendis
879 1409 1204 1458 extenuandis
1243 1410 1520 1457 refutandis
1554 1403 1637 1476 (cf.
1668 1413 1713 1470 1,
1733 1410 1816 1457 65.

123 1484 205 1531 71.
249 1485 296 1543 5,
324 1484 444 1532 843.
488 1511 557 1517 —-
603 1487 686 1545 11,
713 1486 834 1533 420.
882 1511 944 1516 -
990 1486 1037 1545 4,
1066 1478 1218 1550 333),
1274 1499 1425 1545 quam
1463 1483 1700 1545 praebeat
1747 1485 1816 1532 10-

118 1572 288 1605 00111111
343 1561 678 1606 communium
735 1559 928 1620 copiam
985 1551 1070 1623 (cf.
1107 1560 1159 1619 2,
1194 1559 1314 1605 403.
1367 1559 1419 1618 3,
1454 1550 1572 1623 41),
1629 1560 1818 1620 quanta

119 1632 338 1693 optimae
379 1632 610 1681 dictionis
651 1633 715 1680 ad
745 1632 1045 1680 imitandum
1078 1632 1302 1693 exempla
1336 1625 1419 1697 (cf.
1443 1634 1486 1692 1,
1507 1633 1590 1679 49.
1627 1633 1674 1692 6,
1694 1633 1815 1679 858.

122 1706 169 1765 8,
206 1698 312 1771 13).
391 1722 520 1767 quae
559 1707 601 1755 si
640 1707 866 1754 Donatus
907 1707 1009 1754 suis
1058 1705 1319 1768 generibus
1367 1705 1610 1767 disposita
1657 1722 1815 1753 exem—

116 1780 313 1840 plisque
359 1780 613 1828 illustrata
661 1782 807 1828 certis
855 1779 1104 1842 capitibus
1149 1782 1438 1841 persecutus
1486 1783 1635 1840 esset,
1688 1781 1816 1828 sicut

118 1855 291 1916 paucis
331 1854 453 1902 locis
496 1847 580 1920 (cf.
618 1856 810 1916 1,102.
856 1855 903 1915 6,
930 1855 1051 1902 511.
1095 1847 1225 1920 562)
1266 1854 1548 1915 temptavit,
1588 1870 1689 1902 non
1728 1854 1815 1901 du-

118 1926 222 1975 bito
263 1929 383 1990 quin
423 1930 556 1975 inter
586 1928 932 1976 memorabiles
966 1929 1231 1990 scriptores
1263 1930 1622 1975 numeraretur.
1685 1943 1816 1976 nunc

118 2003 356 2063 quoniam
394 2005 559 2050 totum
599 2018 796 2050 carmen
835 2002 1208 2065 interpretando
1248 2017 1539 2064 percurrens
1573 2018 1699 2063 quae
1731 2003 1815 2050 do-

118 2091 225 2124 cere
279 2075 389 2124 vult
442 2078 630 2137 passim
685 2077 907 2139 dispersa
962 2079 1011 2124 et
1064 2092 1154 2139 per
1212 2076 1520 2124 occasionem
1575 2076 1816 2124 adnotata

116 2151 308 2211 profert
362 2150 668 2212 proindeque
722 2166 868 2213 saepe
922 2151 1126 2213 repetit,
1180 2150 1396 2212 reliqua,
1450 2150 1537 2198 ubi
1581 2151 1708 2197 nihil
1756 2151 1816 2199 de

119 2226 225 2271 arte
266 2223 611 2286 explicandum
652 2228 740 2287 est,
780 2225 920 2273 inani
957 2224 1263 2287 loquacitate
1303 2224 1594 2272 circumiens
1636 2224 1816 2285 reddit,

117 2300 377 2359 praeterea
415 2300 570 2347 nimio
611 2299 775 2347 studio
816 2299 951 2347 dicta
988 2302 1166 2361 poetae
1208 2298 1508 2361 expingendi
1556 2291 1639 2363 (cf.
1681 2299 1815 2360 quod

116 2372 224 2433 ipse
271 2371 534 2433 profitetur
587 2375 677 2433 10,
711 2374 816 2421 898
866 2376 917 2420 et
964 2389 989 2423 e
1037 2373 1278 2421 sexcentis
1327 2389 1482 2420 unum
1537 2373 1815 2435 exemplum

121 2448 167 2506 9,
194 2439 511 2512 612—613)
553 2449 604 2494 et
635 2447 779 2509 quasi
811 2447 1131 2495 exhauriendi
1164 2443 1246 2510 (cf.
1277 2449 1360 2507 11,
1381 2447 1485 2494 588
1520 2462 1813 2508 „persequa-

116 2535 229 2567 mur
266 2535 398 2568 nunc
436 2521 649 2584 singula,
682 2523 739 2569 ut
770 2521 1016 2570 dictorum
1047 2523 1150 2569 vim
1180 2514 1505 2587 reseremus“)
1546 2521 1600 2567 in
1630 2536 1814 2569 vanam

117 2608 264 2654 saepe
303 2593 566 2642 verborum
604 2595 926 2643 iactationem
963 2594 1260 2656 prolabitur,
1303 2595 1410 2656 ipse
1450 2595 1510 2642 de
1548 2595 1684 2642 fama
1723 2609 1817 2643 sua

116 2666 247 2715 male
286 2669 362 2716 est
398 2669 621 2730 meritus,
659 2669 815 2730 peius,
856 2669 1045 2731 opinor,
1094 2684 1242 2731 quam
1281 2669 1344 2716 iis
1386 2683 1512 2730 quae
1550 2683 1813 2730 perperam

116 2739 374 2789 intellecta
410 2741 575 2804 inepte
614 2744 990 2805 interpretatur,
1019 2743 1137 2790 11001
1167 2742 1416 2804 permulta
1448 2744 1550 2790 sint
1580 2743 1630 2790 et
1661 2758 1813 2804 quae-

118 2813 234 2861 dam
263 2817 572 2878 gravissima.
630 2816 786 2864 nihilo
818 2818 986 2865 tamen
1024 2817 1188 2864 minus
1229 2832 1310 2865 eos
1352 2816 1438 2878 qui
1475 2817 1530 2864 in
1566 2815 1814 2863 tradenda

117 2887 512 2938 adolescentibus
550 2889 770 2938 Aeneide
817 2893 976 2938 artem
1022 2893 1200 2953 poetae
1248 2891 1499 2938 sectentur
1535 2905 1627 2937 nec
1665 2904 1808 2937 omne

117 2961 335 3010 studium
382 2963 434 3009 in
481 2963 820 3026 grammaticis
866 2966 917 3012 et
962 2964 1180 3012 metricis
1227 2963 1373 3012 rebus
1417 2962 1814 3025 ostentandaque
