2014 3226
772 165 1074 209 AENEmos
1107 164 1168 208 VI
1713 170 1817 220 557

115 307 189 352 ⁴ut
228 306 370 352 vivus
411 303 475 350 ad
514 305 698 351 inferos
738 320 967 368 pergeres
1010 307 1058 352 et
1098 306 1187 354 hoc
1222 307 1384 367 ipsum
1417 306 1586 354 divino
1621 311 1819 355 numine

131 379 416 440 provenisse
433 393 532 424 non
552 380 717 439 potest
735 377 967 436 dubitari,
991 380 1064 426 ita
1086 383 1134 426 et
1155 380 1246 427 hoc
1269 380 1399 441 quod
1421 381 1565 441 cupio
1584 384 1723 442 potes
1750 382 1820 427 in-

132 453 280 515 plere.
344 450 465 498 dicit
490 451 610 512 quid
635 452 759 499 velit
792 454 840 498 et
877 452 996 513 quid
1030 454 1271 501 commodi
1305 470 1361 500 ex
1388 469 1443 501 eo
1470 455 1571 501 suis
1595 456 1821 515 partibus

113 527 291 588 >possit
308 525 558 573 accedere:
580 525 643 572 da
658 525 881 573 dextram
907 528 1099 575 misero.
1150 528 1270 588 quid
1287 530 1391 574 tam
1409 529 1678 591 egregium,
1703 529 1821 589 quid

87 616 108 649 ε
132 603 238 647 tam
268 599 398 647 bono
430 599 538 647 viro
572 601 865 648 conveniens
892 616 1041 661 quam
1072 603 1240 648 miseri
1270 601 1481 648 hominis
1513 602 1821 650 laborantem

132 673 390 722 sublevare
429 671 720 720 fortunam?
774 677 823 721 et
861 676 1026 721 tecum
1059 691 1136 721 me
1168 675 1289 723 tolle
1321 692 1408 737 per
1440 675 1618 723 undas:
1658 676 1822 724 nullus

131 748 273 795 labor
305 749 393 808 est,
423 748 605 808 inquit,
636 747 935 810 porrigendo
967 748 1199 809 remedio,
1231 749 1351 795 bene
1386 749 1598 796 faciendi
1630 750 1821 798 occasio

130 824 330 884 praesto
365 824 452 882 est,
492 824 658 869 tecum
695 824 962 882 transeam,
1000 824 1164 869 tecum
1206 823 1267 869 ad
1308 824 1442 883 ripas
1475 823 1600 870 alias
1634 827 1683 870 et
1714 824 1823 872 loca

131 895 412 944 desiderata
451 896 751 956 perveniam.
814 895 997 943 dicitur
1035 897 1135 942 iam
1176 896 1399 943 beneficii
1436 897 1592 958 ipsius
1633 898 1822 945 fructus

65 986 108 1018 10
134 973 184 1017 et
223 969 556 1018 commodum:
608 969 808 1016 sedibus
849 972 904 1016 ut
945 970 1122 1017 saltem
1161 970 1371 1031 placidis
1418 972 1469 1017 in
1517 974 1674 1018 morte
1716 974 1822 1033 qui-

132 1058 310 1105 escam,
348 1044 442 1091 hoc
482 1045 556 1090 est
594 1045 651 1090 ut
689 1044 742 1090 in
782 1046 940 1090 morte
989 1044 1165 1091 saltem
1214 1044 1409 1092 sedibus
1457 1044 1666 1105 placidis
1715 1047 1820 1106 qui-

131 1133 294 1166 escam
341 1119 428 1178 qui
473 1119 526 1164 in
571 1116 678 1165 vita
725 1119 863 1165 tutus
919 1133 1022 1165 esse
1077 1134 1173 1165 non
1229 1119 1385 1179 potui.
1470 1133 1578 1166 ecce
1626 1121 1822 1180 aperuit

133 1191 252 1253 quid
298 1191 364 1240 sit
410 1191 545 1252 eripe
591 1206 670 1238 me
716 1192 816 1251 his,
869 1193 1076 1252 invicte,
1130 1192 1287 1240 malis.
1366 1192 1486 1239 talia
1523 1194 1658 1251 fatus
1704 1197 1821 1247 erat,

132 1267 280 1325 coepit
318 1280 426 1312 cum
465 1265 588 1313 talia
625 1269 783 1313 vates:
821 1281 934 1313 cum
972 1266 1099 1312 talia
1130 1265 1392 1314 Palinurus
1425 1266 1643 1327 dixisset,
1683 1268 1821 1315 vates

65 1357 108 1389 ιε
133 1341 180 1387 ei
225 1340 318 1388 hoc
368 1338 515 1387 modo
564 1338 836 1401 respondit.
913 1339 1127 1401 petierat
1188 1341 1318 1387 enim
1363 1340 1557 1388 inlicita
1597 1356 1819 1402 quaeque

132 1415 295 1462 essent
341 1416 514 1461 contra
558 1414 833 1461 inferorum
883 1414 1036 1476 leges,
1088 1414 1144 1460 ut
1193 1414 1468 1475 insepultus
1519 1414 1659 1461 illam
1711 1429 1821 1462 con-

131 1488 386 1536 scenderet
415 1503 595 1534 navem
620 1504 770 1549 quam
801 1503 899 1534 non
931 1489 1029 1536 nisi
1061 1488 1281 1549 sepultos
1306 1488 1381 1535 fas
1411 1488 1518 1535 erat
1542 1502 1817 1551 congerere.

18 1622 22 1623 ⁷
132 1577 240 1610 ecce
279 1564 420 1610 vates
461 1562 507 1609 ei
544 1562 832 1624 respondet,
880 1577 976 1610 non
1017 1561 1232 1625 Aeneas3
1278 1563 1390 1624 ipsa
1436 1562 1567 1608 enim
1614 1567 1822 1610 noverat

9 1638 22 1681 ἰ
130 1637 404 1685 inferorum
434 1651 622 1684 morem
655 1638 704 1684 et
737 1634 976 1684 Charonis
1009 1635 1133 1683 iura.
1195 1636 1322 1684 'unde
1352 1637 1482 1691 haec,
1513 1649 1540 1683 o
1571 1636 1820 1684 Palinure,

8 1715 27 1781 ξ
64 1726 110 1759 20
133 1711 218 1758 tibi
265 1713 365 1759 tam
410 1710 524 1758 dira
570 1711 779 1770 cupido?
839 1710 990 1770 unde,
1038 1711 1131 1770 ait,
1184 1709 1278 1757 tibi
1332 1711 1501 1757 exorta
1556 1712 1632 1757 est
1675 1711 1821 1758 istius

8 1795 23 1894 ἰ
132 1784 309 1846 cupido
349 1784 583 1832 desiderii
619 1784 712 1832 hoc
753 1787 828 1832 est
867 1782 1146 1845 cupiditas?
1209 1785 1435 1844 quotiens
1475 1784 1606 1830 enim
1644 1783 1821 1844 cupido

132 1858 371 1906 feminino
422 1873 600 1922 genere
645 1861 849 1921 ponitur
894 1857 1240 1920 cupiditatem,
1297 1873 1394 1905 non
1449 1858 1632 1904 amoris
1677 1857 1818 1904 deum

132 1932 395 1997 significat.
470 1932 636 1980 reddit
681 1934 728 1980 ei
772 1934 1039 1993 rationem,
1089 1934 1147 1979 ut
1193 1933 1318 1979 sciat
1362 1932 1631 1978 transitum
1678 1946 1821 1978 suum

131 2002 339 2055 infernis
388 2006 585 2070 legibus
635 2005 902 2068 prohiberi.
987 2009 1039 2053 tu
1084 2005 1278 2066 Styyias
1330 2006 1612 2053 inhumatus
1665 2020 1822 2064 aqu-as

18 2126 22 2131 ,
66 2096 110 2130 85
133 2095 415 2141 amnemque
461 2095 679 2129 severum
717 2081 1049 2128 Eumenidum
1094 2081 1298 2140 aspicies
1334 2080 1554 2139 ripamve
1589 2079 1808 2126 iniussus
1825 2085 1910 2124 375

134 2155 323 2203 abibz's?
390 2154 542 2216 unde,
598 2156 691 2215 ait,
744 2154 853 2202 fieri
899 2156 1063 2216 potest
1110 2156 1166 2200 ut
1211 2152 1450 2201 ulteriora
1495 2151 1665 2200 videas
1712 2152 1822 2200 loca

134 2230 222 2292 qui
258 2232 308 2277 te
348 2228 547 2278 adseras
587 2226 934 2276 inhumatum?
981 2230 1070 2275 aut
1102 2229 1188 2289 qui
1226 2226 1332 2274 fieri
1363 2228 1529 2288 potest
1559 2229 1615 2274 ut
1654 2242 1713 2273 ex
1743 2226 1819 2274 his

51 2326 54 2329 >
133 2303 256 2351 locis
294 2304 513 2351 iniussus
545 2300 815 2351 abscedas?
867 2317 928 2349 ne
959 2302 1092 2349 ultra
1125 2316 1288 2363 speres
1321 2299 1511 2362 aliquid
1541 2299 1650 2348 fieri
1678 2314 1822 2361 posse

136 2379 310 2425 contra
347 2377 499 2424 semel
545 2376 689 2425 datas
735 2377 869 2440 leges
918 2379 966 2423 et
1017 2376 1315 2423 sententiam
1365 2374 1530 2422 deum!
1591 2374 1698 2422 fata
1742 2374 1822 2421 hic

67 2466 112 2500 zo
136 2450 263 2499 dixit
299 2450 578 2499 iudicatum
617 2450 757 2498 cuius
795 2449 1005 2497 firmitas
1044 2449 1231 2496 moveri
1275 2463 1375 2495 non
1420 2450 1610 2510 posset:
1660 2447 1822 2495 desine

135 2526 244 2585 fata
282 2525 425 2573 deum
454 2526 578 2584 flecti
615 2539 813 2585 sperare
841 2523 1116 2584 precando:
1162 2538 1222 2570 ne
1261 2521 1472 2570 ulterius
1511 2536 1676 2583 speres
1715 2535 1820 2569 sen·

9 1546 25 1581 ,ἢ

256 2685 282 2723 2
314 2693 408 2725 non
435 2684 582 2736 potest
611 2679 819 2724 dubitari
841 2678 882 2721 V
913 2678 956 2722 d.
982 2691 1075 2722 non
1106 2677 1231 2722 debet
1260 2676 1332 2720 ed.
1425 2681 1451 2719 3
1483 2675 1604 2720 dixit
1624 2674 1667 2719 V
1689 2674 1760 2719 ed.

135 2743 165 2784 ὅ
187 2739 388 2785 homines
403 2739 458 2784 V.
544 2743 571 2783 8
595 2740 783 2783 alias—
799 2741 825 2781 9
844 2737 1110 2794 perveniam
1133 2739 1308 2780 temere
1330 2737 1444 2779 mut.
1463 2735 1534 2779 ed.
1625 2739 1679 2779 15
1703 2733 1822 2778 em‘m

134 2798 218 2844 hoc
246 2798 289 2843 V
319 2799 363 2842 ei
390 2799 433 2843 h.
467 2798 538 2842 ed.
579 2798 586 2856 Ι
627 2810 859 2854 quaequae
890 2794 944 2839 V.
1069 2799 1122 2838 17
1154 2795 1358 2852 sepultus
1387 2793 1429 2838 V
1459 2799 1547 2839 ·toe
1577 2793 1648 2837 ed.
1676 2794 1683 2851 Ι
1717 2806 1820 2838 con·

134 2871 237 2915 yere
265 2856 310 2902 V
338 2857 630 2903 conscendere
661 2856 732 2900 ed.
840 2860 895 2899 21
928 2854 1123 2912 cupidas
1152 2854 1207 2898 V.
1313 2858 1368 2896 22
1398 2853 1565 2908 femine
1595 2865 1751 2897 nocere
1779 2850 1822 2894 V

134 2917 357 2971 foemineo
393 2930 552 2975 genere
590 2915 662 2960 ed.
713 2918 719 2972 Ι
775 2914 1047 2972 cupiditatis
1082 2913 1154 2957 ed.
1306 2916 1362 2956 28
1399 2925 1456 2957 ne
1492 2911 1534 2956 V
1571 2925 1652 2956 nec
1689 2910 1760 2955 ed.

138 2979 194 3019 29
225 2976 472 3022 sententias
504 2975 574 3020 ed.
698 2978 755 3018 30
786 2974 1040 3018 iudicatum
1071 2973 1205 3018 cuius
1232 2970 1274 3015 V
1305 2984 1497 3028 quorum
1527 2970 1598 3015 ed.
