<?xml version="1.0" encoding="UTF-8"?>
<!DOCTYPE html PUBLIC "-//W3C//DTD XHTML 1.0 Transitional//EN"
    "http://www.w3.org/TR/xhtml1/DTD/xhtml1-transitional.dtd">
<html xmlns="http://www.w3.org/1999/xhtml" xml:lang="en" lang="en">
 <head>
  <title>
</title>
<meta http-equiv="Content-Type" content="text/html;charset=utf-8" />
  <meta name='ocr-system' content='tesseract 3.04.00' />
  <meta name='ocr-capabilities' content='ocr_page ocr_carea ocr_par ocr_line ocrx_word'/>
</head>
<body>
  <div class='ocr_page' id='page_1' title='image "./interpretationes01donauoft_0567.png"; bbox 0 0 2014 3226; ppageno 0'>
   <div class='ocr_carea' id='block_1_1' title="bbox 793 176 1827 232">
    <p class='ocr_par' dir='ltr' id='par_1_1' title="bbox 793 176 1827 232">
     <span class='ocr_line' id='line_1_1' title="bbox 793 176 1827 232; baseline 0.001 -14"><span class='ocrx_word' id='word_1_1' title='bbox 793 176 1097 220; x_wconf 75' lang='lat' dir='ltr'>AENEmos</span> <span class='ocrx_word' id='word_1_2' title='bbox 1130 177 1171 220; x_wconf 88' lang='lat' dir='ltr'><strong>v</strong></span> <span class='ocrx_word' id='word_1_3' title='bbox 1723 181 1827 232; x_wconf 80' lang='lat'>517</span> 
     </span>
    </p>
   </div>
   <div class='ocr_carea' id='block_1_2' title="bbox 0 314 1918 2154">
    <p class='ocr_par' dir='ltr' id='par_1_2' title="bbox 0 314 1918 2154">
     <span class='ocr_line' id='line_1_2' title="bbox 141 314 1830 379; baseline 0.002 -17"><span class='ocrx_word' id='word_1_4' title='bbox 141 316 428 362; x_wconf 79' lang='lat' dir='ltr'>inimicitias</span> <span class='ocrx_word' id='word_1_5' title='bbox 475 314 655 362; x_wconf 87' lang='lat' dir='ltr'>habere</span> <span class='ocrx_word' id='word_1_6' title='bbox 696 331 806 362; x_wconf 87' lang='lat' dir='ltr'>cum</span> <span class='ocrx_word' id='word_1_7' title='bbox 853 317 1038 377; x_wconf 87' lang='lat' dir='ltr'>funere,</span> <span class='ocrx_word' id='word_1_8' title='bbox 1089 319 1322 378; x_wconf 83' lang='lat' dir='ltr'>inponere</span> <span class='ocrx_word' id='word_1_9' title='bbox 1374 318 1500 366; x_wconf 88' lang='lat' dir='ltr'>odiis</span> <span class='ocrx_word' id='word_1_10' title='bbox 1551 320 1830 379; x_wconf 87' lang='lat' dir='ltr'>terminum,</span> 
     </span>
     <span class='ocr_line' id='line_1_3' title="bbox 141 389 1830 453; baseline 0.001 -16"><span class='ocrx_word' id='word_1_11' title='bbox 141 405 253 438; x_wconf 90' lang='lat' dir='ltr'>cum</span> <span class='ocrx_word' id='word_1_12' title='bbox 295 389 432 436; x_wconf 81' lang='lat' dir='ltr'>deest</span> <span class='ocrx_word' id='word_1_13' title='bbox 477 389 562 436; x_wconf 88' lang='lat' dir='ltr'>ille</span> <span class='ocrx_word' id='word_1_14' title='bbox 612 389 694 450; x_wconf 89' lang='lat' dir='ltr'>qui</span> <span class='ocrx_word' id='word_1_15' title='bbox 745 389 922 437; x_wconf 86' lang='lat' dir='ltr'>audere</span> <span class='ocrx_word' id='word_1_16' title='bbox 971 390 1162 452; x_wconf 87' lang='lat' dir='ltr'>aliquid</span> <span class='ocrx_word' id='word_1_17' title='bbox 1205 393 1374 452; x_wconf 88' lang='lat' dir='ltr'>possit.</span> <span class='ocrx_word' id='word_1_18' title='bbox 1452 392 1687 453; x_wconf 82' lang='lat' dir='ltr'>reliquias</span> <span class='ocrx_word' id='word_1_19' title='bbox 1726 409 1830 439; x_wconf 86' lang='lat' dir='ltr'>rur-</span> 
     </span>
     <span class='ocr_line' id='line_1_4' title="bbox 140 463 1830 527; baseline 0.001 -16"><span class='ocrx_word' id='word_1_20' title='bbox 140 479 246 511; x_wconf 88' lang='lat' dir='ltr'>sum</span> <span class='ocrx_word' id='word_1_21' title='bbox 294 478 551 523; x_wconf 89' lang='lat' dir='ltr'>possumus</span> <span class='ocrx_word' id='word_1_22' title='bbox 600 463 751 510; x_wconf 86' lang='lat' dir='ltr'>etiam</span> <span class='ocrx_word' id='word_1_23' title='bbox 802 463 869 511; x_wconf 86' lang='lat' dir='ltr'>sic</span> <span class='ocrx_word' id='word_1_24' title='bbox 917 465 1226 527; x_wconf 78' lang='lat' dir='ltr'>intellegere,</span> <span class='ocrx_word' id='word_1_25' title='bbox 1283 465 1412 527; x_wconf 91' lang='lat' dir='ltr'>quod</span> <span class='ocrx_word' id='word_1_26' title='bbox 1460 466 1548 513; x_wconf 91' lang='lat' dir='ltr'>flos</span> <span class='ocrx_word' id='word_1_27' title='bbox 1589 465 1830 514; x_wconf 88' lang='lat' dir='ltr'>Troianae</span> 
     </span>
     <span class='ocr_line' id='line_1_5' title="bbox 140 537 1831 600; baseline 0.003 -18"><span class='ocrx_word' id='word_1_28' title='bbox 140 537 412 584; x_wconf 88' lang='lat' dir='ltr'>iuventutis</span> <span class='ocrx_word' id='word_1_29' title='bbox 454 538 579 584; x_wconf 90' lang='lat' dir='ltr'>esset</span> <span class='ocrx_word' id='word_1_30' title='bbox 619 537 883 597; x_wconf 88' lang='lat' dir='ltr'>perductus</span> <span class='ocrx_word' id='word_1_31' title='bbox 917 538 980 586; x_wconf 91' lang='lat' dir='ltr'>ad</span> <span class='ocrx_word' id='word_1_32' title='bbox 1012 554 1208 599; x_wconf 88' lang='lat' dir='ltr'>paucos,</span> <span class='ocrx_word' id='word_1_33' title='bbox 1251 539 1442 600; x_wconf 87' lang='lat' dir='ltr'>quibus,</span> <span class='ocrx_word' id='word_1_34' title='bbox 1483 539 1523 587; x_wconf 92' lang='lat' dir='ltr'>si</span> <span class='ocrx_word' id='word_1_35' title='bbox 1559 541 1611 586; x_wconf 93' lang='lat' dir='ltr'>in</span> <span class='ocrx_word' id='word_1_36' title='bbox 1643 539 1831 587; x_wconf 90' lang='lat' dir='ltr'>Iunone</span> 
     </span>
     <span class='ocr_line' id='line_1_6' title="bbox 0 610 1832 676; baseline 0.002 -20"><span class='ocrx_word' id='word_1_37' title='bbox 0 662 1 676; x_wconf 42' lang='lat'>,</span> <span class='ocrx_word' id='word_1_38' title='bbox 93 624 113 656; x_wconf 86' lang='lat'><strong>5</strong></span> <span class='ocrx_word' id='word_1_39' title='bbox 139 614 267 659; x_wconf 88' lang='lat' dir='ltr'>esset</span> <span class='ocrx_word' id='word_1_40' title='bbox 305 611 607 670; x_wconf 88' lang='lat' dir='ltr'>humanitas,</span> <span class='ocrx_word' id='word_1_41' title='bbox 647 610 817 658; x_wconf 87' lang='lat' dir='ltr'>debuit</span> <span class='ocrx_word' id='word_1_42' title='bbox 855 612 1028 674; x_wconf 85' lang='lat' dir='ltr'>largiri</span> <span class='ocrx_word' id='word_1_43' title='bbox 1069 614 1335 660; x_wconf 78' lang='lat' dir='ltr'>miseratio.</span> <span class='ocrx_word' id='word_1_44' title='bbox 1408 613 1516 674; x_wconf 91' lang='lat' dir='ltr'>quis</span> <span class='ocrx_word' id='word_1_45' title='bbox 1557 615 1687 660; x_wconf 82' lang='lat' dir='ltr'>enim</span> <span class='ocrx_word' id='word_1_46' title='bbox 1726 616 1832 661; x_wconf 86' lang='lat' dir='ltr'>tam</span> 
     </span>
     <span class='ocr_line' id='line_1_7' title="bbox 0 678 1831 748; baseline 0.002 -17"><span class='ocrx_word' id='word_1_47' title='bbox 0 678 1 681; x_wconf 29' lang='lat'>¹</span> <span class='ocrx_word' id='word_1_48' title='bbox 137 685 339 744; x_wconf 88' lang='lat' dir='ltr'>ferreus,</span> <span class='ocrx_word' id='word_1_49' title='bbox 371 687 476 731; x_wconf 91' lang='lat' dir='ltr'>tam</span> <span class='ocrx_word' id='word_1_50' title='bbox 516 684 667 731; x_wconf 81' lang='lat' dir='ltr'>durus</span> <span class='ocrx_word' id='word_1_51' title='bbox 706 685 862 732; x_wconf 90' lang='lat' dir='ltr'>hostis</span> <span class='ocrx_word' id='word_1_52' title='bbox 902 687 1131 734; x_wconf 85' lang='lat' dir='ltr'>inventus</span> <span class='ocrx_word' id='word_1_53' title='bbox 1173 690 1246 733; x_wconf 89' lang='lat' dir='ltr'>est</span> <span class='ocrx_word' id='word_1_54' title='bbox 1286 703 1522 748; x_wconf 91' lang='lat' dir='ltr'>umquam</span> <span class='ocrx_word' id='word_1_55' title='bbox 1564 689 1700 735; x_wconf 89' lang='lat' dir='ltr'>cuius</span> <span class='ocrx_word' id='word_1_56' title='bbox 1733 687 1831 735; x_wconf 77' lang='lat' dir='ltr'>vic-</span> 
     </span>
     <span class='ocr_line' id='line_1_8' title="bbox 136 758 1831 822; baseline 0.002 -17"><span class='ocrx_word' id='word_1_57' title='bbox 136 760 295 805; x_wconf 89' lang='lat' dir='ltr'>toriae</span> <span class='ocrx_word' id='word_1_58' title='bbox 335 758 461 805; x_wconf 89' lang='lat' dir='ltr'>nihil</span> <span class='ocrx_word' id='word_1_59' title='bbox 500 772 754 820; x_wconf 88' lang='lat' dir='ltr'>superesse</span> <span class='ocrx_word' id='word_1_60' title='bbox 794 758 1050 821; x_wconf 78' lang='lat' dir='ltr'>potuerit?</span> <span class='ocrx_word' id='word_1_61' title='bbox 1090 763 1202 820; x_wconf 87' lang='lat' dir='ltr'>post</span> <span class='ocrx_word' id='word_1_62' title='bbox 1242 760 1418 808; x_wconf 88' lang='lat' dir='ltr'>acerba</span> <span class='ocrx_word' id='word_1_63' title='bbox 1459 761 1571 808; x_wconf 87' lang='lat' dir='ltr'>odia</span> <span class='ocrx_word' id='word_1_64' title='bbox 1611 763 1831 822; x_wconf 90' lang='lat' dir='ltr'>partium</span> 
     </span>
     <span class='ocr_line' id='line_1_9' title="bbox 138 831 1839 895; baseline 0.002 -17"><span class='ocrx_word' id='word_1_65' title='bbox 138 831 285 880; x_wconf 87' lang='lat' dir='ltr'>datur</span> <span class='ocrx_word' id='word_1_66' title='bbox 324 848 698 894; x_wconf 88' lang='lat' dir='ltr'>nonnumquam</span> <span class='ocrx_word' id='word_1_67' title='bbox 739 835 883 881; x_wconf 79' lang='lat' dir='ltr'>venia</span> <span class='ocrx_word' id='word_1_68' title='bbox 929 834 1134 895; x_wconf 88' lang='lat' dir='ltr'>reliquis</span> <span class='ocrx_word' id='word_1_69' title='bbox 1182 837 1231 880; x_wconf 88' lang='lat' dir='ltr'>et</span> <span class='ocrx_word' id='word_1_70' title='bbox 1270 851 1426 895; x_wconf 89' lang='lat' dir='ltr'>usque</span> <span class='ocrx_word' id='word_1_71' title='bbox 1468 835 1530 882; x_wconf 87' lang='lat' dir='ltr'>ad</span> <span class='ocrx_word' id='word_1_72' title='bbox 1570 836 1839 882; x_wconf 79' lang='lat' dir='ltr'>victoriam</span> 
     </span>
     <span class='ocr_line' id='line_1_10' title="bbox 139 906 1830 970; baseline 0.001 -17"><span class='ocrx_word' id='word_1_73' title='bbox 139 906 404 954; x_wconf 84' lang='lat' dir='ltr'>crudelitas</span> <span class='ocrx_word' id='word_1_74' title='bbox 445 906 594 954; x_wconf 82' lang='lat' dir='ltr'>valet.</span> <span class='ocrx_word' id='word_1_75' title='bbox 664 909 768 954; x_wconf 91' lang='lat' dir='ltr'>tam</span> <span class='ocrx_word' id='word_1_76' title='bbox 814 923 962 956; x_wconf 85' lang='lat' dir='ltr'>saeva</span> <span class='ocrx_word' id='word_1_77' title='bbox 1003 908 1169 955; x_wconf 86' lang='lat' dir='ltr'>extitit</span> <span class='ocrx_word' id='word_1_78' title='bbox 1200 908 1339 968; x_wconf 88' lang='lat' dir='ltr'>Iuno,</span> <span class='ocrx_word' id='word_1_79' title='bbox 1379 911 1435 955; x_wconf 90' lang='lat' dir='ltr'>ut</span> <span class='ocrx_word' id='word_1_80' title='bbox 1466 911 1580 970; x_wconf 88' lang='lat' dir='ltr'>post</span> <span class='ocrx_word' id='word_1_81' title='bbox 1612 910 1830 956; x_wconf 81' lang='lat' dir='ltr'>excisum</span> 
     </span>
     <span class='ocr_line' id='line_1_11' title="bbox 0 979 1831 1044; baseline 0.001 -16"><span class='ocrx_word' id='word_1_82' title='bbox 0 992 1 1028; x_wconf 56' lang='grc' dir='ltr'><em>ξ</em></span> <span class='ocrx_word' id='word_1_83' title='bbox 71 995 114 1025; x_wconf 90' lang='grc' dir='ltr'><strong>1ο</strong></span> <span class='ocrx_word' id='word_1_84' title='bbox 137 979 288 1027; x_wconf 90' lang='lat' dir='ltr'>Ilium</span> <span class='ocrx_word' id='word_1_85' title='bbox 326 981 644 1042; x_wconf 88' lang='lat' dir='ltr'>perditosque</span> <span class='ocrx_word' id='word_1_86' title='bbox 685 981 880 1029; x_wconf 84' lang='lat' dir='ltr'>diversa</span> <span class='ocrx_word' id='word_1_87' title='bbox 928 982 1074 1028; x_wconf 89' lang='lat' dir='ltr'>caede</span> <span class='ocrx_word' id='word_1_88' title='bbox 1116 982 1353 1030; x_wconf 88' lang='lat' dir='ltr'>Troianos</span> <span class='ocrx_word' id='word_1_89' title='bbox 1393 984 1719 1044; x_wconf 87' lang='lat' dir='ltr'>persequatur</span> <span class='ocrx_word' id='word_1_90' title='bbox 1756 999 1831 1030; x_wconf 91' lang='lat' dir='ltr'>re-</span> 
     </span>
     <span class='ocr_line' id='line_1_12' title="bbox 136 1054 1834 1119; baseline 0.002 -18"><span class='ocrx_word' id='word_1_91' title='bbox 136 1054 298 1115; x_wconf 90' lang='lat' dir='ltr'>liquos</span> <span class='ocrx_word' id='word_1_92' title='bbox 339 1056 389 1102; x_wconf 88' lang='lat' dir='ltr'>et</span> <span class='ocrx_word' id='word_1_93' title='bbox 426 1054 799 1103; x_wconf 88' lang='lat' dir='ltr'>inventionibus</span> <span class='ocrx_word' id='word_1_94' title='bbox 838 1057 981 1104; x_wconf 88' lang='lat' dir='ltr'>novis</span> <span class='ocrx_word' id='word_1_95' title='bbox 1022 1055 1241 1119; x_wconf 83' lang='lat' dir='ltr'>adfligat.</span> <span class='ocrx_word' id='word_1_96' title='bbox 1320 1068 1497 1104; x_wconf 77' lang='lat' dir='ltr'>causas</span> <span class='ocrx_word' id='word_1_97' title='bbox 1544 1058 1665 1103; x_wconf 64' lang='lat' dir='ltr'>tmesi</span> <span class='ocrx_word' id='word_1_98' title='bbox 1710 1059 1834 1105; x_wconf 77' lang='lat' dir='ltr'>sciat</span> 
     </span>
     <span class='ocr_line' id='line_1_13' title="bbox 136 1128 1830 1191; baseline 0.001 -16"><span class='ocrx_word' id='word_1_99' title='bbox 136 1128 223 1175; x_wconf 68' lang='lat' dir='ltr'>illa</span> <span class='ocrx_word' id='word_1_100' title='bbox 262 1130 475 1189; x_wconf 76' lang='lat' dir='ltr'>furoris:</span> <span class='ocrx_word' id='word_1_101' title='bbox 513 1129 674 1190; x_wconf 91' lang='lat' dir='ltr'>huius,</span> <span class='ocrx_word' id='word_1_102' title='bbox 712 1130 902 1191; x_wconf 89' lang='lat' dir='ltr'>inquit,</span> <span class='ocrx_word' id='word_1_103' title='bbox 941 1130 1044 1178; x_wconf 91' lang='lat' dir='ltr'>odii</span> <span class='ocrx_word' id='word_1_104' title='bbox 1083 1131 1126 1178; x_wconf 90' lang='lat' dir='ltr'>si</span> <span class='ocrx_word' id='word_1_105' title='bbox 1166 1145 1341 1178; x_wconf 89' lang='lat' dir='ltr'>causae</span> <span class='ocrx_word' id='word_1_106' title='bbox 1389 1131 1728 1191; x_wconf 85' lang='lat' dir='ltr'>requirantur,</span> <span class='ocrx_word' id='word_1_107' title='bbox 1769 1130 1830 1178; x_wconf 89' lang='lat' dir='ltr'>ab</span> 
     </span>
     <span class='ocr_line' id='line_1_14' title="bbox 135 1202 1831 1265; baseline 0.002 -16"><span class='ocrx_word' id='word_1_108' title='bbox 135 1203 246 1263; x_wconf 90' lang='lat' dir='ltr'>ipsa</span> <span class='ocrx_word' id='word_1_109' title='bbox 288 1202 596 1263; x_wconf 87' lang='lat' dir='ltr'>quaerendae</span> <span class='ocrx_word' id='word_1_110' title='bbox 636 1206 774 1265; x_wconf 83' lang='lat' dir='ltr'>sunt3</span> <span class='ocrx_word' id='word_1_111' title='bbox 824 1219 914 1251; x_wconf 91' lang='lat' dir='ltr'>nos</span> <span class='ocrx_word' id='word_1_112' title='bbox 962 1204 1092 1250; x_wconf 90' lang='lat' dir='ltr'>enim</span> <span class='ocrx_word' id='word_1_113' title='bbox 1140 1206 1319 1252; x_wconf 90' lang='lat' dir='ltr'>scimus</span> <span class='ocrx_word' id='word_1_114' title='bbox 1367 1204 1492 1251; x_wconf 89' lang='lat' dir='ltr'>nihil</span> <span class='ocrx_word' id='word_1_115' title='bbox 1542 1206 1683 1252; x_wconf 76' lang='lat' dir='ltr'>iuxta</span> <span class='ocrx_word' id='word_1_116' title='bbox 1722 1219 1831 1252; x_wconf 88' lang='lat' dir='ltr'>eam</span> 
     </span>
     <span class='ocr_line' id='line_1_15' title="bbox 138 1262 1898 1339; baseline 0.001 -17"><span class='ocrx_word' id='word_1_117' title='bbox 138 1276 378 1324; x_wconf 88' lang='lat' dir='ltr'>Troianos</span> <span class='ocrx_word' id='word_1_118' title='bbox 426 1276 685 1325; x_wconf 86' lang='lat' dir='ltr'>admisisse</span> <span class='ocrx_word' id='word_1_119' title='bbox 737 1277 870 1339; x_wconf 91' lang='lat' dir='ltr'>quod</span> <span class='ocrx_word' id='word_1_120' title='bbox 915 1278 1084 1325; x_wconf 88' lang='lat' dir='ltr'>noHet.</span> <span class='ocrx_word' id='word_1_121' title='bbox 1163 1293 1335 1326; x_wconf 82' lang='lat' dir='ltr'>causas</span> <span class='ocrx_word' id='word_1_122' title='bbox 1386 1280 1517 1326; x_wconf 85' lang='lat' dir='ltr'>tanti</span> <span class='ocrx_word' id='word_1_123' title='bbox 1567 1277 1692 1326; x_wconf 87' lang='lat' dir='ltr'>sciat</span> <span class='ocrx_word' id='word_1_124' title='bbox 1740 1277 1831 1325; x_wconf 87' lang='lat' dir='ltr'>illa</span> <span class='ocrx_word' id='word_1_125' title='bbox 1884 1262 1898 1281; x_wconf 65' lang='lat'><em>&#39;</em></span> 
     </span>
     <span class='ocr_line' id='line_1_16' title="bbox 0 1350 1830 1413; baseline 0.002 -17"><span class='ocrx_word' id='word_1_126' title='bbox 0 1377 1 1404; x_wconf 58' lang='lat'>1</span> <span class='ocrx_word' id='word_1_127' title='bbox 69 1363 112 1396; x_wconf 80' lang='lat'>15</span> <span class='ocrx_word' id='word_1_128' title='bbox 138 1350 342 1399; x_wconf 89' lang='lat' dir='ltr'>furoris:</span> <span class='ocrx_word' id='word_1_129' title='bbox 381 1350 566 1398; x_wconf 85' lang='lat' dir='ltr'>furoris</span> <span class='ocrx_word' id='word_1_130' title='bbox 600 1352 677 1398; x_wconf 79' lang='lat' dir='ltr'>sui</span> <span class='ocrx_word' id='word_1_131' title='bbox 709 1351 855 1412; x_wconf 85' lang='lat' dir='ltr'>dixit,</span> <span class='ocrx_word' id='word_1_132' title='bbox 896 1367 993 1399; x_wconf 91' lang='lat' dir='ltr'>non</span> <span class='ocrx_word' id='word_1_133' title='bbox 1033 1351 1239 1413; x_wconf 71' lang='lat' dir='ltr'>doloris,</span> <span class='ocrx_word' id='word_1_134' title='bbox 1279 1353 1384 1400; x_wconf 85' lang='lat' dir='ltr'>sine</span> <span class='ocrx_word' id='word_1_135' title='bbox 1415 1352 1608 1399; x_wconf 88' lang='lat' dir='ltr'>ratione</span> <span class='ocrx_word' id='word_1_136' title='bbox 1648 1354 1830 1413; x_wconf 89' lang='lat' dir='ltr'>quippe</span> 
     </span>
     <span class='ocr_line' id='line_1_17' title="bbox 136 1425 1831 1487; baseline 0.001 -16"><span class='ocrx_word' id='word_1_137' title='bbox 136 1425 287 1472; x_wconf 81' lang='lat' dir='ltr'>irasci</span> <span class='ocrx_word' id='word_1_138' title='bbox 326 1425 487 1472; x_wconf 81' lang='lat' dir='ltr'>furere</span> <span class='ocrx_word' id='word_1_139' title='bbox 528 1427 618 1486; x_wconf 90' lang='lat' dir='ltr'>est,</span> <span class='ocrx_word' id='word_1_140' title='bbox 657 1427 874 1473; x_wconf 89' lang='lat' dir='ltr'>ceterum</span> <span class='ocrx_word' id='word_1_141' title='bbox 914 1425 1055 1474; x_wconf 93' lang='lat' dir='ltr'>dolor</span> <span class='ocrx_word' id='word_1_142' title='bbox 1092 1426 1198 1474; x_wconf 85' lang='lat' dir='ltr'>illic</span> <span class='ocrx_word' id='word_1_143' title='bbox 1231 1441 1334 1474; x_wconf 88' lang='lat' dir='ltr'>esse</span> <span class='ocrx_word' id='word_1_144' title='bbox 1365 1427 1532 1487; x_wconf 90' lang='lat' dir='ltr'>potest</span> <span class='ocrx_word' id='word_1_145' title='bbox 1563 1426 1648 1473; x_wconf 88' lang='lat' dir='ltr'>ubi</span> <span class='ocrx_word' id='word_1_146' title='bbox 1679 1425 1831 1473; x_wconf 89' lang='lat' dir='ltr'>fuerit</span> 
     </span>
     <span class='ocr_line' id='line_1_18' title="bbox 135 1499 1830 1561; baseline 0.001 -16"><span class='ocrx_word' id='word_1_147' title='bbox 135 1500 270 1546; x_wconf 89' lang='lat' dir='ltr'>iusta</span> <span class='ocrx_word' id='word_1_148' title='bbox 301 1500 581 1547; x_wconf 87' lang='lat' dir='ltr'>commotio.</span> <span class='ocrx_word' id='word_1_149' title='bbox 660 1501 763 1559; x_wconf 74' lang='lat' dir='ltr'>ipse</span> <span class='ocrx_word' id='word_1_150' title='bbox 793 1501 913 1548; x_wconf 73' lang='lat' dir='ltr'>mihi</span> <span class='ocrx_word' id='word_1_151' title='bbox 944 1515 1101 1560; x_wconf 70' lang='lat' dir='ltr'>nuper</span> <span class='ocrx_word' id='word_1_152' title='bbox 1122 1499 1322 1561; x_wconf 72' lang='lat' dir='ltr'>Libycis</span> <span class='ocrx_word' id='word_1_153' title='bbox 1354 1503 1406 1547; x_wconf 81' lang='lat' dir='ltr'>tu</span> <span class='ocrx_word' id='word_1_154' title='bbox 1437 1501 1568 1547; x_wconf 79' lang='lat' dir='ltr'>testis</span> <span class='ocrx_word' id='word_1_155' title='bbox 1598 1501 1652 1547; x_wconf 80' lang='lat' dir='ltr'>in</span> <span class='ocrx_word' id='word_1_156' title='bbox 1681 1499 1830 1547; x_wconf 76' lang='lat' dir='ltr'>undis</span> 
     </span>
     <span class='ocr_line' id='line_1_19' title="bbox 136 1573 1918 1631; baseline 0.002 -12"><span class='ocrx_word' id='word_1_157' title='bbox 136 1587 282 1631; x_wconf 78' lang='lat' dir='ltr'>quam</span> <span class='ocrx_word' id='word_1_158' title='bbox 332 1573 504 1620; x_wconf 84' lang='lat' dir='ltr'>molem</span> <span class='ocrx_word' id='word_1_159' title='bbox 553 1574 709 1621; x_wconf 76' lang='lat' dir='ltr'>subito</span> <span class='ocrx_word' id='word_1_160' title='bbox 758 1575 973 1622; x_wconf 77' lang='lat' dir='ltr'>excierit:</span> <span class='ocrx_word' id='word_1_161' title='bbox 1021 1575 1184 1622; x_wconf 78' lang='lat' dir='ltr'>maria</span> <span class='ocrx_word' id='word_1_162' title='bbox 1234 1575 1400 1622; x_wconf 75' lang='lat' dir='ltr'>omnia</span> <span class='ocrx_word' id='word_1_163' title='bbox 1448 1574 1576 1622; x_wconf 82' lang='lat' dir='ltr'>caelo</span> <span class='ocrx_word' id='word_1_164' title='bbox 1621 1575 1814 1622; x_wconf 77' lang='lat' dir='ltr'>miscuit</span> <span class='ocrx_word' id='word_1_165' title='bbox 1833 1576 1918 1616; x_wconf 83' lang='grc'>790</span> 
     </span>
     <span class='ocr_line' id='line_1_20' title="bbox 135 1645 1829 1710; baseline 0 -16"><span class='ocrx_word' id='word_1_166' title='bbox 135 1645 321 1694; x_wconf 78' lang='lat' dir='ltr'>Aeoliis</span> <span class='ocrx_word' id='word_1_167' title='bbox 370 1649 689 1707; x_wconf 77' lang='lat' dir='ltr'>nequicquam</span> <span class='ocrx_word' id='word_1_168' title='bbox 737 1648 866 1707; x_wconf 79' lang='lat' dir='ltr'>freta</span> <span class='ocrx_word' id='word_1_169' title='bbox 906 1647 1158 1708; x_wconf 74' lang='lat' dir='ltr'>procellis:</span> <span class='ocrx_word' id='word_1_170' title='bbox 1210 1663 1448 1710; x_wconf 87' lang='lat' dir='ltr'>magnum</span> <span class='ocrx_word' id='word_1_171' title='bbox 1497 1649 1691 1695; x_wconf 85' lang='lat' dir='ltr'>invenit</span> <span class='ocrx_word' id='word_1_172' title='bbox 1744 1647 1829 1695; x_wconf 86' lang='lat' dir='ltr'>ad-</span> 
     </span>
     <span class='ocr_line' id='line_1_21' title="bbox 0 1720 1830 1784; baseline 0 -16"><span class='ocrx_word' id='word_1_173' title='bbox 0 1731 1 1773; x_wconf 56' lang='lat'>}</span> <span class='ocrx_word' id='word_1_174' title='bbox 68 1735 112 1768; x_wconf 84' lang='lat'>20</span> <span class='ocrx_word' id='word_1_175' title='bbox 137 1720 433 1768; x_wconf 88' lang='lat' dir='ltr'>sertionibus</span> <span class='ocrx_word' id='word_1_176' title='bbox 476 1722 577 1769; x_wconf 89' lang='lat' dir='ltr'>suis</span> <span class='ocrx_word' id='word_1_177' title='bbox 626 1722 956 1783; x_wconf 86' lang='lat' dir='ltr'>conpendium</span> <span class='ocrx_word' id='word_1_178' title='bbox 995 1724 1157 1784; x_wconf 90' lang='lat' dir='ltr'>ipsum</span> <span class='ocrx_word' id='word_1_179' title='bbox 1198 1721 1418 1770; x_wconf 86' lang='lat' dir='ltr'>vocando</span> <span class='ocrx_word' id='word_1_180' title='bbox 1458 1723 1636 1769; x_wconf 88' lang='lat' dir='ltr'>testem</span> <span class='ocrx_word' id='word_1_181' title='bbox 1683 1737 1830 1783; x_wconf 89' lang='lat' dir='ltr'>quem</span> 
     </span>
     <span class='ocr_line' id='line_1_22' title="bbox 136 1794 1830 1858; baseline 0.001 -17"><span class='ocrx_word' id='word_1_182' title='bbox 136 1794 394 1842; x_wconf 86' lang='lat' dir='ltr'>audiendis</span> <span class='ocrx_word' id='word_1_183' title='bbox 435 1795 668 1856; x_wconf 85' lang='lat' dir='ltr'>querellis</span> <span class='ocrx_word' id='word_1_184' title='bbox 708 1795 952 1844; x_wconf 88' lang='lat' dir='ltr'>arbitrum</span> <span class='ocrx_word' id='word_1_185' title='bbox 992 1796 1223 1858; x_wconf 87' lang='lat' dir='ltr'>cupiebat</span> <span class='ocrx_word' id='word_1_186' title='bbox 1262 1795 1534 1857; x_wconf 84' lang='lat' dir='ltr'>adquirere.</span> <span class='ocrx_word' id='word_1_187' title='bbox 1594 1795 1738 1843; x_wconf 90' lang='lat' dir='ltr'>testis</span> <span class='ocrx_word' id='word_1_188' title='bbox 1763 1810 1830 1855; x_wconf 88' lang='lat' dir='ltr'>es,</span> 
     </span>
     <span class='ocr_line' id='line_1_23' title="bbox 134 1868 1829 1931; baseline 0.001 -17"><span class='ocrx_word' id='word_1_189' title='bbox 134 1869 325 1930; x_wconf 90' lang='lat' dir='ltr'>inquit,</span> <span class='ocrx_word' id='word_1_190' title='bbox 364 1870 458 1917; x_wconf 91' lang='lat' dir='ltr'>etsi</span> <span class='ocrx_word' id='word_1_191' title='bbox 497 1869 643 1917; x_wconf 90' lang='lat' dir='ltr'>unius</span> <span class='ocrx_word' id='word_1_192' title='bbox 676 1870 820 1930; x_wconf 89' lang='lat' dir='ltr'>facti,</span> <span class='ocrx_word' id='word_1_193' title='bbox 868 1886 925 1917; x_wconf 89' lang='lat' dir='ltr'>ex</span> <span class='ocrx_word' id='word_1_194' title='bbox 965 1886 1021 1917; x_wconf 93' lang='lat' dir='ltr'>eo</span> <span class='ocrx_word' id='word_1_195' title='bbox 1061 1872 1230 1918; x_wconf 89' lang='lat' dir='ltr'>tamen</span> <span class='ocrx_word' id='word_1_196' title='bbox 1270 1872 1432 1917; x_wconf 89' lang='lat' dir='ltr'>cetera</span> <span class='ocrx_word' id='word_1_197' title='bbox 1463 1870 1649 1931; x_wconf 90' lang='lat' dir='ltr'>poteris</span> <span class='ocrx_word' id='word_1_198' title='bbox 1682 1868 1829 1916; x_wconf 87' lang='lat' dir='ltr'>aesti-</span> 
     </span>
     <span class='ocr_line' id='line_1_24' title="bbox 134 1943 1829 2005; baseline 0.001 -16"><span class='ocrx_word' id='word_1_199' title='bbox 134 1957 286 2004; x_wconf 87' lang='lat' dir='ltr'>mare,</span> <span class='ocrx_word' id='word_1_200' title='bbox 326 1943 459 2004; x_wconf 92' lang='lat' dir='ltr'>quod</span> <span class='ocrx_word' id='word_1_201' title='bbox 499 1959 598 1991; x_wconf 90' lang='lat' dir='ltr'>non</span> <span class='ocrx_word' id='word_1_202' title='bbox 638 1944 740 1991; x_wconf 87' lang='lat' dir='ltr'>sint</span> <span class='ocrx_word' id='word_1_203' title='bbox 771 1944 921 2005; x_wconf 88' lang='lat' dir='ltr'>falsa,</span> <span class='ocrx_word' id='word_1_204' title='bbox 960 1944 1045 1992; x_wconf 90' lang='lat' dir='ltr'>sed</span> <span class='ocrx_word' id='word_1_205' title='bbox 1077 1960 1215 1992; x_wconf 88' lang='lat' dir='ltr'>vera:</span> <span class='ocrx_word' id='word_1_206' title='bbox 1263 1944 1334 1991; x_wconf 90' lang='lat' dir='ltr'>sic</span> <span class='ocrx_word' id='word_1_207' title='bbox 1371 1943 1514 1990; x_wconf 83' lang='lat' dir='ltr'>illum</span> <span class='ocrx_word' id='word_1_208' title='bbox 1555 1958 1829 1990; x_wconf 89' lang='lat' dir='ltr'>commone—</span> 
     </span>
     <span class='ocr_line' id='line_1_25' title="bbox 136 2017 1832 2079; baseline 0.001 -16"><span class='ocrx_word' id='word_1_209' title='bbox 136 2017 260 2064; x_wconf 81' lang='lat' dir='ltr'>facit</span> <span class='ocrx_word' id='word_1_210' title='bbox 305 2019 355 2064; x_wconf 88' lang='lat' dir='ltr'>et</span> <span class='ocrx_word' id='word_1_211' title='bbox 404 2017 457 2064; x_wconf 91' lang='lat' dir='ltr'>in</span> <span class='ocrx_word' id='word_1_212' title='bbox 506 2019 793 2066; x_wconf 88' lang='lat' dir='ltr'>memoriam</span> <span class='ocrx_word' id='word_1_213' title='bbox 846 2020 1070 2078; x_wconf 83' lang='lat' dir='ltr'>revocat,</span> <span class='ocrx_word' id='word_1_214' title='bbox 1123 2019 1180 2065; x_wconf 93' lang='lat' dir='ltr'>ut</span> <span class='ocrx_word' id='word_1_215' title='bbox 1228 2019 1424 2079; x_wconf 90' lang='lat' dir='ltr'>tempus</span> <span class='ocrx_word' id='word_1_216' title='bbox 1475 2019 1525 2064; x_wconf 91' lang='lat' dir='ltr'>et</span> <span class='ocrx_word' id='word_1_217' title='bbox 1570 2017 1734 2065; x_wconf 90' lang='lat' dir='ltr'>locum</span> <span class='ocrx_word' id='word_1_218' title='bbox 1780 2019 1832 2064; x_wconf 90' lang='lat' dir='ltr'>et</span> 
     </span>
     <span class='ocr_line' id='line_1_26' title="bbox 69 2089 1830 2154; baseline -0.001 -14"><span class='ocrx_word' id='word_1_219' title='bbox 69 2107 111 2140; x_wconf 72' lang='lat'>25</span> <span class='ocrx_word' id='word_1_220' title='bbox 136 2090 323 2138; x_wconf 86' lang='lat' dir='ltr'>factum</span> <span class='ocrx_word' id='word_1_221' title='bbox 371 2091 591 2154; x_wconf 83' lang='lat' dir='ltr'>replicet.</span> <span class='ocrx_word' id='word_1_222' title='bbox 683 2108 864 2154; x_wconf 87' lang='lat' dir='ltr'>nuper,</span> <span class='ocrx_word' id='word_1_223' title='bbox 913 2091 1100 2153; x_wconf 89' lang='lat' dir='ltr'>inquit,</span> <span class='ocrx_word' id='word_1_224' title='bbox 1151 2092 1284 2139; x_wconf 90' lang='lat' dir='ltr'>nosti</span> <span class='ocrx_word' id='word_1_225' title='bbox 1330 2092 1383 2138; x_wconf 91' lang='lat' dir='ltr'>in</span> <span class='ocrx_word' id='word_1_226' title='bbox 1429 2089 1629 2153; x_wconf 86' lang='lat' dir='ltr'>Libycis</span> <span class='ocrx_word' id='word_1_227' title='bbox 1682 2089 1830 2138; x_wconf 89' lang='lat' dir='ltr'>undis</span> 
     </span>
    </p>
   </div>
   <div class='ocr_carea' id='block_1_3' title="bbox 6 1799 1830 3226">
    <p class='ocr_par' dir='ltr' id='par_1_3' title="bbox 6 1799 1830 3226">
     <span class='ocr_line' id='line_1_27' title="bbox 11 1799 25 1904; baseline 0 0"><span class='ocrx_word' id='word_1_228' title='bbox 11 1799 25 1904; x_wconf 66' lang='grc' dir='ltr'>ἓ</span> 
     </span>
     <span class='ocr_line' id='line_1_28' title="bbox 6 2165 1830 3226; baseline 0 -1015"><span class='ocrx_word' id='word_1_229' title='bbox 6 2177 47 3226; x_wconf 62' lang='grc' dir='ltr'>ι</span> <span class='ocrx_word' id='word_1_230' title='bbox 137 2180 260 2226; x_wconf 87' lang='lat' dir='ltr'>quas</span> <span class='ocrx_word' id='word_1_231' title='bbox 315 2165 468 2212; x_wconf 90' lang='lat' dir='ltr'>moles</span> <span class='ocrx_word' id='word_1_232' title='bbox 525 2167 728 2226; x_wconf 85' lang='lat' dir='ltr'>excivit,</span> <span class='ocrx_word' id='word_1_233' title='bbox 787 2182 899 2214; x_wconf 91' lang='lat' dir='ltr'>cum</span> <span class='ocrx_word' id='word_1_234' title='bbox 951 2165 1215 2227; x_wconf 88' lang='lat' dir='ltr'>adsumpta</span> <span class='ocrx_word' id='word_1_235' title='bbox 1268 2167 1518 2226; x_wconf 87' lang='lat' dir='ltr'>potestate</span> <span class='ocrx_word' id='word_1_236' title='bbox 1568 2166 1830 2213; x_wconf 86' lang='lat' dir='ltr'>ventorum</span> 
     </span>
    </p>
   </div>
   <div class='ocr_carea' id='block_1_4' title="bbox 0 283 3 1439">
    <p class='ocr_par' dir='ltr' id='par_1_4' title="bbox 0 283 3 1439">
     <span class='ocr_line' id='line_1_29' title="bbox 0 283 3 1439; baseline 0 0"><span class='ocrx_word' id='word_1_237' title='bbox 0 283 3 1439; x_wconf 95' lang='lat' dir='ltr'> </span> 
     </span>
    </p>
   </div>
   <div class='ocr_carea' id='block_1_5' title="bbox 8 1527 29 1794">
    <p class='ocr_par' dir='ltr' id='par_1_5' title="bbox 8 1527 29 1794">
     <span class='ocr_line' id='line_1_30' title="bbox 8 1527 29 1794; baseline 0 1432"><span class='ocrx_word' id='word_1_238' title='bbox 8 1527 29 1794; x_wconf 95' lang='lat' dir='ltr'> </span> 
     </span>
    </p>
   </div>
   <div class='ocr_carea' id='block_1_6' title="bbox 68 2236 1831 2598">
    <p class='ocr_par' dir='ltr' id='par_1_6' title="bbox 68 2236 1831 2598">
     <span class='ocr_line' id='line_1_31' title="bbox 137 2236 1831 2302; baseline 0 -17"><span class='ocrx_word' id='word_1_239' title='bbox 137 2240 304 2286; x_wconf 86' lang='lat' dir='ltr'>omnia</span> <span class='ocrx_word' id='word_1_240' title='bbox 342 2239 396 2285; x_wconf 91' lang='lat' dir='ltr'>in</span> <span class='ocrx_word' id='word_1_241' title='bbox 436 2239 767 2288; x_wconf 84' lang='lat' dir='ltr'>Troianorum</span> <span class='ocrx_word' id='word_1_242' title='bbox 805 2239 1074 2302; x_wconf 89' lang='lat' dir='ltr'>perniciem</span> <span class='ocrx_word' id='word_1_243' title='bbox 1106 2239 1350 2287; x_wconf 86' lang='lat' dir='ltr'>elementa</span> <span class='ocrx_word' id='word_1_244' title='bbox 1389 2237 1627 2287; x_wconf 89' lang='lat' dir='ltr'>confudit.</span> <span class='ocrx_word' id='word_1_245' title='bbox 1697 2236 1831 2299; x_wconf 93' lang='lat' dir='ltr'>quod</span> 
     </span>
     <span class='ocr_line' id='line_1_32' title="bbox 135 2312 1828 2375; baseline -0.001 -15"><span class='ocrx_word' id='word_1_246' title='bbox 135 2312 323 2360; x_wconf 88' lang='lat' dir='ltr'>factum</span> <span class='ocrx_word' id='word_1_247' title='bbox 363 2314 438 2361; x_wconf 89' lang='lat' dir='ltr'>est</span> <span class='ocrx_word' id='word_1_248' title='bbox 475 2313 676 2375; x_wconf 88' lang='lat' dir='ltr'>frustra,</span> <span class='ocrx_word' id='word_1_249' title='bbox 717 2314 835 2362; x_wconf 90' lang='lat' dir='ltr'>dum</span> <span class='ocrx_word' id='word_1_250' title='bbox 874 2329 1017 2362; x_wconf 89' lang='lat' dir='ltr'>omne</span> <span class='ocrx_word' id='word_1_251' title='bbox 1054 2313 1179 2360; x_wconf 91' lang='lat' dir='ltr'>illud</span> <span class='ocrx_word' id='word_1_252' title='bbox 1211 2315 1261 2360; x_wconf 91' lang='lat' dir='ltr'>te</span> <span class='ocrx_word' id='word_1_253' title='bbox 1292 2313 1496 2361; x_wconf 87' lang='lat' dir='ltr'>iuvante</span> <span class='ocrx_word' id='word_1_254' title='bbox 1528 2313 1828 2361; x_wconf 88' lang='lat' dir='ltr'>summotum</span> 
     </span>
     <span class='ocr_line' id='line_1_33' title="bbox 136 2385 1828 2449; baseline -0.001 -16"><span class='ocrx_word' id='word_1_255' title='bbox 136 2387 223 2434; x_wconf 87' lang='lat' dir='ltr'>est.</span> <span class='ocrx_word' id='word_1_256' title='bbox 281 2386 414 2448; x_wconf 91' lang='lat' dir='ltr'>quod</span> <span class='ocrx_word' id='word_1_257' title='bbox 454 2387 528 2435; x_wconf 88' lang='lat' dir='ltr'>ait</span> <span class='ocrx_word' id='word_1_258' title='bbox 559 2404 709 2449; x_wconf 90' lang='lat' dir='ltr'>quam</span> <span class='ocrx_word' id='word_1_259' title='bbox 747 2388 927 2436; x_wconf 90' lang='lat' dir='ltr'>molem</span> <span class='ocrx_word' id='word_1_260' title='bbox 967 2387 1131 2435; x_wconf 89' lang='lat' dir='ltr'>subito</span> <span class='ocrx_word' id='word_1_261' title='bbox 1172 2387 1395 2447; x_wconf 83' lang='lat' dir='ltr'>excierit,</span> <span class='ocrx_word' id='word_1_262' title='bbox 1435 2385 1700 2434; x_wconf 83' lang='lat' dir='ltr'>artificium</span> <span class='ocrx_word' id='word_1_263' title='bbox 1741 2400 1828 2432; x_wconf 88' lang='lat' dir='ltr'>no-</span> 
     </span>
     <span class='ocr_line' id='line_1_34' title="bbox 68 2455 1828 2523; baseline -0.003 -13"><span class='ocrx_word' id='word_1_264' title='bbox 68 2476 114 2510; x_wconf 67' lang='lat' dir='ltr'>so</span> <span class='ocrx_word' id='word_1_265' title='bbox 136 2460 278 2508; x_wconf 89' lang='lat' dir='ltr'>cendi</span> <span class='ocrx_word' id='word_1_266' title='bbox 301 2461 463 2508; x_wconf 89' lang='lat' dir='ltr'>voluit</span> <span class='ocrx_word' id='word_1_267' title='bbox 493 2455 853 2523; x_wconf 79' lang='lat' dir='ltr'>demonstrar03</span> <span class='ocrx_word' id='word_1_268' title='bbox 885 2461 1123 2523; x_wconf 87' lang='lat' dir='ltr'>quicquid</span> <span class='ocrx_word' id='word_1_269' title='bbox 1156 2461 1287 2509; x_wconf 88' lang='lat' dir='ltr'>enim</span> <span class='ocrx_word' id='word_1_270' title='bbox 1319 2459 1542 2509; x_wconf 88' lang='lat' dir='ltr'>subitum</span> <span class='ocrx_word' id='word_1_271' title='bbox 1576 2461 1652 2507; x_wconf 87' lang='lat' dir='ltr'>est</span> <span class='ocrx_word' id='word_1_272' title='bbox 1680 2459 1828 2506; x_wconf 86' lang='lat' dir='ltr'>facile</span> 
     </span>
     <span class='ocr_line' id='line_1_35' title="bbox 139 2531 1829 2598; baseline -0.001 -16"><span class='ocrx_word' id='word_1_273' title='bbox 139 2535 380 2596; x_wconf 86' lang='lat' dir='ltr'>opprimit</span> <span class='ocrx_word' id='word_1_274' title='bbox 401 2536 706 2596; x_wconf 84' lang='lat' dir='ltr'>inparatum,</span> <span class='ocrx_word' id='word_1_275' title='bbox 737 2537 991 2598; x_wconf 89' lang='lat' dir='ltr'>speratum</span> <span class='ocrx_word' id='word_1_276' title='bbox 1015 2536 1182 2582; x_wconf 89' lang='lat' dir='ltr'>autem</span> <span class='ocrx_word' id='word_1_277' title='bbox 1215 2537 1265 2582; x_wconf 89' lang='lat' dir='ltr'>et</span> <span class='ocrx_word' id='word_1_278' title='bbox 1295 2534 1578 2597; x_wconf 84' lang='lat' dir='ltr'>praevisum</span> <span class='ocrx_word' id='word_1_279' title='bbox 1609 2531 1829 2581; x_wconf 83' lang='lat' dir='ltr'>cavendo</span> 
     </span>
    </p>
   </div>
   <div class='ocr_carea' id='block_1_7' title="bbox 134 2634 490 2644">
    <p class='ocr_par' dir='ltr' id='par_1_7' title="bbox 134 2634 490 2644">
     <span class='ocr_line' id='line_1_36' title="bbox 134 2634 490 2644; baseline 0 582"><span class='ocrx_word' id='word_1_280' title='bbox 134 2634 490 2644; x_wconf 95' lang='lat' dir='ltr'> </span> 
     </span>
    </p>
   </div>
   <div class='ocr_carea' id='block_1_8' title="bbox 135 2688 1830 2862">
    <p class='ocr_par' dir='ltr' id='par_1_8' title="bbox 135 2688 1830 2862">
     <span class='ocr_line' id='line_1_37' title="bbox 258 2688 1828 2745; baseline -0.002 -12"><span class='ocrx_word' id='word_1_281' title='bbox 258 2695 280 2733; x_wconf 92' lang='lat'>1</span> <span class='ocrx_word' id='word_1_282' title='bbox 312 2691 475 2745; x_wconf 75' lang='lat' dir='ltr'>funere</span> <span class='ocrx_word' id='word_1_283' title='bbox 505 2690 592 2734; x_wconf 81' lang='lat' dir='ltr'>LR</span> <span class='ocrx_word' id='word_1_284' title='bbox 621 2691 656 2745; x_wconf 80' lang='lat' dir='ltr'>f.</span> <span class='ocrx_word' id='word_1_285' title='bbox 689 2697 731 2735; x_wconf 84' lang='lat' dir='ltr'>et</span> <span class='ocrx_word' id='word_1_286' title='bbox 762 2690 833 2735; x_wconf 89' lang='lat' dir='ltr'>ed.</span> <span class='ocrx_word' id='word_1_287' title='bbox 957 2695 982 2733; x_wconf 82' lang='lat'><strong>2</strong></span> <span class='ocrx_word' id='word_1_288' title='bbox 1017 2689 1179 2734; x_wconf 81' lang='lat' dir='ltr'>audire</span> <span class='ocrx_word' id='word_1_289' title='bbox 1209 2689 1296 2733; x_wconf 87' lang='lat' dir='ltr'>LR</span> <span class='ocrx_word' id='word_1_290' title='bbox 1327 2702 1442 2734; x_wconf 87' lang='lat' dir='ltr'>corr.</span> <span class='ocrx_word' id='word_1_291' title='bbox 1466 2688 1538 2732; x_wconf 89' lang='lat' dir='ltr'>ed.</span> <span class='ocrx_word' id='word_1_292' title='bbox 1663 2691 1686 2730; x_wconf 80' lang='lat'>7</span> <span class='ocrx_word' id='word_1_293' title='bbox 1713 2700 1828 2742; x_wconf 83' lang='lat' dir='ltr'>par-</span> 
     </span>
     <span class='ocr_line' id='line_1_38' title="bbox 135 2746 1825 2807; baseline -0.002 -14"><span class='ocrx_word' id='word_1_294' title='bbox 135 2753 231 2794; x_wconf 78' lang='lat' dir='ltr'>tum</span> <span class='ocrx_word' id='word_1_295' title='bbox 261 2749 350 2793; x_wconf 83' lang='lat' dir='ltr'>LR.</span> <span class='ocrx_word' id='word_1_296' title='bbox 376 2749 457 2794; x_wconf 89' lang='lat' dir='ltr'>edI</span> <span class='ocrx_word' id='word_1_297' title='bbox 486 2751 646 2806; x_wconf 78' lang='lat' dir='ltr'>parvis</span> <span class='ocrx_word' id='word_1_298' title='bbox 674 2765 699 2794; x_wconf 87' lang='grc'><strong>1·</strong></span> <span class='ocrx_word' id='word_1_299' title='bbox 722 2755 911 2806; x_wconf 78' lang='lat' dir='ltr'>partam</span> <span class='ocrx_word' id='word_1_300' title='bbox 943 2747 1062 2794; x_wconf 80' lang='lat' dir='ltr'>edFI</span> <span class='ocrx_word' id='word_1_301' title='bbox 1077 2753 1223 2807; x_wconf 70' lang='lat' dir='ltr'>parta</span> <span class='ocrx_word' id='word_1_302' title='bbox 1253 2748 1326 2793; x_wconf 88' lang='lat' dir='ltr'>ed.</span> <span class='ocrx_word' id='word_1_303' title='bbox 1350 2749 1469 2806; x_wconf 80' lang='lat' dir='ltr'>post.</span> <span class='ocrx_word' id='word_1_304' title='bbox 1488 2746 1697 2804; x_wconf 71' lang='lat' dir='ltr'>partium</span> <span class='ocrx_word' id='word_1_305' title='bbox 1726 2758 1825 2790; x_wconf 73' lang='lat' dir='ltr'>nos,</span> 
     </span>
     <span class='ocr_line' id='line_1_39' title="bbox 227 2804 1830 2862; baseline -0.003 -10"><span class='ocrx_word' id='word_1_306' title='bbox 227 2813 280 2852; x_wconf 93' lang='lat'>11</span> <span class='ocrx_word' id='word_1_307' title='bbox 315 2807 447 2853; x_wconf 74' lang='lat' dir='ltr'>nobis</span> <span class='ocrx_word' id='word_1_308' title='bbox 468 2808 512 2852; x_wconf 81' lang='lat' dir='ltr'><strong>R</strong></span> <span class='ocrx_word' id='word_1_309' title='bbox 539 2811 672 2854; x_wconf 73' lang='lat' dir='ltr'>novis</span> <span class='ocrx_word' id='word_1_310' title='bbox 693 2808 796 2853; x_wconf 88' lang='lat' dir='ltr'>r&#39;=</span> <span class='ocrx_word' id='word_1_311' title='bbox 813 2808 864 2854; x_wconf 88' lang='lat' dir='ltr'>L.</span> <span class='ocrx_word' id='word_1_312' title='bbox 959 2813 1013 2853; x_wconf 88' lang='grc'>13</span> <span class='ocrx_word' id='word_1_313' title='bbox 1045 2809 1181 2853; x_wconf 76' lang='lat' dir='ltr'>iuoeta</span> <span class='ocrx_word' id='word_1_314' title='bbox 1204 2807 1291 2851; x_wconf 87' lang='lat' dir='ltr'>LR</span> <span class='ocrx_word' id='word_1_315' title='bbox 1320 2808 1373 2851; x_wconf 78' lang='lat' dir='ltr'>in</span> <span class='ocrx_word' id='word_1_316' title='bbox 1397 2806 1468 2851; x_wconf 91' lang='lat' dir='ltr'>ed.</span> <span class='ocrx_word' id='word_1_317' title='bbox 1562 2809 1617 2850; x_wconf 86' lang='grc'><strong>16</strong></span> <span class='ocrx_word' id='word_1_318' title='bbox 1650 2804 1830 2862; x_wconf 54' lang='lat' dir='ltr'>quaerit</span> 
     </span>
    </p>
   </div>
   <div class='ocr_carea' id='block_1_9' title="bbox 134 2862 1830 3042">
    <p class='ocr_par' dir='ltr' id='par_1_9' title="bbox 134 2862 1830 3042">
     <span class='ocr_line' id='line_1_40' title="bbox 134 2862 1830 2924; baseline -0.002 -14"><span class='ocrx_word' id='word_1_319' title='bbox 134 2865 223 2911; x_wconf 82' lang='lat' dir='ltr'>LR</span> <span class='ocrx_word' id='word_1_320' title='bbox 310 2913 315 2918; x_wconf 71' lang='grc'><strong>,</strong></span> <span class='ocrx_word' id='word_1_321' title='bbox 458 2868 545 2912; x_wconf 80' lang='lat' dir='ltr'>erit</span> <span class='ocrx_word' id='word_1_322' title='bbox 574 2883 599 2911; x_wconf 91' lang='grc'><strong>1·</strong></span> <span class='ocrx_word' id='word_1_323' title='bbox 635 2869 751 2914; x_wconf 75' lang='lat' dir='ltr'>inest</span> <span class='ocrx_word' id='word_1_324' title='bbox 781 2868 852 2912; x_wconf 86' lang='lat' dir='ltr'>ed.</span> <span class='ocrx_word' id='word_1_325' title='bbox 892 2867 1038 2922; x_wconf 65' lang='lat' dir='ltr'>sum-it</span> <span class='ocrx_word' id='word_1_326' title='bbox 1076 2865 1152 2924; x_wconf 84' lang='lat' dir='ltr'>(cf.</span> <span class='ocrx_word' id='word_1_327' title='bbox 1186 2871 1229 2923; x_wconf 80' lang='lat'>8,</span> <span class='ocrx_word' id='word_1_328' title='bbox 1252 2867 1356 2923; x_wconf 83' lang='lat'>630)</span> <span class='ocrx_word' id='word_1_329' title='bbox 1395 2879 1492 2910; x_wconf 77' lang='lat' dir='ltr'>nos.</span> <span class='ocrx_word' id='word_1_330' title='bbox 1615 2867 1669 2910; x_wconf 81' lang='lat'>21</span> <span class='ocrx_word' id='word_1_331' title='bbox 1703 2862 1830 2908; x_wconf 72' lang='lat' dir='ltr'>arbi-</span> 
     </span>
     <span class='ocr_line' id='line_1_41' title="bbox 134 2882 1829 2987; baseline -0.003 -16"><span class='ocrx_word' id='word_1_332' title='bbox 134 2926 276 2972; x_wconf 76' lang='lat' dir='ltr'>trium</span> <span class='ocrx_word' id='word_1_333' title='bbox 305 2882 394 2970; x_wconf 53' lang='lat' dir='ltr'>1.ss</span> <span class='ocrx_word' id='word_1_334' title='bbox 422 2927 444 2971; x_wconf 79' lang='lat' dir='ltr'><strong><em>i</em></strong></span> <span class='ocrx_word' id='word_1_335' title='bbox 474 2925 563 2971; x_wconf 81' lang='lat' dir='ltr'>del.</span> <span class='ocrx_word' id='word_1_336' title='bbox 587 2941 612 2971; x_wconf 84' lang='lat' dir='ltr'>r</span> <span class='ocrx_word' id='word_1_337' title='bbox 642 2925 750 2987; x_wconf 51' lang='lat' dir='ltr'>eds}</span> <span class='ocrx_word' id='word_1_338' title='bbox 776 2941 822 2972; x_wconf 87' lang='lat' dir='ltr'>es</span> <span class='ocrx_word' id='word_1_339' title='bbox 851 2940 941 2971; x_wconf 88' lang='lat' dir='ltr'>om.</span> <span class='ocrx_word' id='word_1_340' title='bbox 958 2925 1002 2970; x_wconf 85' lang='lat' dir='ltr'>R</span> <span class='ocrx_word' id='word_1_341' title='bbox 1023 2925 1131 2970; x_wconf 86' lang='lat' dir='ltr'>add.</span> <span class='ocrx_word' id='word_1_342' title='bbox 1147 2941 1184 2970; x_wconf 90' lang='lat' dir='ltr'>r.</span> <span class='ocrx_word' id='word_1_343' title='bbox 1277 2930 1333 2969; x_wconf 82' lang='lat'>22</span> <span class='ocrx_word' id='word_1_344' title='bbox 1365 2924 1508 2970; x_wconf 65' lang='lat' dir='ltr'>tonius</span> <span class='ocrx_word' id='word_1_345' title='bbox 1537 2922 1624 2967; x_wconf 87' lang='lat' dir='ltr'>LR.</span> <span class='ocrx_word' id='word_1_346' title='bbox 1654 2936 1702 2967; x_wconf 79' lang='lat' dir='ltr'>u.</span> <span class='ocrx_word' id='word_1_347' title='bbox 1724 2925 1829 2966; x_wconf 72' lang='lat' dir='ltr'>tan-</span> 
     </span>
     <span class='ocr_line' id='line_1_42' title="bbox 135 2981 1484 3042; baseline 0 -13"><span class='ocrx_word' id='word_1_348' title='bbox 135 2989 232 3030; x_wconf 83' lang='lat' dir='ltr'>tum</span> <span class='ocrx_word' id='word_1_349' title='bbox 262 2985 333 3031; x_wconf 86' lang='lat' dir='ltr'>ed.</span> <span class='ocrx_word' id='word_1_350' title='bbox 457 2990 512 3030; x_wconf 82' lang='lat'>23</span> <span class='ocrx_word' id='word_1_351' title='bbox 544 2986 892 3042; x_wconf 72' lang='lat' dir='ltr'>communefacit</span> <span class='ocrx_word' id='word_1_352' title='bbox 921 2985 1008 3030; x_wconf 85' lang='lat' dir='ltr'>LR</span> <span class='ocrx_word' id='word_1_353' title='bbox 1037 2998 1315 3032; x_wconf 62' lang='lat' dir='ltr'>communem</span> <span class='ocrx_word' id='word_1_354' title='bbox 1342 2985 1380 3040; x_wconf 81' lang='lat' dir='ltr'>f.</span> <span class='ocrx_word' id='word_1_355' title='bbox 1411 2981 1484 3029; x_wconf 88' lang='lat' dir='ltr'>ed.</span> 
     </span>
    </p>
   </div>
  </div>
 </body>
</html>
