2014 3226
176 137 279 188 126
640 134 871 178 DONATI
903 133 1181 176 INTERPR.
1216 132 1393 177 VERG.

283 275 479 322 Interea
520 290 629 322 cum
669 274 861 321 videret
891 274 1085 321 Aeneas
1118 274 1286 335 parari
1319 274 1618 334 convivium,
1651 287 1701 320 se
1731 274 1867 322 intra

171 354 302 397 tecta
342 352 573 397 vocatum
613 363 715 396 esse
757 363 867 395 cum
907 349 1031 409 suis,
1069 349 1214 395 tanta
1252 349 1450 395 nomine
1490 363 1751 394 munerum
1789 362 1866 395 so-

173 424 260 470 ciis
301 424 452 470 missa
492 425 640 483 atque
681 423 848 469 omnia
889 437 990 469 esse
1029 422 1083 468 in
1121 424 1253 482 tuto,
1293 422 1540 481 rapidum,
1580 422 1762 482 inquit,
1801 422 1867 469 ad

86 503 169 541 645
190 499 331 544 navis
360 498 630 556 praemittit
667 494 901 550 Achaten,
942 495 1158 544 Ascanio
1196 497 1326 555 ferat
1361 496 1477 543 haee
1514 497 1769 555 ipsumque
1801 496 1867 542 ad

172 572 361 618 moenia
401 571 557 617 ducat.
634 570 714 616 hic
755 568 815 616 ab
855 571 917 616 iis
959 570 1046 630 qui
1083 585 1257 618 verum
1294 569 1603 616 intellectum
1642 584 1741 616 non
1781 567 1865 616 ad·
1912 586 1932 619 5

172 646 372 691 vertunt
419 644 637 691 exoritur
686 645 932 704 quaestio,
978 645 1096 705 quia
1136 643 1262 690 dixit
1307 643 1587 704 praemittit
1624 642 1866 702 Achaten,

172 734 281 765 cum
320 719 426 778 ipse
467 720 722 764 secuturus
761 733 861 764 non
894 720 1035 778 esset,
1067 719 1117 765 et
1146 719 1328 779 putant
1358 719 1411 764 in
1445 732 1500 764 eo
1535 731 1638 764 esse
1669 717 1863 764 vitium.

173 793 257 838 alii
314 791 484 838 dicunt
538 790 769 852 rapidum
823 807 944 852 prae
994 791 1135 839 valde
1181 790 1414 852 rapidum
1459 790 1865 854 intellegendum,

171 866 262 912 hoc
295 868 368 912 est
401 867 520 912 satis
553 865 772 912 velocem
804 866 975 913 mittit.
1033 865 1117 913 sed
1148 868 1417 926 utrumque
1448 880 1547 912 non
1573 866 1648 912 est
1671 880 1864 924 verum3

170 955 286 986 nam
325 955 376 986 re
415 955 533 986 vera
571 939 853 1001 praemittit
890 939 1090 1001 proprie
1130 942 1179 986 et
1217 940 1490 987 necessarie
1525 939 1745 1000 positum
1778 939 1863 986 est.
1891 956 1934 988 ιο

168 1012 438 1076 urgebatur
478 1014 609 1060 enim
647 1013 842 1061 Aeneas
879 1014 1083 1076 pietatis
1122 1014 1338 1073 ratione,
1376 1015 1434 1060 ut
1472 1012 1664 1061 videret
1702 1014 1863 1059 matu-

167 1089 269 1134 rius
309 1086 480 1148 filium,
520 1087 665 1135 rebus
699 1088 888 1135 scilicet
917 1089 970 1134 in
1001 1090 1110 1134 tuto
1144 1087 1428 1149 conlocatis,
1460 1086 1733 1151 urgebatur
1764 1086 1866 1133 alia

171 1177 364 1222 quoque
405 1176 575 1222 causa3
614 1178 731 1209 nam
772 1177 884 1209 cum
923 1161 1074 1209 vellet
1114 1162 1284 1223 aliqua
1322 1177 1529 1210 munera
1567 1160 1753 1208 Didoni
1793 1161 1864 1208 of-

167 1235 318 1295 ferre,
357 1235 660 1296 oportunum
699 1238 918 1297 tempus,
960 1235 1090 1297 quod
1128 1235 1383 1284 tradendis
1422 1234 1709 1283 muneribus
1750 1236 1866 1282 ante

167 1309 341 1356 horam
387 1308 604 1357 convivii
659 1324 762 1357 esse
818 1309 1010 1371 debuit,
1064 1309 1267 1357 nolebat
1321 1311 1572 1357 amittere:
1634 1308 1864 1370 rapidum
1889 1324 1931 1357 15

169 1399 283 1444 ergo
324 1381 552 1431 Achaten
590 1383 871 1445 praemisit,
918 1383 1011 1432 hoc
1051 1386 1127 1431 est
1164 1383 1416 1431 mandatis
1455 1384 1755 1431 instructum
1794 1385 1864 1444 ut,

170 1460 437 1518 antequam
468 1457 812 1519 pranderetur,
842 1457 1035 1505 veniret
1067 1461 1116 1505 et
1148 1457 1400 1505 celeritate
1432 1457 1619 1505 reditus
1652 1456 1863 1518 prandio

168 1533 437 1592 praevento
477 1547 687 1578 munera
727 1534 970 1594 oportune
1009 1532 1262 1593 perferret.
1325 1531 1540 1580 Ascanio
1581 1532 1711 1578 ferat
1741 1531 1865 1578 haec

167 1604 426 1666 ipsumque
476 1605 542 1653 ad
586 1607 783 1654 moenia
830 1605 991 1654 ducat.
1070 1607 1227 1653 ommis
1270 1607 1325 1653 in
1363 1603 1580 1654 Aseaiiio
1627 1607 1732 1653 cari
1769 1607 1867 1652 stat

168 1693 289 1726 cura
317 1681 567 1738 parentis:
607 1695 805 1727 securus
845 1680 904 1727 de
945 1679 1172 1728 omnibus
1206 1679 1405 1727 effectus
1438 1679 1631 1728 Aeneas
1664 1679 1723 1726 de
1756 1678 1861 1727 solo
1887 1696 1931 1729 20

167 1752 268 1799 iam
313 1752 526 1800 videndo
573 1753 676 1802 filio
724 1753 991 1816 cogitabat.
1071 1753 1282 1815 denique
1328 1753 1464 1802 misit
1511 1755 1599 1815 qui
1646 1753 1691 1800 ei
1738 1769 1863 1800 nun-

166 1827 318 1873 tiaret
373 1842 499 1887 quae
552 1831 841 1891 gererentur
891 1830 940 1875 et
985 1828 1123 1875 misit
1170 1843 1284 1875 eum
1330 1827 1390 1874 de
1438 1827 1576 1875 cuius
1622 1826 1862 1876 relatione

168 1915 266 1947 non
306 1899 557 1948 dubitaret
594 1900 852 1950 Ascanius,
929 1900 1257 1964 probamenta
1297 1903 1465 1950 autem
1501 1903 1642 1949 tutae
1683 1900 1862 1949 securi-

168 1975 289 2020 tatis
336 1973 414 2020 his
459 1974 656 2024 indiciis
703 1977 926 2036 fuerunt,
974 1976 1109 2038 quod
1154 1992 1264 2024 eum
1310 1979 1454 2038 pater
1502 1975 1565 2023 ad
1605 1991 1655 2023 se
1693 1974 1861 2024 venire

167 2047 442 2109 praecepit,
482 2049 634 2098 solius
675 2051 807 2097 enim
844 2052 1151 2098 remanserat
1190 2065 1322 2111 cura,
1357 2051 1478 2112 quia
1517 2048 1861 2111 conspectibus
1885 2066 1929 2099 25

114 2116 116 2118 ’
167 2120 324 2182 patris
369 2121 534 2170 fuerat
582 2125 856 2185 separatus.
931 2139 1139 2172 munera
1174 2128 1434 2183 praeterea
1471 2124 1651 2172 Iliacis
1699 2126 1861 2182 erepta

167 2196 329 2242 ruinis
365 2196 495 2254 ferre
531 2197 683 2244 iubet:
722 2198 984 2260 multiplex
1021 2197 1245 2246 laudatio
1281 2213 1555 2260 munerum,
1590 2213 1716 2259 quae
1746 2212 1859 2259 pro·

167 2268 375 2329 perabat
420 2269 613 2318 Aeneas
668 2275 782 2319 ante
837 2272 1018 2320 initum
1073 2273 1356 2320 convivium
1410 2271 1551 2333 dare,
1612 2287 1749 2333 nam,
1803 2273 1860 2318 ut

289 2414 311 2453 1
345 2410 525 2454 Aeneae
555 2410 598 2454 R
636 2425 750 2455 corr.
783 2427 818 2456 r.
943 2418 967 2455 2
1007 2414 1190 2457 nomine
1226 2413 1313 2456 LR
1350 2414 1540 2457 nomina
1577 2427 1601 2456 r
1643 2413 1860 2456 varietate

168 2469 238 2512 ed.
347 2473 374 2512 3
406 2471 562 2514 omnia
593 2484 682 2515 esse
712 2485 799 2514 om.
827 2470 898 2520 ed.
1018 2476 1044 2515 5
1075 2473 1147 2516 his
1176 2471 1263 2515 LR
1295 2472 1366 2516 ed.
1399 2473 1458 2516 iis
1488 2485 1573 2515 nos
1606 2471 1662 2515 cf.
1698 2475 1799 2516 637.

168 2533 193 2572 6
226 2528 339 2572 dicit
368 2528 439 2571 ed.
564 2533 588 2572 7
620 2534 733 2573 ει-
751 2533 778 2572 8
810 2530 971 2575 dicant
1001 2543 1088 2574 om.
1115 2531 1186 2576 ed.
1324 2535 1351 2574 8
1383 2531 1601 2588 rapidum
1624 2544 1743 2588 prae
1772 2529 1859 2572 LR
1946 2567 1952 2572 .

167 2586 242 2642 (cf.
277 2585 487 2630 Servium
523 2586 613 2632 hoc
650 2587 754 2632 loco
793 2590 842 2633 et
880 2594 929 2644 6,
954 2591 1058 2647 382)
1090 2590 1426 2647 praerapidum
1463 2605 1488 2633 r
1528 2605 1566 2635 r.
1591 2603 1682 2646 pro
1725 2589 1795 2633 ed.

168 2649 194 2689 9
224 2646 302 2691 sed
319 2672 374 2678 -
395 2650 450 2690 10
473 2649 732 2702 praemittit
763 2661 852 2691 om.
879 2648 971 2692 ed.:
1005 2649 1183 2706 optimo
1216 2663 1326 2707 ergo
1358 2651 1520 2694 tenore
1550 2648 1770 2693 restituta
1801 2661 1858 2692 ex

167 2705 300 2748 codd.
339 2704 668 2762 interpretatio
716 2705 922 2751 decurrit
967 2709 1015 2751 et
1059 2707 1244 2752 irritum
1290 2709 1363 2753 est
1409 2708 1534 2764 quod
1582 2710 1630 2752 et
1675 2721 1761 2764 ego
1810 2708 1858 2750 et

166 2763 448 2808 Burckasius
488 2766 536 2809 et
573 2764 787 2822 Hoppius
824 2765 1063 2810 Donatum
1107 2767 1196 2811 hoc
1242 2767 1344 2812 loco
1386 2766 1626 2812 socordiae
1665 2778 1856 2811 accusar-

165 2822 328 2867 vimus.
425 2827 479 2867 18
505 2829 751 2880 praevento
782 2823 870 2868 LR
898 2837 994 2870 non
1016 2828 1337 2882 praeveniente
1367 2826 1440 2871 ed.
1470 2827 1476 2883 Ι
1496 2827 1751 2883 praeferret
1781 2825 1853 2869 ed.-

257 2885 314 2925 20
343 2895 394 2926 so
422 2881 465 2926 R
494 2883 588 2928 solo
617 2897 642 2926 r
665 2904 721 2921 =
745 2882 795 2928 L.
904 2888 960 2928 24
992 2886 1111 2930 enim
1141 2885 1183 2930 R
1214 2900 1315 2931 eam
1345 2900 1369 2929 r
1393 2906 1448 2924 ==
1474 2885 1523 2930 L.
1624 2889 1680 2929 25
1711 2885 1856 2930 solius

168 2965 223 2973 ——
241 2945 298 2985 26
328 2946 569 2997 separatus
601 2941 808 2998 eorrupit
839 2941 910 2987 ed.
