2014 3226
771 145 1147 206 :PROOEMIUM
1784 147 1818 198 3

122 307 217 338 non
259 290 443 350 potuit,
491 287 800 348 perditisque
841 287 1016 347 opibus
1056 286 1219 348 regni,
1266 287 1411 334 tanta
1450 290 1500 333 et
1538 287 1643 334 illic
1685 287 1818 348 apud

123 364 269 410 Ilium
310 365 360 409 et
399 378 512 409 cum
550 361 761 424 genitali
800 361 904 408 solo
945 359 1230 407 truderetur
1270 375 1373 408 esse
1412 376 1714 421 perpessum,
1755 363 1815 408 ut

122 437 274 485 cuivis
322 435 554 483 credibile
601 450 705 483 esse
752 436 911 496 possit
965 435 1091 481 talia
1130 434 1275 480 illum
1315 450 1414 482 non
1453 435 1605 482 fuisse
1644 450 1816 497 passu-

120 527 250 569 rum,
306 510 402 557 nisi
455 511 561 556 iure
610 508 725 556 deos
774 510 932 555 omnis
979 507 1235 555 habuisset
1283 508 1511 567 infestos,
1560 508 1693 570 quod
1743 514 1818 556 est

78 602 97 636 5
121 584 295 647 procul
327 583 479 630 dubio
520 584 855 642 criminosum,
895 584 944 629 et
985 583 1071 643 qui
1110 581 1179 629 sic
1219 582 1378 629 vitam
1418 598 1561 630 suam
1601 582 1817 642 duxerit,

119 661 177 706 ut
223 658 507 719 displiceret
554 655 781 704 omnibus
828 657 1043 718 superis,
1091 656 1387 717 nullumque
1435 657 1700 718 fautorem,
1754 673 1815 703 ne

118 734 280 794 ipsum
327 731 527 794 quidem
575 746 723 778 avum
772 746 916 778 suum
955 730 1123 778 Iovem
1166 729 1350 778 habere
1389 731 1606 778 valuerit
1623 767 1817 779 .......

118 808 301 869 purgat
340 821 456 868 ergo
495 805 618 852 haec
657 805 783 851 mira
815 807 922 852 arte
951 803 1222 867 Vergilius,
1255 807 1305 850 et
1342 820 1439 851 non
1480 807 1677 852 tantum
1717 805 1815 852 col-

117 881 247 928 lecta
285 881 337 926 in
376 880 551 941 primis
592 878 837 938 versibus,
885 882 942 925 ut
979 894 1093 925 mox
1133 878 1411 939 apparebit,
1451 894 1618 926 verum
1663 880 1816 926 etiam

54 973 95 1005 ιο
119 969 291 1016 sparsa
329 969 419 1015 per
458 953 616 1000 omnis
655 952 809 1000 libros
847 951 1118 1000 excusabili
1150 952 1446 1012 adsertione,
1479 955 1542 1013 et,
1577 952 1708 1014 quod
1740 955 1817 1000 est

118 1028 295 1076 summi
335 1028 570 1086 oratoris,
611 1026 873 1074 confitetur
910 1027 1009 1074 ista
1049 1042 1174 1088 quae
1223 1028 1398 1089 negari
1443 1042 1541 1074 non
1580 1029 1816 1088 poterant

117 1106 167 1149 et
206 1104 503 1150 summotam
542 1100 941 1148 criminationem
981 1101 1228 1148 convertit
1267 1102 1319 1148 in
1359 1100 1572 1162 laudern,
1603 1103 1661 1148 ut
1698 1100 1813 1148 inde

116 1177 318 1224 Aenean
365 1175 637 1237 multiplici
683 1176 878 1222 ratione
926 1175 1251 1236 praecipuum
1305 1175 1533 1222 redderet
1582 1175 1710 1222 unde
1760 1176 1815 1222 in

115 1252 278 1312 ipsum
318 1251 486 1311 posset
525 1248 823 1297 obtrectatio
864 1249 1139 1297 convenire.
1210 1250 1383 1310 itaque
1417 1251 1666 1310 conponit,
1699 1264 1814 1308 non,

51 1341 91 1374 15
115 1327 171 1371 ut
224 1325 314 1371 alii
366 1325 571 1385 putant,
620 1324 852 1372 carminis
905 1325 1076 1385 caput,
1125 1322 1233 1383 sed,
1280 1325 1338 1370 ut
1385 1339 1473 1371 nos
1521 1323 1812 1383 adserimuS,

115 1399 348 1446 carminis
394 1397 563 1445 thema
609 1399 754 1446 tanta
792 1397 1074 1446 subtilitate
1114 1398 1260 1456 artis,
1299 1399 1357 1444 ut
1394 1399 1447 1444 in
1487 1397 1679 1458 eodem,
1718 1397 1812 1445 hoc

115 1475 189 1520 est
234 1474 288 1520 in
335 1472 440 1519 eius
486 1471 755 1532 brevitate,
803 1471 1123 1519 latitudinem
1170 1486 1405 1534 magnam
1451 1471 1610 1518 futuri
1649 1474 1811 1534 operis

114 1546 487 1594 demonstraret.
566 1545 880 1594 commendat
925 1545 977 1593 in
1022 1546 1186 1607 prima
1224 1545 1565 1608 propositione
1613 1561 1813 1594 carmen

116 1636 259 1669 suum
305 1636 667 1683 personamque
716 1622 822 1668 eius
870 1622 920 1668 et
965 1622 1108 1683 gesta
1156 1635 1304 1681 quem
1349 1619 1663 1683 purgandum
1703 1621 1810 1669 lau-

19 1712 90 1744 .2o
113 1694 428 1756 dandumque
475 1696 762 1756 susceperat
798 1695 1046 1756 simulque
1085 1695 1306 1756 partitur
1344 1694 1467 1756 quid
1511 1694 1642 1754 fato,
1690 1694 1812 1756 quid

113 1771 250 1817 extra
288 1769 449 1816 fatum
487 1782 750 1831 perpessus
790 1770 871 1829 sit,
904 1768 1159 1816 subtiliter
1196 1769 1479 1817 monstrans
1521 1783 1647 1830 quae
1680 1768 1808 1816 acci-

113 1842 238 1891 dunt
275 1843 382 1891 fato
420 1842 607 1892 nullius
646 1857 791 1904 posse
829 1842 1019 1890 viribus
1067 1843 1316 1906 superari,
1363 1841 1667 1904 perindeque
1709 1858 1810 1891 non

112 1932 214 1965 esse
252 1916 390 1966 illius
430 1917 629 1978 crimen,
663 1917 705 1965 si
744 1931 1027 1980 expugnare
1065 1917 1174 1964 fata
1212 1933 1314 1964 non
1351 1916 1528 1978 valuit,
1559 1917 1651 1965 illa
1687 1932 1807 1966 vero

114 2007 239 2052 quae
286 1994 426 2039 extra
471 1992 632 2039 fatum
678 1990 1046 2053 inponebantur
1091 1989 1469 2039 adversantibus
1517 1990 1711 2054 superis
1759 1994 1810 2038 et

46 2081 90 2115 25
114 2063 302 2114 Iunone
349 2065 597 2128 patientia
642 2066 694 2113 et
739 2066 926 2113 virtute
974 2064 1127 2112 animi
1177 2065 1521 2114 transmisisse.
1613 2064 1810 2113 nullum

112 2139 302 2188 interea
340 2139 538 2188 Aeneae
577 2139 792 2202 speciale
830 2140 1064 2187 meritum
1102 2139 1254 2188 fuisse
1294 2139 1526 2198 ostendit,
1564 2141 1625 2187 ut
1661 2138 1809 2188 Iuno-

112 2229 223 2261 nem
260 2212 508 2276 primitus,
547 2213 724 2262 dehinc
762 2214 922 2262 omnis
961 2213 1077 2262 deos
1118 2214 1326 2261 sentiret
1363 2213 1604 2262 inimicos.
1689 2230 1808 2261 nam

113 2290 162 2334 et
191 2287 431 2336 Iunonem
470 2287 684 2336 strictim
720 2288 772 2335 in
812 2287 1032 2335 themate
1069 2289 1195 2349 ipsc,
1227 2287 1380 2336 latius
1420 2289 1588 2336 autem
1617 2289 1670 2335 in
1702 2303 1808 2336 car-

110 2362 242 2409 mine
272 2361 459 2411 frustra
490 2361 725 2411 adversus
750 2361 954 2410 Aenean
985 2360 1276 2410 inimicitias
1308 2363 1580 2424 suscepisse
1610 2365 1661 2410 et
1689 2360 1806 2429 deos

238 2552 258 2589 1
291 2546 570 2604 perditisque
600 2546 688 2590 LR
719 2561 803 2603 que
834 2561 922 2590 om.
956 2547 1028 2591 ed.
1122 2551 1148 2589 3
1181 2547 1311 2590 illum
1345 2547 1430 2590 LR
1462 2547 1610 2590 Ilium
1642 2546 1712 2590 ed.

118 2609 140 2647 7
181 2609 290 2662 post
325 2607 523 2651 valuerit
557 2606 756 2651 lacunae
796 2606 933 2664 signa
969 2606 1128 2663 posui,
1174 2605 1288 2663 quia
1326 2611 1370 2650 et
1406 2606 1488 2663 qui
1527 2620 1631 2650 cum
1672 2610 1806 2650 ante-

36 2667 50 2723 s,
112 2663 384 2708 cedentibus
416 2664 639 2722 coniungi
669 2679 763 2709 non
793 2668 964 2722 potest,
997 2665 1079 2709 sed
1112 2665 1174 2709 ad
1206 2665 1435 2722 apodosin
1467 2666 1653 2722 spectat
1681 2665 1805 2709 hanc

49 2731 53 2734 ·
111 2721 227 2767 fere:
284 2737 390 2768 eum
435 2738 529 2768 non
575 2724 770 2782 dignum
818 2727 1056 2769 auctorem
1100 2724 1268 2781 populi
1306 2723 1509 2768 Romani
1549 2723 1712 2768 videri.

114 2785 167 2824 12
202 2783 473 2842 summotas]
499 2784 868 2842 criminationes]
893 2783 936 2827 R
967 2797 1072 2829 cum
1104 2796 1194 2828 ras.
1293 2787 1479 2828 16—17
1510 2783 1594 2829 hoc
1622 2788 1687 2828 est
1716 2783 1805 2826 LR.

110 2846 175 2884 est
206 2854 293 2886 om.
328 2842 399 2886 ed.
533 2846 587 2887 19
619 2843 717 2887 eius
746 2841 835 2886 LR
864 2857 997 2888 suam
1027 2842 1098 2887 ed.
1127 2844 1135 2899 Ι
1161 2857 1294 2899 quem
1323 2842 1412 2886 LR
1441 2843 1540 2887 eius
1568 2856 1699 2899 quem
1729 2842 1800 2886 ed.

111 2903 255 3001 LR22
288 2902 533 3003 viv-tutatus
563 2901 633 2945 ed.
664 2903 671 2958 Ι
696 2902 886 2958 perinde
915 2902 1036 2958 quod
1066 2914 1163 2946 mm
1193 2906 1303 2947 esset
1334 2901 1406 2946 ed.
1499 2905 1555 2946 27
1583 2902 1804 2958 primv’tus

225 2973 361 3016 prcus
391 2973 416 3004 e
453 2995 462 3004 .

1388 3035 1446 3079 10
