2014 3226
767 139 1070 184 AENEIDos
1101 140 1165 183 111
1711 142 1823 195 275

126 283 338 329 mestore
386 283 436 327 et
474 281 604 329 Anio
645 280 896 341 Vergilius
943 282 1113 342 posuit
1158 280 1320 327 malae
1359 279 1613 342 bonaeque
1656 282 1822 328 amici-

34 402 35 405 ,
126 356 249 413 tiae,
297 354 474 417 quibus
521 355 745 402 homines
793 356 871 402 vel
920 371 949 402 a
995 355 1222 416 pessimis
1272 353 1462 401 actibus
1500 358 1703 403 revocat
1742 356 1823 403 vel

36 423 37 465 Ῐ
126 429 354 477 hortatur
416 428 479 475 ad
540 429 708 476 bonos.
798 430 1046 488 iungamus
1099 430 1302 488 hospitio
1358 429 1554 476 cleoetras
1609 433 1652 476 et
1704 432 1823 476 tecta

38 488 41 533 ἶ
125 504 366 550 subimus:
419 504 619 564 merito,
659 503 848 563 inquit,
895 505 1054 565 patris
1099 503 1196 549 mei
1237 518 1346 550 cum
1386 501 1612 550 omnibus
1655 502 1822 550 amiei-

36 539 43 670 )
82 590 101 622 5
124 578 249 624 tiam
289 578 451 623 iunxit
491 580 540 624 et
578 579 836 624 universos
875 576 1070 624 induxit
1107 576 1160 623 in
1200 577 1412 624 domum.
1493 576 1551 623 de
1589 576 1822 624 exhibitis

37 679 41 710 ,
126 651 376 698 alimoniis
416 652 597 698 tacuit:
639 650 722 712 qui
765 652 894 697 enim
936 651 1149 698 occurrit
1187 649 1513 710 venientibus,
1555 652 1642 711 qui
1681 650 1835 697 duxit.

35 715 39 748 ¹
123 726 176 771 in
210 725 411 772 domum
443 724 609 772 officia
641 739 836 787 quoque
869 725 1046 786 plenae
1078 724 1406 771 humanitatis
1439 724 1653 785 inplesse
1685 740 1822 772 mon-

21 752 35 871 (
125 798 393 846 strabatur.

21 932 22 936 Ἰ
240 873 442 932 Templa
473 874 550 920 dei
580 887 700 921 saxo
731 871 1002 921 venerabar
1033 876 1216 920 structa
1247 875 1452 918 vetusto:
1489 887 1613 933 opus
1648 872 1832 933 templi

22 952 24 970 ¹
59 961 101 992 ιο
124 946 388 995 vetustatis
434 948 628 994 ratione
674 946 922 1008 laudavit3
986 946 1222 1010 quicquid
1269 945 1400 993 enim
1445 948 1587 993 vetus
1641 945 1833 994 dicitur

124 1036 214 1068 nec
260 1023 428 1068 tamen
475 1022 779 1082 antiquitate
826 1023 1059 1069 vexatum
1107 1025 1182 1069 est
1230 1022 1379 1081 atque
1425 1020 1668 1066 inlaesum
1712 1036 1821 1081 per-

123 1097 294 1142 manet
323 1095 497 1156 procul
530 1095 678 1142 dubio
710 1111 946 1159 magnum
979 1099 1064 1143 est.
1118 1097 1183 1143 da
1206 1095 1479 1154 propriam,
1509 1094 1820 1154 Thymbraee,
1854 1099 1910 1138 85

124 1169 340 1223 domum,
389 1169 454 1216 da
499 1171 691 1216 moenia
737 1170 880 1228 fessis
928 1173 970 1218 et
1013 1185 1165 1231 yenus
1213 1172 1255 1216 et
1299 1181 1589 1215 mansuram
1638 1169 1820 1223 urbem,

123 1256 265 1290 serva
304 1244 459 1291 altera
502 1243 677 1291 Troiae
714 1243 978 1304 Pergama,
1018 1245 1252 1304 reliquias
1290 1243 1527 1290 Danaum
1570 1244 1710 1301 atque
1748 1243 1822 1288 vin-

24 1312 31 1315 ’
58 1328 99 1362 15
123 1318 254 1364 mitis
284 1316 479 1364 Achilli.
540 1332 679 1376 quem
709 1319 990 1378 sequimur?
1029 1332 1180 1378 quove
1216 1319 1288 1364 ire
1324 1315 1494 1364 iubes?
1533 1316 1617 1362 ubi
1642 1329 1823 1374 ponere

123 1391 290 1439 sedes?
349 1391 428 1446 da,
462 1395 621 1451 paler,
663 1394 930 1452 auyuriwm
969 1396 1110 1452 atque
1150 1391 1329 1439 animis
1367 1389 1582 1437 ¹inlabere
1619 1391 1822 1437 nostris:

125 1466 316 1512 occasio
357 1466 458 1512 fuit
495 1467 552 1512 ut
592 1482 650 1512 ex
681 1481 916 1528 responso
949 1466 1200 1528 Apollinis
1231 1465 1538 1527 purgaretur·
1562 1463 1820 1524 scrupulus

125 1539 210 1600 qui
250 1539 575 1587 Troianorum
618 1541 808 1588 animos
847 1540 1163 1589 vehementer
1202 1538 1438 1602 angebat,
1488 1538 1605 1598 quia
1642 1538 1821 1584 incerti

122 1613 177 1660 in
216 1613 444 1661 omnibus
485 1614 683 1662 fuerant
722 1630 812 1662 nec
852 1614 1075 1663 sciebant
1115 1631 1211 1676 quo
1250 1612 1511 1661 tenderent
1549 1625 1639 1658 nec
1670 1627 1818 1659 nove·

55 1698 100 1732 20
122 1689 238 1739 rant
275 1687 362 1734 ubi
402 1690 588 1735 certam
628 1688 793 1736 sedem
832 1689 1015 1736 habere
1054 1689 1355 1750 potuissent3
1395 1685 1465 1734 sic
1505 1685 1637 1732 enim
1676 1700 1820 1746 supe-

121 1763 224 1810 rius
266 1754 348 1828 (4)
390 1761 536 1809 dixit:
585 1762 810 1822 „diversa
850 1763 1000 1811 exilia
1040 1766 1089 1810 et
1128 1763 1345 1810 desertas
1387 1774 1620 1821 quaerere
1658 1762 1819 1807 terras

123 1836 346 1899 auguriis
387 1835 583 1898 agimur
621 1836 790 1884 divum
829 1836 1008 1885 incerti
1047 1853 1145 1899 quo
1177 1837 1285 1883 fata
1317 1835 1494 1894 ferant,
1525 1833 1613 1880 ubi
1644 1834 1817 1880 sistere

122 1908 308 1956 detur“.
371 1910 593 1970 precatio
632 1912 790 1974 igitur
827 1910 1025 1959 Aeneae
1064 1912 1263 1972 plenam
1294 1910 1432 1956 tenet
1463 1906 1818 1954 desideriorum

121 1983 676 2046 manifestissimamque
722 1985 1017 2046 petitionem
1065 1988 1114 2032 et
1153 1987 1229 2032 est
1265 1983 1319 2031 in
1356 1980 1604 2030 brevitate
1643 1980 1817 2028 verbo-

53 2069 98 2102 25
121 2073 231 2104 rum
270 2060 439 2105 tamen
477 2058 736 2106 intellectu
775 2059 1044 2120 latissima3
1099 2058 1341 2107 sollicitus
1383 2054 1567 2118 quippe
1608 2054 1816 2117 diligen-

66 2181 70 2183 *
121 2131 440 2194 tissimusque
487 2133 740 2180 consultor
786 2135 955 2180 omnia
1001 2131 1246 2195 conplecti
1293 2130 1465 2178 debuit
1513 2128 1706 2190 paucis,
1760 2131 1818 2176 ut

123 2207 323 2268 accepto
368 2206 515 2268 plene
561 2222 797 2268 responso
846 2207 996 2255 semel
1042 2208 1096 2254 in
1143 2205 1370 2254 omnibus
1416 2202 1704 2251 redderetur
1741 2203 1816 2249 in-

122 2279 369 2328 structior.
447 2280 511 2327 da
548 2280 806 2342 propriam
844 2281 1152 2343 Thymbraee
1192 2280 1414 2328 domum:
1466 2276 1531 2324 da
1568 2275 1817 2340 significat

122 2353 324 2401 ostende
371 2370 498 2415 quae
544 2354 687 2402 nobis
732 2355 903 2403 futura
942 2355 1010 2402 sit
1047 2354 1236 2402 domus.
1315 2351 1508 2401 addidit
1545 2349 1815 2412 propriam,

38 2437 99 2478 ÷to
119 2442 181 2474 ne
219 2427 338 2476 talis
369 2430 623 2476 teneretur
654 2444 804 2490 quam
835 2430 1018 2476 iterum
1049 2427 1328 2490 perderent,
1361 2427 1488 2475 sicut
1517 2425 1571 2471 in
1603 2424 1816 2471 Thracia

120 2500 310 2548 factum
349 2504 436 2550 est.
514 2502 578 2549 da
617 2492 813 2550 moenia
853 2503 995 2550 fessis
1036 2505 1085 2550 et
1122 2504 1376 2564 paratam,
1414 2499 1600 2560 inquit,
1639 2498 1814 2546 civita-

120 2575 245 2622 tem:
285 2576 520 2638 quoniam
560 2577 703 2624 fessis
742 2592 924 2624 novam
963 2575 1170 2624 condere
1211 2575 1562 2624 difficillimum
1602 2573 1690 2619 est.
1765 2573 1815 2618 et

29 2703 31 2709 Ι
121 2663 291 2712 genus,
323 2650 512 2698 scilicet
551 2653 875 2714 augmentum
915 2650 1124 2714 generis,
1155 2649 1287 2712 quod
1327 2665 1386 2698 ex
1422 2645 1640 2696 maxima
1670 2646 1813 2707 parte

29 2760 58 2832 ξ(
238 2779 268 2818 4
299 2776 388 2819 mei
417 2775 504 2819 ΕΒ.
533 2790 590 2820 m.
624 2789 705 2820 rex
737 2775 807 2820 ed.
915 2780 969 2819 12
1002 2776 1234 2832 thymbrae
1263 2774 1351 2818 LR
1381 2787 1495 2818 corr.
1518 2787 1556 2816 r.
1658 2775 1712 2814 16
1746 2771 1813 2814 la-

31 2842 43 2858 ⁵
121 2831 220 2876 bere
250 2832 338 2877 LR
367 2834 553 2878 illabere
581 2849 616 2879 r.
802 2838 856 2877 19
891 2849 974 2879 nee
1002 2836 1203 2880 sciebant
1232 2834 1319 2878 LR
1355 2832 1614 2877 nesciebant
1650 2829 1722 2874 ed.

31 2869 46 2913 ἶ
122 2895 178 2935 23
204 2894 442 2948 praecatio
471 2893 558 2936 LR
583 2894 819 2950 praefatio
850 2893 921 2938 ed.
967 2893 973 2953 Ι
1022 2894 1136 2939 teuit
1164 2893 1265 2937 LR.
1403 2896 1461 2935 24
1490 2895 1532 2935 et
1562 2894 1626 2934 est
1654 2888 1742 2932 LR
1772 2893 1815 2933 et

122 2963 211 2994 om.
244 2951 315 2996 ed.
438 2956 494 2996 28
525 2953 771 3010 thybraeae
800 2952 899 2996 LR.
1022 2957 1078 2997 29
1103 2953 1303 3010 propria
1332 2951 1369 2995 L
1394 2949 1638 3007 propriam
1666 2947 1721 2992 R.

1368 3023 1455 3067 18*
