2014 3226
36 628 47 914 ἔ

33 925 43 1036 l

846 154 1147 199 AENEIDOS
1182 155 1243 197 [v
1786 160 1891 209 365

208 311 314 343 eam
356 294 640 356 patiebatur
678 292 780 340 ullo
821 295 872 340 in
912 294 1019 342 loco
1061 296 1347 354 consistere,
1399 298 1455 342 ut
1494 299 1701 359 vaganti
1739 300 1893 345 totius

207 370 427 418 civitatis
468 383 565 415 non
605 367 884 415 sufficerent
925 370 1102 429 spatia.
1181 369 1266 416 dat
1305 369 1684 418 similitudinem
1731 375 1894 432 poeta,

208 445 264 490 ut
310 442 539 490 ostendat
585 440 998 502 quemadmodum
1045 458 1134 502 per
1180 446 1338 490 totam
1384 444 1555 491 urbem
1597 444 1725 492 Dido
1772 446 1893 492 fere-

207 516 356 564 batur
387 518 437 562 et
468 515 586 562 data
618 514 923 562 discurrendi
955 518 1221 564 necessitas
1263 518 1446 564 fuerat:
1486 519 1646 577 quales
1686 520 1894 567 coniecta

163 606 183 638 5
208 604 349 638 cerva
394 591 592 650 sayitta,
638 603 786 648 quam
823 589 997 647 procul
1039 591 1287 638 incautam
1327 606 1523 639 nemora
1562 593 1686 639 inter
1727 592 1893 642 Cresia
1929 600 1982 639 70

207 664 315 723 fixit
343 667 518 723 pastor
555 676 703 723 ayens
741 663 846 710 telis
876 663 1104 723 liquitque
1133 665 1324 712 volatile
1353 667 1541 724 ferrum
1572 668 1776 723 nesciuS,
1806 668 1895 715 illa

206 740 330 798 fuya
367 738 519 785 silvas
558 737 807 796 saltusque
836 741 1075 796 peragrat
1104 739 1344 791 Dictaeos,
1376 740 1538 787 haeret
1569 742 1707 788 lateri
1738 741 1895 788 letalis

206 811 457 859 harwndo:
496 811 740 859 Didonem
773 813 1065 872 conparavit
1097 828 1282 872 cervae,
1315 812 1466 861 silvas
1498 815 1708 874 civitati,
1740 815 1894 862 mobi-

208 885 404 932 litatem
436 901 609 934 cervae
637 884 846 933 Didonis
879 884 1195 947 discursibus,
1228 887 1465 948 sagittam
1497 890 1711 948 pastoris
1744 887 1922 952 sagit-'

143 977 185 1008 10
208 962 292 1007 tae
318 958 589 1021 Cupidinis,
614 960 866 1020 pastorem
891 957 1139 1020 Cupidini,
1164 976 1362 1008 cursum
1393 961 1694 1009 inefficacem
1723 978 1895 1010 cervae

210 1049 319 1081 cum
359 1033 568 1081 Didonis
617 1034 828 1080 errantis
876 1032 1198 1081 inmoderatis
1247 1034 1564 1082 anfractibus.
1642 1036 1895 1084 subtracto

209 1107 551 1156 similitudinis
589 1107 736 1154 istius
775 1109 915 1154 textu
955 1107 1288 1168 superioribus
1328 1108 1563 1156 inferiora
1600 1110 1895 1173 iunguntur:

209 1181 398 1228 dictum
438 1184 512 1229 est
551 1181 682 1228 enim
720 1180 883 1228 uritur
919 1181 1093 1228 infelix
1125 1181 1255 1230 Dido
1291 1186 1500 1243 totaque
1532 1187 1746 1246 vagatur
1776 1183 1896 1232 urbe

208 1255 396 1318 furens,
444 1256 720 1303 conectitur
764 1270 895 1304 nunc
940 1256 1101 1303 media
1138 1255 1341 1304 Aenean
1386 1271 1546 1304 secum
1575 1272 1670 1316 per
1706 1260 1898 1306 moenia

143 1346 186 1380 15
209 1330 342 1378 ducit
385 1327 736 1390 [Sidoniasque
781 1332 985 1378 ostentat
1029 1343 1139 1389 opes
1185 1331 1441 1391 urbemque
1476 1330 1742 1394 paratam]
1749 1349 1766 1379 .·
1826 1333 1895 1379 sic

209 1404 406 1451 furebat
444 1403 597 1464 Dido,
645 1405 714 1451 sic
760 1419 850 1464 per
886 1405 1046 1451 totam
1084 1403 1259 1452 urbem
1298 1404 1479 1453 amoris
1519 1406 1770 1468 exagitata
1810 1406 1897 1453 sti-

209 1477 360 1525 mulis
398 1477 666 1538 ferebatur,
704 1479 762 1525 ut
800 1493 830 1524 a
870 1480 970 1525 suis
1010 1478 1350 1540 conspectibus
1383 1478 1584 1526 Aenean
1623 1495 1720 1527 non
1759 1483 1896 1541 pate-

209 1554 346 1599 retur
392 1551 665 1600 abscedere.
743 1551 975 1612 ducebat,
1029 1553 1216 1613 inquit,
1271 1569 1382 1600 eum
1429 1567 1594 1600 secum
1645 1556 1794 1614 atque
1841 1556 1896 1600 ut

210 1627 315 1674 eius
354 1626 638 1687 praesentia
675 1641 775 1673 non
813 1626 1068 1674 videretur
1103 1641 1206 1674 esse
1238 1626 1500 1688 superflua,
1532 1626 1821 1675 ostendebat
1852 1628 1898 1674 ei

143 1717 188 1749 20
212 1698 442 1748 Sidonias
489 1715 606 1762 opes
653 1699 924 1762 urbemque
970 1702 1220 1762 paratam,
1273 1700 1585 1749 monstrabat
1628 1701 1672 1748 ei
1709 1700 1897 1763 'quibus

211 1775 443 1838 naufragi
482 1775 678 1822 animus
717 1776 768 1822 et
806 1774 866 1822 de
903 1773 1218 1822 institutione
1256 1776 1374 1823 novi
1405 1774 1643 1822 domicilii
1674 1776 1897 1839 cogitans

211 1849 324 1910 capi
368 1847 565 1896 facilius
612 1850 794 1910 posset.
874 1849 959 1910 qui
1006 1850 1137 1896 enim
1184 1864 1281 1896 non
1319 1850 1570 1897 teneretur
1607 1848 1899 1896 divitiarum

212 1922 490 1970 alienarum
534 1938 620 1984 spe
667 1924 717 1970 et
764 1921 961 1970 adfectu
1009 1922 1113 1970 eius
1153 1922 1288 1971 urbis
1329 1938 1475 1985 quam
1518 1923 1719 1971 alterius
1758 1922 1900 1970 labor

212 1997 263 2044 et
305 1997 550 2044 instantia
594 1995 942 2058 procurasset?
989 1996 1074 2045 sed
1111 1997 1204 2044 hoc
1242 2011 1332 2058 pro
1371 1997 1536 2045 animo
1575 1995 1785 2045 Didonis
1825 1998 1899 2043 est

144 2070 453 2132 sepositum:
485 2073 702 2118 ceterum
723 2070 919 2119 Aeneas
950 2085 1139 2118 amores
1171 2071 1275 2119 eius
1299 2070 1612 2132 furoremque
1636 2069 1898 2118 nesciebat.

210 2146 384 2204 incipit
421 2145 564 2204 effari
602 2146 854 2205 mediaque
890 2145 945 2192 in
981 2159 1091 2193 voce
1125 2145 1327 2193 resistit:
1381 2144 1596 2192 addebat
1634 2143 1698 2191 ad
1734 2158 1898 2191 moras

211 2217 495 2266 fabularum
532 2218 758 2266 inanium
794 2221 986 2267 textum
1023 2217 1311 2280 praecidens
1350 2218 1613 2267 verborum
1643 2218 1899 2266 continua-

211 2293 415 2352 tionem,
452 2294 511 2340 ut
547 2293 786 2355 loq-uendi
825 2292 988 2355 spatia
1026 2293 1270 2354 proferret
1307 2292 1360 2339 in
1398 2293 1615 2356 longum.
1688 2291 1898 2340 Iliacos-

212 2381 303 2426 que
354 2368 531 2415 iterwm
584 2367 777 2415 demens
831 2368 1005 2415 audire
1056 2366 1245 2414 labores
1306 2368 1536 2426 exposcit:
1596 2365 1899 2427 consumptis

144 2439 440 2490 aoomnibus
469 2441 856 2502 inventionibuS‚
886 2456 998 2489 cum
1029 2440 1131 2487 iam
1161 2439 1288 2488 nihil
1319 2442 1448 2488 esset
1480 2439 1612 2502 quod
1643 2438 1707 2487 ad
1735 2453 1899 2487 moras

333 2614 361 2654 4
392 2610 475 2655 dat
504 2609 591 2654 LR.
621 2611 734 2656 data
763 2609 908 2655 HOU
938 2609 1009 2654 ed.
1168 2614 1221 2653 12
1254 2614 1380 2654 textu
1411 2609 1497 2652 LR.
1526 2612 1737 2654 contextu
1767 2607 1839 2653 ed.

217 2674 272 2714 15
289 2669 594 2727 Sidoniasque
604 2675 885 2727 —paratum
900 2669 1060 2714 deest
1048 2682 1096 2714 111
1113 2667 1212 2722 LR,
1232 2669 1315 2713 sed
1332 2667 1606 2726 explicatur.
1684 2671 1738 2710 19
1755 2671 1899 2712 osten—

214 2727 1189 2774 debLinmbatcorrmanIIbantR.
1305 2729 1436 2772 20οί
1463 2725 1885 2784 quqibueLRea

213 2787 287 2832 ed.
409 2792 485 2832 21
482 2788 703 2846 cogitans
732 2787 819 2832 LR
849 2786 922 2832 ed.
953 2788 1225 2846 coqitantn‘s‘?
1353 2790 1409 2830 22
1441 2786 1522 2844 qui
1551 2787 1626 2842 (ι-
1650 2784 1900 2887 (ἓιωιιοὰο)

215 2845 303 2890 LR.
331 2847 537 2903 qui-ced.
638 2846 1271 2904 23eiproei’===eiusR.
1379 2844 1639 2890 25amon’s
1710 2842 1896 2912 Redi

213 2905 618 3010 &mummola-R.
647 2920 733 2963 que
762 2919 852 2950 om.
885 2905 956 2950 ed.
1138 2908 1194 2949 87
1225 2909 1396 2950 textum
1426 2903 1468 2947 R.
1497 2908 1658 2948 team
1678 2901 1725 2946 L
1762 2902 1900 2948 uuer-

206 2966 480 3021 positionem

1931 1339 1985 1379 75
