2014 3226
820 177 1119 221 AENEIDOS
1153 179 1193 221 V
1748 184 1855 233 469

174 316 303 377 quit,
360 315 463 362 eius
520 315 698 362 aetatis
748 332 845 377 qua
890 319 983 365 iste
1032 321 1105 365 est
1154 322 1202 366 et
1250 319 1289 365 si
1338 336 1433 367 non
1490 321 1586 367 iam
1642 322 1853 367 studium

107 446 112 450 ι
173 405 336 436 meum
384 391 630 436 senectuti
677 392 922 450 cessisset,
968 408 1065 438 non
1112 394 1263 439 istum
1311 395 1517 441 sinerem
1566 397 1707 441 tanta
1746 395 1855 441 ‹luci

174 462 436 521 dementia,
469 466 525 510 ut
565 479 615 510 se
657 479 713 509 ex
754 479 810 511 eo
844 465 1109 512 arbitretur
1140 468 1394 526 invictum,
1427 468 1543 528 quia
1576 467 1740 516 nullus
1773 470 1859 530 qui

174 551 285 584 cum
326 551 382 584 eo
423 539 577 584 certet
618 538 798 585 existit.
863 541 912 585 et
951 542 1070 599 quia
1102 540 1302 588 Acestes
1335 541 1459 588 dixit
1492 544 1723 601 „tantane
1756 545 1858 588 tam

130 612 370 672 5patiens
417 611 556 658 nullo
604 613 870 668 certamine
917 613 1030 659 tolli
1083 613 1209 660 dona
1262 611 1454 661 sines⁴?“
1509 617 1579 661 ait
1633 615 1860 662 Entellus

172 685 295 731 haut
321 684 544 745 equidem
580 687 741 746 pretio
770 685 1000 733 inductus
1032 687 1334 749 pulchroque
1368 690 1571 735 iuvenco
1607 689 1858 736 venissem.

173 758 236 805 ad
278 760 525 806 certamen
573 759 854 806 istiusmodi
900 760 1082 822 gloria,
1133 761 1316 822 inquit,
1364 779 1462 821 me,
1509 778 1606 809 non
1646 762 1859 823 pretium

172 834 468 893 provocaret
507 835 556 880 et
595 835 837 881 excitatus
877 834 926 880 in
969 838 1214 882 certamen
1254 836 1669 896 contemplatione
1702 836 1861 899 magis

173 906 336 954 laudis
359 922 617 969 pergerem
643 923 793 969 quam
818 910 1038 968 praemio
1065 912 1111 955 et
1138 909 1390 956 commodo
1415 909 1660 956 iudicarer
1692 911 1860 957 exisse.

108 995 150 1028 10
173 995 259 1028 mee
298 981 429 1028 dona
466 995 654 1029 moror:
691 997 781 1028 nec
811 984 979 1028 tamen
1013 981 1125 1028 doni
1161 984 1572 1044 contemplatione
1606 999 1743 1031 mora
1772 982 1860 1031 ali-

176 1070 275 1114 qua
330 1054 475 1101 debet
528 1055 726 1102 adferri.
804 1055 925 1102 haec
971 1055 1151 1103 idcirco
1204 1056 1260 1103 de
1317 1058 1494 1104 aetatis
1549 1058 1860 1104 excusatione

173 1130 446 1190 praemissa
500 1132 639 1189 sunt,
694 1131 751 1175 ut
798 1129 953 1177 Dares
1007 1146 1035 1177 a
1084 1130 1325 1193 longaevo
1379 1133 1491 1191 post
1543 1131 1860 1177 iactationem

173 1204 444 1250 maximam
483 1205 668 1250 maiore
708 1203 924 1250 ludibrio
963 1204 1215 1251 videretur
1254 1219 1526 1265 oppressus.
1588 1206 1658 1252 sic
1691 1203 1862 1252 deinde

175 1277 362 1324 loeutus
392 1278 446 1324 in
477 1278 691 1325 medium
718 1280 935 1338 geminos
973 1280 1165 1326 inmani
1187 1278 1403 1338 pondere
1434 1281 1619 1325 caestus
1642 1279 1863 1337 proiecit,

109 1365 150 1398 15
175 1351 350 1410 quibus
397 1365 509 1399 acer
546 1351 689 1412 Eryx
729 1353 784 1399 in
814 1352 1009 1411 proelia
1046 1355 1209 1400 suetus
1246 1354 1374 1413 ferre
1410 1366 1611 1399 manum
1649 1351 1862 1410 duroque

174 1425 421 1472 intendere
460 1426 687 1473 bracchia
725 1429 879 1486 tergm.-
924 1426 1012 1473 hos
1052 1428 1243 1474 caestus
1282 1425 1491 1487 protulit
1531 1425 1707 1486 quibus
1745 1439 1862 1472 usus

176 1501 252 1546 est
298 1499 456 1560 Eryx,
510 1499 563 1546 in
615 1499 710 1547 hoc
764 1515 941 1562 genere
995 1499 1278 1547 certaminis
1333 1499 1767 1546 exercitatissimus
1814 1500 1863 1545 et

175 1573 362 1620 virtute
410 1573 709 1634 praeclarus.
788 1575 1056 1634 obstipuere
1102 1575 1258 1622 animi
1302 1576 1568 1621 tantorum:
1621 1573 1672 1619 in
1719 1574 1863 1618 tanta

176 1647 499 1695 multitudine
537 1647 793 1695 hominum
833 1648 998 1695 nullus
1036 1648 1134 1695 fuit
1172 1664 1318 1710 quem
1357 1662 1454 1693 non
1486 1648 1658 1707 stupor
1688 1645 1746 1692 de
1778 1644 1860 1692 ad-

30 1742 40 1771 2‘
109 1735 153 1767 so
176 1721 442 1769 miratione
487 1723 743 1770 tenuisset.
820 1724 1036 1782 ingentia
1080 1724 1257 1782 septem
1303 1725 1434 1780 terya
1478 1721 1618 1767 boum
1647 1719 1847 1779 plumbo
1865 1721 1951 1760 405

31 1781 38 1798 ³
175 1797 337 1843 insuto
389 1797 614 1856 ferroque
666 1797 899 1856 riyebant.
977 1799 1086 1844 ante
1138 1797 1294 1844 omnis
1346 1796 1502 1854 stupet
1551 1795 1654 1853 ipse
1701 1791 1863 1840 Dares

177 1870 405 1930 loreyeque
443 1874 660 1918 recusat:
713 1872 910 1918 tantum
948 1870 1164 1918 horroris
1205 1872 1253 1917 et
1291 1868 1519 1930 ponderis
1558 1867 1632 1914 illi
1673 1867 1864 1914 caestus

176 1942 477 2006 habuerant,
530 1947 588 1992 ut
641 1946 944 1992 mirarentur
997 1959 1164 1992 omnes
1219 1944 1269 1991 et
1316 1943 1421 2003 ipse
1469 1955 1662 2002 quoque
1707 1939 1865 1987 Dares

177 2020 384 2081 negaret
423 2033 473 2066 se
514 2020 832 2079 certaturum,
871 2019 914 2066 si
951 2017 1065 2066 illos
1105 2016 1285 2077 aliquis
1323 2015 1576 2062 induisset.
1638 2013 1865 2060 Entellus

35 2118 37 2121 ·
112 2106 154 2139 25
181 2093 365 2154 quippe
405 2094 621 2140 certator
660 2092 894 2154 antiquus
935 2093 984 2139 et
1021 2092 1209 2153 peritus
1247 2091 1301 2138 in
1340 2105 1427 2138 suo
1459 2089 1562 2152 egit
1593 2089 1698 2135 arte
1729 2086 1864 2133 miri-

178 2165 287 2226 fica,
325 2169 384 2213 ut
423 2169 537 2214 ante
577 2168 854 2231 ingressum
891 2180 1088 2229 pugnae
1127 2164 1468 2226 praemitteret
1497 2161 1648 2209 talem
1682 2162 1866 2208 metum

181 2255 277 2301 quo
325 2239 562 2288 audacem
609 2241 659 2288 et
697 2239 963 2302 superbum
1002 2238 1340 2287 adversarium
1378 2235 1589 2284 debilem
1626 2233 1863 2282 redderet.

180 2313 392 2376 denique
433 2329 544 2362 cum
585 2316 777 2363 caestus
818 2329 945 2374 suos,
985 2311 1164 2374 quibus
1203 2312 1369 2359 fuerat
1414 2312 1710 2368 certaturus,
1755 2307 1863 2354 uni-

179 2403 433 2436 versorum
482 2387 824 2450 conspectibus
871 2386 1150 2446 obtulisset,
1180 2385 1369 2432 .nullus
1424 2383 1590 2431 extitit
1635 2382 1721 2444 qui
1765 2395 1863 2428 non

112 2476 157 2510 so
179 2462 402 2523 ipsorum
455 2461 649 2524 pondus
700 2462 966 2509 miraretur
1010 2463 1059 2508 et
1105 2460 1337 2519 formam3
1398 2471 1553 2518 usque
1598 2455 1720 2503 adeo
1765 2468 1863 2501 non

180 2537 364 2583 mirum
415 2536 514 2584 fuit
566 2537 620 2583 in
667 2535 914 2597 omnibuS,
963 2532 1159 2596 quando
1205 2533 1311 2595 ipse
1358 2532 1509 2579 etiam
1555 2528 1730 2589 DareS,
1778 2526 1865 2589 qui

302 2695 326 2734 7
360 2692 595 2748 praetium
634 2689 931 2749 superposita
961 2703 1004 2733 m
1036 2687 1072 2732 L
1107 2689 1305 2744 pretium
1336 2686 1379 2730 R
1408 2684 1666 2751 praemg'um
1702 2680 1775 2726 ed.
1819 2738 1828 2747 .

119 2792 124 2796 .
182 2754 208 2794 9
241 2764 379 2807 quam
407 2750 497 2794 LR
534 2765 672 2807 quam
710 2756 762 2794 ut
801 2749 872 2793 ed.
1026 2752 1081 2792 15
1111 2745 1458 2802 ferre—Ena
1496 2742 1715 2809 omiserat
1743 2738 1784 2783 R
1816 2752 1864 2782 m

180 2822 328 2866 marg.
361 2808 495 2854 infer.
529 2809 683 2866 suppl.
715 2809 830 2866 ipse.
859 2809 867 2864 1
893 2820 1036 2851 „vanu
1066 2805 1166 2850 LR.
1270 2809 1323 2849 18
1355 2807 1583 2871 tar-ntorum
1614 2799 1692 2843 hxc
1721 2796 1868 2842 habet

181 2867 270 2912 LR
301 2868 587 2913 assentiente
618 2867 825 2925 interpr.,
858 2866 919 2911 ad
951 2878 1079 2922 sequ.
1110 2864 1283 2908 lemma
1312 2863 1457 2907 traxit
1486 2859 1594 2928 edF.
1724 2860 1780 2901 19
1810 2855 1867 2900 de

183 2941 271 2972 om.
298 2927 407 2972 edF.
517 2932 571 2972 21
605 2927 764 2972 insuta
792 2926 846 2970 R.
955 2929 1011 2969 22
1042 2923 1228 2968 honoris
1257 2922 1328 2968 ed.
1438 2924 1496 2964 26
1527 2931 1579 2963 m
1607 2930 1695 2962 sua
1720 2914 1774 2959 R.

183 2990 240 3030 26
273 2987 406 3032 talem
431 2987 741 3044 praemitteret
770 2989 934 3030 metwm
957 2983 1012 3028 R.
1105 2986 1158 3026 31
1193 2981 1401 3027 omnibus
1422 2977 1510 3023 LR.
1531 2975 1604 3022 ed.
1628 2977 1680 3021 in
1702 2987 1741 3019 ο.
1764 2984 1864 3019 noo.
