2014 3226
195 178 304 230 536
663 178 896 222 DONATI
925 178 1203 223 INTERPR.
1237 179 1415 223 VERG.

194 318 457 380 pertinent.
544 320 586 366 si
638 319 707 366 sic
758 319 1127 381 intellegamus,
1175 335 1273 366 non
1321 319 1549 367 cohaeret
1595 322 1652 366 ut
1690 320 1888 367 voletur

195 392 401 454 pedibus
443 395 529 439 aut
569 392 661 439 alis
704 392 1002 453 ambuletur,
1042 392 1126 439 sed
1165 408 1263 440 non
1315 393 1419 454 ipse
1467 395 1540 440 est
1586 394 1884 441 intellectus.

194 466 307 513 vola
356 467 485 513 enim
536 466 718 513 dicitur
763 466 926 513 media
977 482 1092 527 pars
1143 481 1320 513 manus
1377 469 1426 514 et
1476 467 1703 528 plantae,
1759 483 1884 529 quae

196 539 410 587 faciebat
466 539 716 588 columbas
756 541 923 587 volare
962 540 1054 587 hoc
1094 542 1168 587 est
1220 540 1473 587 ambulare
1522 556 1668 602 super
1705 541 1885 602 volam,

193 613 321 660 unde
363 616 412 660 et
450 614 672 661 involare
713 613 939 674 dicimus,
979 630 1089 661 cum
1130 614 1318 675 aliquid
1357 615 1530 661 furtim
1562 616 1677 662 vola
1708 630 1886 662 manus
1930 629 1954 664 ε

195 687 525 748 subtrahitur,
567 690 616 735 et
653 688 876 735 involare
916 703 1133 747 rursum,
1181 703 1290 735 cum
1330 689 1579 736 violentae
1618 704 1793 736 manus
1833 690 1885 735 in
1978 747 1980 751 y

195 762 412 822 aliquem
452 760 750 824 diriguntur,
791 763 940 810 sicuti
971 762 1231 809 Terentius
1273 762 1344 809 ait
1376 755 1508 829 (eun.
1543 764 1592 822 4,
1626 763 1673 823 3,
1708 756 1763 828 6)
1805 764 1886 823 „in
1980 810 1981 815 ,

193 836 371 883 faciem
409 836 627 882 involem
666 834 926 883 venefico“.
1006 851 1115 883 ecce
1156 838 1204 882 et
1242 835 1322 883 hic
1361 836 1529 884 volare
1575 837 1744 898 posuit
1784 852 1884 883 am-
1962 832 1985 892 J.

194 909 380 957 bulare.
458 911 675 956 ceterum
713 909 799 957 ubi
837 909 1104 971 pinnarum
1140 910 1363 958 volatum
1403 910 1564 958 dicere
1603 910 1786 971 voluit,
1827 909 1886 957 de
1965 908 1985 971 1

194 984 343 1043 caelo,
375 983 557 1044 inquit,
589 999 766 1031 venere
798 983 1046 1045 volantes,
1084 983 1251 1031 nullus
1285 985 1415 1031 enim
1452 984 1550 1031 alio
1585 984 1885 1031 adminiculo
1911 973 1987 1031 ιιι-1

191 1059 357 1119 potest
404 1057 462 1104 de
514 1058 649 1105 caelo
697 1057 1002 1105 descendere.
1081 1073 1136 1105 ac
1183 1074 1243 1105 ne
1291 1058 1437 1105 huius
1487 1060 1561 1105 rei
1610 1060 1888 1106 remaneret
1982 1024 1987 1130 1

191 1132 456 1191 incertum,
509 1133 645 1179 infra
684 1132 901 1180 ostendit
940 1132 1159 1193 apertius
1200 1132 1319 1193 quid
1364 1131 1455 1179 hoc
1494 1133 1602 1180 loco
1643 1131 1889 1195 significet
1961 1140 1987 1204 21

191 1205 422 1253 volando.
500 1221 612 1253 cum
653 1207 784 1253 enim
823 1207 1020 1254 tantum
1066 1207 1222 1253 issent
1266 1205 1472 1268 pedibus
1521 1208 1764 1267 quantum
1804 1205 1886 1254 ob-

194 1280 439 1328 servantis
481 1279 613 1327 oculi
653 1281 793 1341 sequi
831 1281 1124 1342 potuissent,
1175 1280 1308 1335 inde,
1363 1281 1551 1341 inquit,
1597 1281 1681 1327 ubi
1719 1293 1888 1328 venere
1982 1249 1989 1356 1

193 1354 258 1401 ad
289 1355 457 1414 fauces
483 1355 804 1414 graveolentis
828 1353 1031 1409 Averni,
1068 1354 1243 1401 tollunt
1271 1368 1323 1401 se
1353 1355 1524 1402 celeres
1556 1354 1888 1414 liquidumque
1912 1367 1988 1417 152}

183 1443 281 1488 per
317 1443 435 1476 aera
474 1428 643 1487 lapsae
673 1428 867 1476 sedibus
899 1429 1074 1488 optatis
1102 1429 1297 1489 yemina
1327 1442 1474 1488 super
1505 1429 1678 1476 arbore
1707 1429 1887 1476 sidunt.
1961 1423 1989 1516 1

191 1501 499 1563 patefactum
557 1503 631 1549 est
698 1501 756 1550 de
817 1518 911 1563 quo
966 1502 1133 1564 potuit
1192 1501 1432 1563 dubitari3
1496 1502 1701 1550 dicendo
1758 1503 1889 1548 enim
1967 1505 1990 1564 'j

190 1576 377 1623 tollunt
416 1591 466 1623 se
507 1576 708 1637 celeres,
755 1592 816 1623 ne
864 1592 1067 1640 gravem
1117 1575 1317 1624 odorem
1356 1575 1546 1624 Averni
1583 1578 1888 1638 paterentur,
1963 1570 1990 1630 J

192 1652 242 1697 et
289 1650 512 1697 addendo
559 1650 903 1711 liquidumque
943 1666 1032 1712 per
1074 1666 1189 1697 aera
1234 1650 1404 1712 lapsae
1453 1650 1670 1698 ostendit
1715 1651 1890 1713 procul
1972 1711 1973 1714 Ἴ

192 1723 340 1771 dubio
382 1740 464 1772 eas
503 1739 661 1786 usque
701 1725 765 1771 ad
795 1724 1050 1773 Avernum
1089 1724 1303 1772 volando
1342 1725 1436 1772 hoc
1475 1726 1550 1772 est
1589 1723 1887 1773 ambulando
1912 1720 1985 1772 2OE

190 1799 472 1859 pervenisse
519 1800 591 1859 et,
646 1813 757 1846 cum
804 1799 908 1846 eius
964 1799 1334 1862 graveolentem
1393 1798 1590 1846 odorem
1637 1799 1766 1846 ferre
1804 1813 1887 1845 ne·
1961 1792 1986 1854 ἴ,

193 1874 437 1933 quissent,
485 1873 577 1919 alis
626 1874 876 1934 quaesisse
922 1872 1211 1921 transeundi
1259 1867 1465 1936 [viam],
1515 1874 1572 1920 ut
1621 1887 1710 1934 per
1760 1875 1887 1920 aeris
1963 1859 2002 1947 ᾖ

195 1947 467 2008 puritatem
505 1946 692 2008 lapsae,
729 1949 788 1994 ut
825 1947 1018 1995 factum
1057 1948 1146 2007 est,
1187 1946 1384 1994 oblatae
1418 1946 1609 1994 arboris·
1638 1946 1889 1994 destinata
1968 1948 1989 1988 ’3

194 2020 552 2083 contingerent.
615 2021 878 2069 ‘sederunt
930 2021 1088 2083 igitur
1141 2020 1398 2068 columbae
1443 2022 1686 2084 ‘geminae
1741 2035 1888 2082 super
1932 1985 1991 2303 ἦ

194 2093 420 2141 arborem
459 2096 721 2157 geminam.
798 2096 959 2158 ipsam
1003 2096 1133 2142 enim
1175 2093 1524 2157 significabant
1553 2111 1758 2142 numero
1799 2095 1886 2142 du·
1910 2111 1930 2142 2

191 2167 312 2229 plici
353 2184 479 2229 quae
515 2167 744 2216 frondem
784 2169 1032 2230 duplicem
1070 2170 1432 2230 materiamque
1462 2167 1711 2230 portabat.
1774 2183 1887 2217 mox

191 2242 451 2305 1811111,111;
482 2258 629 2303 super
661 2247 770 2290 eam
803 2242 1048 2303 sederunt,
1081 2243 1288 2290 discolor
1309 2243 1440 2290 wnde
1471 2244 1585 2290 auri
1606 2258 1702 2303 per
1723 2257 1888 2290 ramos
1967 2245 1971 2259 ’·

193 2331 322 2364 aura
352 2317 572 2375 refulsit.-
609 2318 796 2377 statim,
826 2318 1010 2378 inquit,
1051 2332 1109 2364 ex
1141 2331 1199 2364 ea
1240 2331 1366 2378 quae
1398 2316 1572 2365 viridis
1611 2317 1710 2363 fuit
1749 2316 1887 2363 aliud
1981 2369 1989 2380 „

193 2405 366 2453 genus>
388 2390 565 2437 coloris
606 2390 792 2438 effulsit
824 2392 874 2438 et
905 2390 1036 2452 quod
1066 2405 1249 2454 magno
1282 2390 1524 2438 desiderio
1557 2389 1887 2452 quaerebatur
1966 2415 1991 2445 ,7

190 2465 452 2511 inventum
502 2465 588 2512 est.
673 2464 953 2527 ingreditur
999 2463 1382 2526 descriptionem
1425 2479 1524 2526 qua
1573 2465 1710 2512 illius
1755 2466 1885 2512 rami
1907 2463 2005 2522 ³⁶35*

1947 2380 1990 2414 ,Ἃ

1964 2447 1989 2478 :t

314 2638 335 2676 1
369 2639 423 2679 ut
453 2648 541 2678 om.
567 2634 638 2678 ed.
784 2639 812 2678 4
843 2648 978 2691 super
1008 2633 1162 2690 Vper
1191 2634 1262 2677 ed.
1409 2638 1432 2677 7
1466 2633 1709 2678 terrentius
1738 2633 1793 2677 V.
1959 2627 1989 2692 ,ξ

193 2697 308 2736 7-8
347 2694 400 2737 i‘n
436 2693 600 2749 faciem
630 2691 674 2737 V
704 2693 777 2737 illi
813 2693 951 2748 facile
989 2693 1042 2737 in
1079 2693 1231 2738 oculos
1269 2693 1340 2738 ed.
1382 2693 1638 2738 secundum
1675 2692 1885 2737 Terentii
1958 2695 1990 2750 ᾗ

190 2751 349 2796 libros.
483 2755 509 2795 8
535 2752 695 2808 posuit
723 2751 767 2795 V
792 2766 840 2808 p.
867 2765 957 2809 pro
987 2751 1058 2796 ed.
1190 2753 1336 2796 92—10
1368 2753 1422 2797 dc
1452 2753 1574 2797 caelo
1606 2765 1695 2796 om.
1722 2751 1792 2796 ed.
1951 2748 1990 2804 “225

193 2815 249 2855 10
280 2812 414 2856 enim
431 2810 475 2854 V
512 2825 546 2855 e.
579 2811 678 2856 sine
716 2811 787 2854 ed.
944 2815 997 2855 16
1035 2812 1241 2870 geminae
1280 2811 1351 2855 ed.
1514 2815 1567 2854 19
1608 2811 1804 2856 ostendit
1826 2836 1885 2843 —
1955 2798 1989 2852 'il

191 2874 248 2914 2-3
281 2871 438 2926 lapsae
469 2883 558 2914 om.
585 2869 656 2913 ed.
755 2892 758 2895 ·
795 2875 851 2914 22
883 2871 1006 2915 viam
1036 2869 1111 2914 vel
1142 2870 1296 2915 simil-e
1327 2870 1509 2926 aliquid
1541 2869 1716 2914 excidit
1745 2870 1794 2912 in
1826 2869 1885 2913 V.
1952 2858 1993 2927 Ξ

281 2933 338 2972 23
369 2929 535 2974 oblitae
565 2928 608 2972 V
639 2930 815 2974 oblatae
845 2929 916 2974 ed.
1049 2934 1105 2973 24
1137 2931 1412 2987 contz'nyeret
1442 2929 1512 2975 ed.
1635 2934 1691 2973 25
1725 2929 1888 2986 arbore

188 2990 372 3045 yemina
403 2988 474 3032 ed..
597 2993 654 3031 29
686 2993 729 3032 et
758 2997 846 3032 om.
873 2988 944 3032 ed.
1956 2933 1990 3054 ἓ
