2014 3226
190 179 216 229 1
225 178 293 230 98
653 177 884 220 DONATI
914 177 979 220 IN
982 178 1195 221 TERPR.
1228 178 1405 222 VERG.

186 321 330 365 ctiam
373 320 507 365 victis
554 318 677 364 redit
722 319 776 364 iu
813 319 1109 376 praecordia
1154 320 1309 365 virtus
1354 320 1645 378 victoresque
1695 319 1876 366 cadunt

185 393 358 439 Danai
367 408 382 437 .·
443 391 626 438 dicitur
680 390 871 451 aliquid
925 391 1056 452 quod
1107 408 1136 439 a
1187 393 1391 440 crimine
1445 393 1602 439 victos
1655 394 1873 440 excuset:

185 465 437 525 cadebant,
480 465 658 525 inquit,
700 466 851 511 etiam
884 463 1061 512 Graeci
1100 466 1402 514 certantibus
1442 465 1598 526 nobis,
1631 466 1716 513 sed
1746 465 1874 512 nihil

184 539 436 600 proderat3
490 540 591 585 iam
630 538 763 585 enim
801 539 1061 586 constabat
1102 554 1182 587 eos
1222 541 1420 601 plenam
1458 540 1721 587 victoriam
1760 555 1873 587 con-

185 616 390 659 secutos.
468 612 565 659 fuit
609 615 778 659 tamen
824 613 1064 660 solacium
1110 614 1160 660 in
1209 613 1429 661 adversis
1477 614 1598 660 victi
1644 613 1872 660 manibus
1921 628 1940 660 5

184 686 414 734 cecidisse
455 687 705 734 victorem.
769 687 978 734 crudelis
1016 688 1190 746 ubique
1228 687 1398 742 luctus,
1438 688 1612 746 ubique
1638 701 1802 746 pavor
1833 690 1876 734 ct

175 762 397 819 plurima
427 762 594 807 mortis
633 762 818 820 imayo:
859 776 1168 822 quacumque
1209 762 1464 808 oculorum
1502 762 1621 809 isset
1659 761 1873 808 intentio

184 835 289 880 sola
327 833 541 896 lugenda
581 834 906 881 cernebantur
946 837 993 881 01
1033 834 1280 883 lacrimae.

95 913 179 950 370
292 908 492 954 Primus
524 922 574 955 se
600 907 839 955 Danaum
871 924 1052 968 memmi·
1083 910 1335 956 comitante
1366 912 1557 956 caterva
1584 906 1875 968 Audroyeus

181 983 321 1040 offert
355 982 493 1028 uobis
532 983 663 1029 socia
703 983 903 1041 aymirici
944 983 1140 1030 credens
1164 985 1356 1031 'inscius
1388 985 1528 1041 atque
1559 983 1685 1029 ultro
1715 982 1876 1029 verbis
1898 998 1941 1029 10

182 1057 417 1114 conpellat
447 1056 642 1103 amicis:
673 1056 905 1103 inferiore
938 1057 991 1104 in
1018 1059 1159 1116 parte
1185 1056 1400 1104 ostendit
1425 1055 1675 1118 Vergilius
1709 1057 1873 1117 auspi-

181 1130 311 1176 cium
351 1128 699 1178 dimicantibus
739 1130 966 1177 Troianis
1007 1130 1243 1191 oblatum,
1285 1129 1418 1191 quod
1455 1131 1640 1178 erravit
1678 1129 1873 1176 Andro-

178 1219 320 1265 geus3
361 1219 477 1250 nam
516 1203 609 1250 hoc
651 1202 897 1251 Coroebus
938 1205 1220 1251 coniectura
1260 1204 1539 1267 collegerat.
1603 1203 1736 1251 idem
1766 1202 1872 1250 An-

182 1277 391 1339 drogeus
425 1278 581 1324 socios
622 1292 736 1325 suos
775 1277 864 1325 hos
912 1278 1221 1338 existimans,
1267 1277 1477 1325 inertiae
1524 1279 1574 1325 01
1618 1276 1873 1324 tarditatis
1986 1333 1989 1342 Ι

180 1350 446 1414 obiurgans
501 1353 569 1398 sic
625 1351 887 1414 arguebat,
942 1355 997 1398 ut
1050 1353 1218 1399 tamen
1271 1353 1324 1398 in
1374 1351 1717 1414 obiurgatione
1763 1351 1873 1412 ipsa
1900 1365 1940 1398 15
1987 1389 1989 1396 .

181 1426 450 1486 perfectam
511 1426 775 1472 victoriam
836 1427 1102 1473 nuntiaret.
1191 1426 1354 1487 prima
1416 1426 1548 1473 enim
1609 1425 1873 1486 disciplina

180 1499 454 1546 bellantum
494 1501 567 1546 est
607 1499 828 1546 obtinere
869 1499 1093 1562 gloriam,
1133 1502 1252 1546 tunc
1293 1499 1490 1546 demum
1528 1501 1600 1546 110
1639 1501 1692 1546 111
1730 1513 1871 1560 prae-

177 1572 317 1632 dam,
364 1588 475 1620 cum
516 1572 672 1620 totius
713 1573 902 1635 gloriae
941 1574 1092 1621 fuerit
1132 1575 1370 1621 securitas
1409 1576 1690 1635 procurata.
1771 1572 1873 1619 An-

177 1647 392 1710 drogeus
430 1646 590 1710 igitur
630 1646 748 1708 quid
788 1645 896 1694 ait?
971 1663 1074 1708 nos,
1113 1646 1293 1708 inquit,
1334 1647 1632 1695 confecimus
1673 1647 1872 1707 bellum,

183 1736 269 1768 nos
317 1720 526 1782 praedas
576 1722 765 1784 egimus
812 1721 872 1769 de
918 1721 1147 1768 hostibus
1194 1722 1341 1769 victis
1396 1723 1446 1768 01
1490 1722 1691 1768 incensa
1738 1721 1875 1768 omni
1898 1736 1942 1767 20
1982 1731 1985 1756 ὲ

181 1795 383 1842 civitate
423 1810 541 1856 opes
581 1795 822 1843 Troianas
854 1795 907 1842 in
937 1798 1109 1843 nostra
1139 1795 1279 1842 lucra
1311 1795 1658 1855 convertimus,
1691 1797 1739 1842 et
1769 1809 1874 1854 vos,

181 1871 441 1929 tamquam
486 1868 613 1916 nihil
659 1869 849 1916 interea
894 1872 1088 1931 gestum
1135 1870 1223 1929 sit,
1270 1885 1399 1917 nunc
1437 1870 1655 1930 primum
1692 1869 1875 1916 venitis

181 1943 332 1990 moris
365 1942 589 1990 omnibus
622 1942 887 2004 inplicati?
937 1943 1003 1990 ad
1030 1943 1162 1990 hunc
1191 1945 1466 1991 tractatum
1495 1943 1713 2004 pertinet
1743 1944 1876 2002 festi-

184 2019 313 2071 nate,
368 2018 492 2072 viri;
551 2031 670 2064 riam
715 2032 839 2076 quac
885 2021 985 2064 tam
1030 2031 1141 2065 sera
1194 2020 1415 2064 ‘moratur
1465 2017 1723 2076 sequities?
1784 2016 1874 2063 alii
1975 2075 1981 2086 1

93 2092 179 2132 375
199 2091 400 2149 rapiunt
445 2092 643 2138 incensa
689 2093 945 2151 feruntque
983 2091 1248 2151 Perqama,
1295 2105 1379 2139 vos
1425 2091 1563 2139 celsis
1603 2104 1736 2138 ‘nuuc
1764 2091 1874 2150 pri·
1898 2105 1941 2137 25

182 2178 315 2211 mum
361 2178 393 2210 a
438 2164 649 2212 navibus
697 2166 788 2212 1113.
865 2166 990 2212 dixit
1035 2167 1079 2212 et
1123 2165 1354 2225 extemplo
1406 2164 1579 2223 (neque
1626 2165 1754 2212 euim
1799 2177 1874 2210 re-

181 2251 364 2297 spousa
394 2238 641 2285 dabantur
670 2239 776 2297 fida
805 2238 948 2298 satis)
981 2241 1132 2287 scrisit
1160 2239 1341 2286 medios
1371 2239 1602 2298 delapsus
1633 2240 1687 2286 iu
1709 2238 1872 2292 hostis,

182 2311 411 2370 obstipuit
445 2315 662 2371 retroque
693 2313 868 2371 pedem
907 2327 1016 2360 cum
1053 2327 1162 2361 voce
1199 2314 1442 2372 repressit.
1504 2326 1618 2359 cum
1647 2311 1770 2359 haec
1800 2310 1875 2359 di-

183 2386 336 2432 xisset
374 2400 532 2446 neque
570 2401 861 2447 responsum
907 2387 1154 2448 acciperet
1201 2379 1453 2452 (consulto
1492 2385 1624 2433 enim
1662 2386 1873 2433 tacitum

184 2462 280 2520 est,
326 2474 387 2505 110
436 2458 786 2508 dissimilitudo
833 2459 1118 2524 linguarum
1164 2461 1433 2523 corrigeret
1474 2461 1579 2507 eius
1619 2450 1875 2524 errorem),
1897 2472 1943 2505 3ο

184 2532 432 2580 intellexit
470 2547 573 2580 sese
611 2534 667 2580 in
703 2548 879 2582 manus
918 2534 1137 2582 hostium
1175 2535 1382 2582 venisse.
1459 2533 1669 2595 denique
1709 2534 1874 2595 stupe-

184 2608 347 2654 factus
387 2621 498 2654 cum
538 2621 589 2654 se
628 2606 916 2656 subtrahere
954 2608 1214 2669 niteretur,
1252 2623 1347 2656 non
1390 2607 1565 2669 valuit,
1598 2622 1709 2655 cum
1745 2608 1874 2654 esset

187 2682 354 2728 nostro
408 2680 742 2728 circumdatus
797 2684 952 2729 coetu.
1029 2683 1334 2741 inprovisum
1379 2679 1543 2741 aspris
1588 2681 1736 2728 veluti
1789 2681 1875 2740 qui

307 2869 333 2908 3
365 2865 518 2921 inquit
547 2878 635 2909 om.
661 2865 732 2908 ed.
858 2870 912 2909 14
947 2867 1027 2910 hos
1058 2879 1146 2910 om.
1173 2867 1245 2911 ed.
1288 2897 1290 2899 »
1369 2869 1422 2910 17
1452 2866 1723 2910 bellantium
1755 2863 1826 2909 ed.

187 2925 284 2968 irae
306 2923 394 2968 LR
416 2925 482 2968 ire
503 2937 529 2967 r
549 2924 702 2968 venire
734 2924 805 2968 ed.
900 2928 954 2968 18
987 2926 1168 2982 quaerit
1189 2925 1230 2969 R.
1253 2925 1398 2981 fuerit
1418 2939 1442 2967 r
1457 2946 1513 2962 =
1530 2924 1578 2967 L.
1618 2945 1621 2947 ·
1674 2927 1729 2967 19
1761 2924 1842 2980 qu'

188 2983 223 3026 L
255 2983 376 3040 quod
406 2982 448 3026 R
478 2997 500 3025 r
525 3004 580 3020 =
603 2982 640 3025 L
671 2996 760 3027 om.
786 2983 857 3027 ed.
887 2985 893 3040 Ι
928 2985 1080 3040 iuquit
1109 2999 1198 3028 om.
1224 2985 1296 3029 ed.
1421 2987 1476 3028 33
1508 2984 1683 3039 asperis
1712 2982 1811 3026 LR.
1850 2983 1857 2990 '
