<?xml version="1.0" encoding="UTF-8"?>
<!DOCTYPE html PUBLIC "-//W3C//DTD XHTML 1.0 Transitional//EN"
    "http://www.w3.org/TR/xhtml1/DTD/xhtml1-transitional.dtd">
<html xmlns="http://www.w3.org/1999/xhtml" xml:lang="en" lang="en">
 <head>
  <title>
</title>
<meta http-equiv="Content-Type" content="text/html;charset=utf-8" />
  <meta name='ocr-system' content='tesseract 3.04.00' />
  <meta name='ocr-capabilities' content='ocr_page ocr_carea ocr_par ocr_line ocrx_word'/>
</head>
<body>
  <div class='ocr_page' id='page_1' title='image "./interpretationes01donauoft_0026.png"; bbox 0 0 2014 3226; ppageno 0'>
   <div class='ocr_carea' id='block_1_1' title="bbox 256 146 1259 195">
    <p class='ocr_par' dir='ltr' id='par_1_1' title="bbox 256 146 1259 195">
     <span class='ocr_line' id='line_1_1' title="bbox 256 146 1259 195; baseline -0.005 -1"><span class='ocrx_word' id='word_1_1' title='bbox 256 152 379 195; x_wconf 84' lang='lat' dir='ltr'>XXII</span> <span class='ocrx_word' id='word_1_2' title='bbox 920 146 1259 189; x_wconf 76' lang='lat' dir='ltr'><strong>PRAEFATIO</strong></span> 
     </span>
    </p>
   </div>
   <div class='ocr_carea' id='block_1_2' title="bbox 253 286 1943 2044">
    <p class='ocr_par' dir='ltr' id='par_1_2' title="bbox 253 286 1943 2044">
     <span class='ocr_line' id='line_1_2' title="bbox 257 286 1936 352; baseline -0.002 -14"><span class='ocrx_word' id='word_1_3' title='bbox 257 292 435 339; x_wconf 86' lang='lat' dir='ltr'>codicis</span> <span class='ocrx_word' id='word_1_4' title='bbox 475 291 712 352; x_wconf 78' lang='lat' dir='ltr'>ligamina</span> <span class='ocrx_word' id='word_1_5' title='bbox 755 290 934 346; x_wconf 89' lang='lat' dir='ltr'>liceret,</span> <span class='ocrx_word' id='word_1_6' title='bbox 975 286 1169 334; x_wconf 81' lang='lat' dir='ltr'>facilius</span> <span class='ocrx_word' id='word_1_7' title='bbox 1209 289 1629 348; x_wconf 73' lang='lat' dir='ltr'>cognoscerentur.</span> <span class='ocrx_word' id='word_1_8' title='bbox 1693 302 1807 334; x_wconf 88' lang='lat' dir='ltr'>nam</span> <span class='ocrx_word' id='word_1_9' title='bbox 1840 286 1936 334; x_wconf 90' lang='lat' dir='ltr'>dis·</span> 
     </span>
     <span class='ocr_line' id='line_1_3' title="bbox 255 359 1935 423; baseline -0.002 -12"><span class='ocrx_word' id='word_1_10' title='bbox 255 365 527 411; x_wconf 75' lang='lat' dir='ltr'>similitudo</span> <span class='ocrx_word' id='word_1_11' title='bbox 575 363 661 409; x_wconf 89' lang='lat' dir='ltr'>illa</span> <span class='ocrx_word' id='word_1_12' title='bbox 711 378 837 423; x_wconf 85' lang='lat' dir='ltr'>quae</span> <span class='ocrx_word' id='word_1_13' title='bbox 885 360 1010 408; x_wconf 89' lang='lat' dir='ltr'>solet</span> <span class='ocrx_word' id='word_1_14' title='bbox 1050 375 1152 406; x_wconf 90' lang='lat' dir='ltr'>esse</span> <span class='ocrx_word' id='word_1_15' title='bbox 1194 361 1323 406; x_wconf 91' lang='lat' dir='ltr'>inter</span> <span class='ocrx_word' id='word_1_16' title='bbox 1362 360 1494 407; x_wconf 91' lang='lat' dir='ltr'>latus</span> <span class='ocrx_word' id='word_1_17' title='bbox 1534 359 1749 420; x_wconf 91' lang='lat' dir='ltr'>pilosum</span> <span class='ocrx_word' id='word_1_18' title='bbox 1787 375 1935 407; x_wconf 92' lang='lat' dir='ltr'>mem-</span> 
     </span>
     <span class='ocr_line' id='line_1_4' title="bbox 256 433 1936 497; baseline -0.002 -13"><span class='ocrx_word' id='word_1_19' title='bbox 256 440 521 485; x_wconf 84' lang='lat' dir='ltr'>branarum</span> <span class='ocrx_word' id='word_1_20' title='bbox 560 439 607 483; x_wconf 86' lang='lat' dir='ltr'>et</span> <span class='ocrx_word' id='word_1_21' title='bbox 647 436 873 497; x_wconf 81' lang='lat' dir='ltr'>glabmm</span> <span class='ocrx_word' id='word_1_22' title='bbox 914 433 1040 480; x_wconf 90' lang='lat' dir='ltr'>nihil</span> <span class='ocrx_word' id='word_1_23' title='bbox 1078 434 1158 479; x_wconf 91' lang='lat' dir='ltr'>hic</span> <span class='ocrx_word' id='word_1_24' title='bbox 1198 433 1412 493; x_wconf 89' lang='lat' dir='ltr'>proficit,</span> <span class='ocrx_word' id='word_1_25' title='bbox 1462 433 1578 494; x_wconf 89' lang='lat' dir='ltr'>quia</span> <span class='ocrx_word' id='word_1_26' title='bbox 1623 434 1936 481; x_wconf 80' lang='lat' dir='ltr'>membranae</span> 
     </span>
     <span class='ocr_line' id='line_1_5' title="bbox 256 500 1938 573; baseline -0.003 -15"><span class='ocrx_word' id='word_1_27' title='bbox 256 515 423 572; x_wconf 85' lang='lat' dir='ltr'>utpote</span> <span class='ocrx_word' id='word_1_28' title='bbox 487 510 691 573; x_wconf 86' lang='lat' dir='ltr'>originis</span> <span class='ocrx_word' id='word_1_29' title='bbox 749 508 967 555; x_wconf 84' lang='lat' dir='ltr'>Gallicae</span> <span class='ocrx_word' id='word_1_30' title='bbox 1030 500 1098 572; x_wconf 81' lang='lat' dir='ltr'>(v.</span> <span class='ocrx_word' id='word_1_31' title='bbox 1147 506 1502 566; x_wconf 89' lang='lat' dir='ltr'>Wattenbach,</span> <span class='ocrx_word' id='word_1_32' title='bbox 1566 501 1938 555; x_wconf 79' lang='lat' dir='ltr'>Schriftwesen3</span> 
     </span>
     <span class='ocr_line' id='line_1_6' title="bbox 255 577 1939 648; baseline -0.002 -17"><span class='ocrx_word' id='word_1_33' title='bbox 255 603 301 646; x_wconf 91' lang='lat' dir='ltr'>p.</span> <span class='ocrx_word' id='word_1_34' title='bbox 343 586 442 630; x_wconf 89' lang='lat'>116</span> <span class='ocrx_word' id='word_1_35' title='bbox 471 577 563 648; x_wconf 84' lang='lat' dir='ltr'>sq.)</span> <span class='ocrx_word' id='word_1_36' title='bbox 620 583 866 643; x_wconf 77' lang='lat' dir='ltr'>utrimque</span> <span class='ocrx_word' id='word_1_37' title='bbox 922 581 1127 628; x_wconf 85' lang='lat' dir='ltr'>abrasae</span> <span class='ocrx_word' id='word_1_38' title='bbox 1182 581 1230 627; x_wconf 93' lang='lat' dir='ltr'>et</span> <span class='ocrx_word' id='word_1_39' title='bbox 1284 582 1564 642; x_wconf 89' lang='lat' dir='ltr'>pumicatae</span> <span class='ocrx_word' id='word_1_40' title='bbox 1620 580 1939 644; x_wconf 84' lang='lat' dir='ltr'>dignoscendi</span> 
     </span>
     <span class='ocr_line' id='line_1_7' title="bbox 255 654 1939 718; baseline -0.002 -14"><span class='ocrx_word' id='word_1_41' title='bbox 255 658 545 705; x_wconf 76' lang='lat' dir='ltr'>facultatem</span> <span class='ocrx_word' id='word_1_42' title='bbox 591 658 880 718; x_wconf 86' lang='lat' dir='ltr'>plerumque</span> <span class='ocrx_word' id='word_1_43' title='bbox 930 670 1026 701; x_wconf 92' lang='lat' dir='ltr'>non</span> <span class='ocrx_word' id='word_1_44' title='bbox 1074 654 1311 715; x_wconf 74' lang='lat' dir='ltr'>praebent</span> <span class='ocrx_word' id='word_1_45' title='bbox 1358 656 1407 701; x_wconf 90' lang='lat' dir='ltr'>et</span> <span class='ocrx_word' id='word_1_46' title='bbox 1454 654 1685 702; x_wconf 91' lang='lat' dir='ltr'>librarius</span> <span class='ocrx_word' id='word_1_47' title='bbox 1737 654 1939 702; x_wconf 89' lang='lat' dir='ltr'>solitum</span> 
     </span>
     <span class='ocr_line' id='line_1_8' title="bbox 254 723 1940 794; baseline -0.001 -17"><span class='ocrx_word' id='word_1_48' title='bbox 254 730 546 791; x_wconf 85' lang='lat' dir='ltr'>disponendi</span> <span class='ocrx_word' id='word_1_49' title='bbox 578 730 796 777; x_wconf 87' lang='lat' dir='ltr'>ordinem</span> <span class='ocrx_word' id='word_1_50' title='bbox 837 723 903 794; x_wconf 77' lang='lat' dir='ltr'>(v.</span> <span class='ocrx_word' id='word_1_51' title='bbox 931 729 1087 787; x_wconf 89' lang='lat' dir='ltr'>Blass,</span> <span class='ocrx_word' id='word_1_52' title='bbox 1121 727 1313 775; x_wconf 90' lang='lat' dir='ltr'>Handb.</span> <span class='ocrx_word' id='word_1_53' title='bbox 1348 727 1392 775; x_wconf 87' lang='lat' dir='ltr'>d.</span> <span class='ocrx_word' id='word_1_54' title='bbox 1425 729 1574 775; x_wconf 76' lang='lat' dir='ltr'>klass,</span> <span class='ocrx_word' id='word_1_55' title='bbox 1608 727 1709 777; x_wconf 88' lang='lat' dir='ltr'>Alt.</span> <span class='ocrx_word' id='word_1_56' title='bbox 1735 728 1881 776; x_wconf 87' lang='lat' dir='ltr'>Wiss.</span> <span class='ocrx_word' id='word_1_57' title='bbox 1914 729 1940 775; x_wconf 91' lang='lat' dir='ltr'>I</span> 
     </span>
     <span class='ocr_line' id='line_1_9' title="bbox 254 799 1940 867; baseline -0.002 -16"><span class='ocrx_word' id='word_1_58' title='bbox 254 822 299 866; x_wconf 88' lang='lat' dir='ltr'>p.</span> <span class='ocrx_word' id='word_1_59' title='bbox 329 799 457 867; x_wconf 71' lang='lat'><strong>343)</strong></span> <span class='ocrx_word' id='word_1_60' title='bbox 499 820 596 851; x_wconf 91' lang='lat' dir='ltr'>non</span> <span class='ocrx_word' id='word_1_61' title='bbox 636 803 930 851; x_wconf 73' lang='lat' dir='ltr'>observavit.</span> <span class='ocrx_word' id='word_1_62' title='bbox 1012 802 1274 862; x_wconf 87' lang='lat' dir='ltr'>aliquoties</span> <span class='ocrx_word' id='word_1_63' title='bbox 1316 803 1461 862; x_wconf 91' lang='lat' dir='ltr'>enim,</span> <span class='ocrx_word' id='word_1_64' title='bbox 1508 802 1593 848; x_wconf 92' lang='lat' dir='ltr'>ubi</span> <span class='ocrx_word' id='word_1_65' title='bbox 1633 802 1940 850; x_wconf 87' lang='lat' dir='ltr'>discernendi</span> 
     </span>
     <span class='ocr_line' id='line_1_10' title="bbox 254 875 1939 939; baseline -0.002 -14"><span class='ocrx_word' id='word_1_66' title='bbox 254 880 475 939; x_wconf 88' lang='lat' dir='ltr'>potestas</span> <span class='ocrx_word' id='word_1_67' title='bbox 514 881 598 937; x_wconf 91' lang='lat' dir='ltr'>est,</span> <span class='ocrx_word' id='word_1_68' title='bbox 633 877 978 938; x_wconf 84' lang='lat' dir='ltr'>quaterniones</span> <span class='ocrx_word' id='word_1_69' title='bbox 1013 892 1039 922; x_wconf 91' lang='lat' dir='ltr'>a</span> <span class='ocrx_word' id='word_1_70' title='bbox 1073 876 1228 923; x_wconf 90' lang='lat' dir='ltr'>latere</span> <span class='ocrx_word' id='word_1_71' title='bbox 1259 875 1419 936; x_wconf 92' lang='lat' dir='ltr'>piloso</span> <span class='ocrx_word' id='word_1_72' title='bbox 1452 876 1668 937; x_wconf 86' lang='lat' dir='ltr'>incipere</span> <span class='ocrx_word' id='word_1_73' title='bbox 1701 876 1939 924; x_wconf 86' lang='lat' dir='ltr'>videmus.</span> 
     </span>
     <span class='ocr_line' id='line_1_11' title="bbox 253 949 1940 1009; baseline -0.001 -11"><span class='ocrx_word' id='word_1_74' title='bbox 253 953 490 999; x_wconf 88' lang='lat' dir='ltr'>ternionis</span> <span class='ocrx_word' id='word_1_75' title='bbox 531 951 663 997; x_wconf 90' lang='lat' dir='ltr'>XXX</span> <span class='ocrx_word' id='word_1_76' title='bbox 718 965 948 998; x_wconf 90' lang='lat' dir='ltr'>numerus</span> <span class='ocrx_word' id='word_1_77' title='bbox 1003 949 1123 996; x_wconf 85' lang='lat' dir='ltr'>folio</span> <span class='ocrx_word' id='word_1_78' title='bbox 1168 951 1294 1009; x_wconf 89' lang='lat'><strong>222,</strong></span> <span class='ocrx_word' id='word_1_79' title='bbox 1351 950 1512 996; x_wconf 92' lang='lat' dir='ltr'>XXXI</span> <span class='ocrx_word' id='word_1_80' title='bbox 1562 950 1684 997; x_wconf 89' lang='lat' dir='ltr'>folio</span> <span class='ocrx_word' id='word_1_81' title='bbox 1727 951 1830 996; x_wconf 87' lang='grc'>232</span> <span class='ocrx_word' id='word_1_82' title='bbox 1888 950 1940 997; x_wconf 90' lang='grc'>111</span> 
     </span>
     <span class='ocr_line' id='line_1_12' title="bbox 255 1022 1939 1085; baseline -0.001 -13"><span class='ocrx_word' id='word_1_83' title='bbox 255 1026 384 1072; x_wconf 87' lang='lat' dir='ltr'>calce</span> <span class='ocrx_word' id='word_1_84' title='bbox 433 1025 657 1085; x_wconf 82' lang='lat' dir='ltr'>adpictus</span> <span class='ocrx_word' id='word_1_85' title='bbox 702 1027 796 1083; x_wconf 89' lang='lat' dir='ltr'>est,</span> <span class='ocrx_word' id='word_1_86' title='bbox 843 1027 902 1071; x_wconf 89' lang='lat' dir='ltr'>ut</span> <span class='ocrx_word' id='word_1_87' title='bbox 940 1025 1020 1071; x_wconf 91' lang='lat' dir='ltr'>hic</span> <span class='ocrx_word' id='word_1_88' title='bbox 1059 1023 1318 1084; x_wconf 84' lang='lat' dir='ltr'>quaternio</span> <span class='ocrx_word' id='word_1_89' title='bbox 1358 1022 1525 1070; x_wconf 88' lang='lat' dir='ltr'>decem</span> <span class='ocrx_word' id='word_1_90' title='bbox 1564 1024 1798 1071; x_wconf 87' lang='lat' dir='ltr'>foliorum</span> <span class='ocrx_word' id='word_1_91' title='bbox 1837 1039 1939 1072; x_wconf 89' lang='lat' dir='ltr'>esse</span> 
     </span>
     <span class='ocr_line' id='line_1_13' title="bbox 254 1097 1941 1158; baseline 0.001 -13"><span class='ocrx_word' id='word_1_92' title='bbox 254 1099 490 1146; x_wconf 87' lang='lat' dir='ltr'>videatur.</span> <span class='ocrx_word' id='word_1_93' title='bbox 581 1099 665 1146; x_wconf 88' lang='lat' dir='ltr'>sed</span> <span class='ocrx_word' id='word_1_94' title='bbox 721 1098 928 1145; x_wconf 90' lang='lat' dir='ltr'>duorum</span> <span class='ocrx_word' id='word_1_95' title='bbox 983 1098 1214 1144; x_wconf 86' lang='lat' dir='ltr'>foliorum</span> <span class='ocrx_word' id='word_1_96' title='bbox 1276 1097 1446 1144; x_wconf 86' lang='lat' dir='ltr'>ordine</span> <span class='ocrx_word' id='word_1_97' title='bbox 1507 1097 1767 1145; x_wconf 87' lang='lat' dir='ltr'>verborum</span> <span class='ocrx_word' id='word_1_98' title='bbox 1829 1100 1941 1158; x_wconf 90' lang='lat' dir='ltr'>post</span> 
     </span>
     <span class='ocr_line' id='line_1_14' title="bbox 254 1170 1941 1232; baseline -0.001 -14"><span class='ocrx_word' id='word_1_99' title='bbox 254 1173 427 1219; x_wconf 92' lang='lat' dir='ltr'>folium</span> <span class='ocrx_word' id='word_1_100' title='bbox 469 1174 572 1219; x_wconf 87' lang='lat'>232</span> <span class='ocrx_word' id='word_1_101' title='bbox 615 1172 989 1220; x_wconf 87' lang='lat' dir='ltr'>inserendorum</span> <span class='ocrx_word' id='word_1_102' title='bbox 1028 1170 1336 1230; x_wconf 90' lang='lat' dir='ltr'>membrana,</span> <span class='ocrx_word' id='word_1_103' title='bbox 1384 1187 1510 1232; x_wconf 90' lang='lat' dir='ltr'>quae</span> <span class='ocrx_word' id='word_1_104' title='bbox 1549 1187 1649 1218; x_wconf 89' lang='lat' dir='ltr'>una</span> <span class='ocrx_word' id='word_1_105' title='bbox 1688 1173 1844 1219; x_wconf 90' lang='lat' dir='ltr'>restat</span> <span class='ocrx_word' id='word_1_106' title='bbox 1883 1187 1941 1218; x_wconf 82' lang='lat' dir='ltr'>ex</span> 
     </span>
     <span class='ocr_line' id='line_1_15' title="bbox 254 1243 1941 1307; baseline -0.001 -15"><span class='ocrx_word' id='word_1_107' title='bbox 254 1245 574 1307; x_wconf 85' lang='lat' dir='ltr'>quaternione</span> <span class='ocrx_word' id='word_1_108' title='bbox 615 1246 814 1304; x_wconf 82' lang='lat' dir='ltr'>XXXII,</span> <span class='ocrx_word' id='word_1_109' title='bbox 853 1262 942 1307; x_wconf 91' lang='lat' dir='ltr'>per</span> <span class='ocrx_word' id='word_1_110' title='bbox 981 1261 1195 1293; x_wconf 90' lang='lat' dir='ltr'>errorem</span> <span class='ocrx_word' id='word_1_111' title='bbox 1234 1243 1308 1292; x_wconf 90' lang='lat' dir='ltr'>ita</span> <span class='ocrx_word' id='word_1_112' title='bbox 1345 1247 1459 1306; x_wconf 87' lang='lat' dir='ltr'>post</span> <span class='ocrx_word' id='word_1_113' title='bbox 1497 1245 1673 1292; x_wconf 88' lang='lat' dir='ltr'>folium</span> <span class='ocrx_word' id='word_1_114' title='bbox 1715 1247 1819 1292; x_wconf 88' lang='grc'>222</span> <span class='ocrx_word' id='word_1_115' title='bbox 1865 1246 1941 1291; x_wconf 90' lang='lat' dir='ltr'>in-</span> 
     </span>
     <span class='ocr_line' id='line_1_16' title="bbox 253 1318 1942 1382; baseline -0.001 -16"><span class='ocrx_word' id='word_1_116' title='bbox 253 1321 411 1382; x_wconf 85' lang='lat' dir='ltr'>ligata</span> <span class='ocrx_word' id='word_1_117' title='bbox 451 1322 547 1379; x_wconf 90' lang='lat' dir='ltr'>est,</span> <span class='ocrx_word' id='word_1_118' title='bbox 587 1322 643 1366; x_wconf 91' lang='lat' dir='ltr'>ut</span> <span class='ocrx_word' id='word_1_119' title='bbox 682 1319 1110 1378; x_wconf 84' lang='lat' dir='ltr'>bibliothecarius,</span> <span class='ocrx_word' id='word_1_120' title='bbox 1163 1319 1249 1379; x_wconf 90' lang='lat' dir='ltr'>qui</span> <span class='ocrx_word' id='word_1_121' title='bbox 1287 1318 1433 1381; x_wconf 90' lang='lat' dir='ltr'>ligati</span> <span class='ocrx_word' id='word_1_122' title='bbox 1473 1319 1655 1366; x_wconf 87' lang='lat' dir='ltr'>codicis</span> <span class='ocrx_word' id='word_1_123' title='bbox 1693 1318 1816 1366; x_wconf 89' lang='lat' dir='ltr'>folia</span> <span class='ocrx_word' id='word_1_124' title='bbox 1853 1335 1942 1365; x_wconf 91' lang='lat' dir='ltr'>nu-</span> 
     </span>
     <span class='ocr_line' id='line_1_17' title="bbox 253 1392 1939 1456; baseline -0.001 -16"><span class='ocrx_word' id='word_1_125' title='bbox 253 1394 477 1453; x_wconf 87' lang='lat' dir='ltr'>meravit,</span> <span class='ocrx_word' id='word_1_126' title='bbox 519 1394 623 1439; x_wconf 87' lang='grc'>223</span> <span class='ocrx_word' id='word_1_127' title='bbox 665 1395 714 1440; x_wconf 87' lang='grc'>01</span> <span class='ocrx_word' id='word_1_128' title='bbox 756 1395 860 1440; x_wconf 88' lang='grc'>224</span> <span class='ocrx_word' id='word_1_129' title='bbox 901 1393 1209 1454; x_wconf 84' lang='lat' dir='ltr'>inscripserit</span> <span class='ocrx_word' id='word_1_130' title='bbox 1250 1392 1454 1440; x_wconf 87' lang='lat' dir='ltr'>adiectis</span> <span class='ocrx_word' id='word_1_131' title='bbox 1498 1395 1551 1440; x_wconf 92' lang='lat' dir='ltr'>in</span> <span class='ocrx_word' id='word_1_132' title='bbox 1597 1394 1818 1456; x_wconf 89' lang='lat' dir='ltr'>margine</span> <span class='ocrx_word' id='word_1_133' title='bbox 1867 1394 1939 1439; x_wconf 91' lang='lat' dir='ltr'>in-</span> 
     </span>
     <span class='ocr_line' id='line_1_18' title="bbox 253 1465 1939 1515; baseline 0 -3"><span class='ocrx_word' id='word_1_134' title='bbox 253 1467 429 1514; x_wconf 88' lang='lat' dir='ltr'>feriore</span> <span class='ocrx_word' id='word_1_135' title='bbox 490 1466 781 1515; x_wconf 88' lang='lat' dir='ltr'>restituendi</span> <span class='ocrx_word' id='word_1_136' title='bbox 845 1467 1030 1514; x_wconf 88' lang='lat' dir='ltr'>ordinis</span> <span class='ocrx_word' id='word_1_137' title='bbox 1094 1481 1242 1513; x_wconf 89' lang='lat' dir='ltr'>causa</span> <span class='ocrx_word' id='word_1_138' title='bbox 1303 1466 1485 1514; x_wconf 88' lang='lat' dir='ltr'>litteris</span> <span class='ocrx_word' id='word_1_139' title='bbox 1548 1467 1636 1513; x_wconf 87' lang='lat' dir='ltr'>FF</span> <span class='ocrx_word' id='word_1_140' title='bbox 1685 1465 1778 1514; x_wconf 81' lang='lat' dir='ltr'>GG</span> <span class='ocrx_word' id='word_1_141' title='bbox 1821 1466 1939 1513; x_wconf 90' lang='lat' dir='ltr'>HH.</span> 
     </span>
     <span class='ocr_line' id='line_1_19' title="bbox 253 1540 1940 1602; baseline 0.001 -15"><span class='ocrx_word' id='word_1_142' title='bbox 253 1540 434 1588; x_wconf 87' lang='lat' dir='ltr'>accidit</span> <span class='ocrx_word' id='word_1_143' title='bbox 470 1541 513 1588; x_wconf 88' lang='lat' dir='ltr'>is</span> <span class='ocrx_word' id='word_1_144' title='bbox 553 1555 702 1599; x_wconf 91' lang='lat' dir='ltr'>error,</span> <span class='ocrx_word' id='word_1_145' title='bbox 742 1556 853 1588; x_wconf 91' lang='lat' dir='ltr'>cum</span> <span class='ocrx_word' id='word_1_146' title='bbox 892 1541 989 1587; x_wconf 90' lang='lat' dir='ltr'>iam</span> <span class='ocrx_word' id='word_1_147' title='bbox 1031 1540 1369 1602; x_wconf 83' lang='lat' dir='ltr'>quaternionis</span> <span class='ocrx_word' id='word_1_148' title='bbox 1402 1540 1590 1588; x_wconf 86' lang='lat' dir='ltr'>XXXII</span> <span class='ocrx_word' id='word_1_149' title='bbox 1627 1541 1787 1588; x_wconf 87' lang='lat' dir='ltr'>maior</span> <span class='ocrx_word' id='word_1_150' title='bbox 1825 1556 1940 1602; x_wconf 88' lang='lat' dir='ltr'>pars</span> 
     </span>
     <span class='ocr_line' id='line_1_20' title="bbox 255 1614 1940 1676; baseline 0.001 -15"><span class='ocrx_word' id='word_1_151' title='bbox 255 1615 496 1675; x_wconf 88' lang='lat' dir='ltr'>periisset.</span> <span class='ocrx_word' id='word_1_152' title='bbox 560 1614 868 1662; x_wconf 88' lang='lat' dir='ltr'>desideratur</span> <span class='ocrx_word' id='word_1_153' title='bbox 907 1615 1038 1662; x_wconf 90' lang='lat' dir='ltr'>enim</span> <span class='ocrx_word' id='word_1_154' title='bbox 1076 1616 1192 1675; x_wconf 88' lang='lat' dir='ltr'>post</span> <span class='ocrx_word' id='word_1_155' title='bbox 1229 1614 1405 1661; x_wconf 85' lang='lat' dir='ltr'>folium</span> <span class='ocrx_word' id='word_1_156' title='bbox 1439 1615 1560 1674; x_wconf 85' lang='lat'><strong>232,</strong></span> <span class='ocrx_word' id='word_1_157' title='bbox 1601 1614 1940 1676; x_wconf 86' lang='lat' dir='ltr'>quaternionis</span> 
     </span>
     <span class='ocr_line' id='line_1_21' title="bbox 253 1687 1942 1750; baseline 0.001 -16"><span class='ocrx_word' id='word_1_158' title='bbox 253 1687 416 1734; x_wconf 92' lang='lat' dir='ltr'>XXXI</span> <span class='ocrx_word' id='word_1_159' title='bbox 454 1687 699 1748; x_wconf 89' lang='lat' dir='ltr'>ultimum,</span> <span class='ocrx_word' id='word_1_160' title='bbox 738 1688 1084 1749; x_wconf 86' lang='lat' dir='ltr'>interpretatio</span> <span class='ocrx_word' id='word_1_161' title='bbox 1124 1703 1355 1735; x_wconf 87' lang='lat' dir='ltr'>versuum</span> <span class='ocrx_word' id='word_1_162' title='bbox 1389 1689 1474 1748; x_wconf 85' lang='lat'>44,</span> <span class='ocrx_word' id='word_1_163' title='bbox 1514 1689 1739 1750; x_wconf 85' lang='lat' dir='ltr'>sequitur</span> <span class='ocrx_word' id='word_1_164' title='bbox 1770 1687 1942 1736; x_wconf 86' lang='lat' dir='ltr'>verbo-</span> 
     </span>
     <span class='ocr_line' id='line_1_22' title="bbox 254 1761 1941 1824; baseline 0.001 -17"><span class='ocrx_word' id='word_1_165' title='bbox 254 1777 364 1807; x_wconf 91' lang='lat' dir='ltr'>rum</span> <span class='ocrx_word' id='word_1_166' title='bbox 396 1761 564 1808; x_wconf 88' lang='lat' dir='ltr'>ordine</span> <span class='ocrx_word' id='word_1_167' title='bbox 603 1761 779 1808; x_wconf 83' lang='lat' dir='ltr'>folium</span> <span class='ocrx_word' id='word_1_168' title='bbox 813 1763 916 1809; x_wconf 89' lang='grc'>223</span> <span class='ocrx_word' id='word_1_169' title='bbox 959 1778 1191 1810; x_wconf 89' lang='lat' dir='ltr'>versuum</span> <span class='ocrx_word' id='word_1_170' title='bbox 1226 1762 1291 1808; x_wconf 87' lang='lat'>25</span> <span class='ocrx_word' id='word_1_171' title='bbox 1333 1762 1797 1824; x_wconf 85' lang='lat' dir='ltr'>interpretationem</span> <span class='ocrx_word' id='word_1_172' title='bbox 1829 1777 1941 1810; x_wconf 90' lang='grc'><strong>0011-</strong></span> 
     </span>
     <span class='ocr_line' id='line_1_23' title="bbox 253 1834 1942 1897; baseline 0.001 -17"><span class='ocrx_word' id='word_1_173' title='bbox 253 1834 429 1894; x_wconf 89' lang='grc'><strong>11110118,</strong></span> <span class='ocrx_word' id='word_1_174' title='bbox 469 1834 697 1896; x_wconf 85' lang='lat' dir='ltr'>deinceps</span> <span class='ocrx_word' id='word_1_175' title='bbox 736 1835 1044 1883; x_wconf 88' lang='lat' dir='ltr'>desideratur</span> <span class='ocrx_word' id='word_1_176' title='bbox 1081 1836 1428 1896; x_wconf 88' lang='lat' dir='ltr'>interpretatio</span> <span class='ocrx_word' id='word_1_177' title='bbox 1467 1851 1699 1884; x_wconf 85' lang='lat' dir='ltr'>versuum</span> <span class='ocrx_word' id='word_1_178' title='bbox 1741 1837 1824 1897; x_wconf 88' lang='lat'>66,</span> <span class='ocrx_word' id='word_1_179' title='bbox 1868 1850 1942 1883; x_wconf 88' lang='lat' dir='ltr'>se-</span> 
     </span>
     <span class='ocr_line' id='line_1_24' title="bbox 254 1908 1940 1970; baseline 0.001 -16"><span class='ocrx_word' id='word_1_180' title='bbox 254 1908 424 1968; x_wconf 91' lang='lat' dir='ltr'>quitur</span> <span class='ocrx_word' id='word_1_181' title='bbox 454 1908 628 1956; x_wconf 84' lang='lat' dir='ltr'>folium</span> <span class='ocrx_word' id='word_1_182' title='bbox 662 1910 767 1956; x_wconf 82' lang='lat'>224</span> <span class='ocrx_word' id='word_1_183' title='bbox 800 1925 1033 1957; x_wconf 86' lang='lat' dir='ltr'>versuum</span> <span class='ocrx_word' id='word_1_184' title='bbox 1068 1910 1134 1956; x_wconf 89' lang='grc'>28</span> <span class='ocrx_word' id='word_1_185' title='bbox 1177 1908 1639 1970; x_wconf 86' lang='lat' dir='ltr'>interpretationem</span> <span class='ocrx_word' id='word_1_186' title='bbox 1671 1909 1940 1970; x_wconf 86' lang='lat' dir='ltr'>continens,</span> 
     </span>
     <span class='ocr_line' id='line_1_25' title="bbox 254 1981 1943 2044; baseline 0.001 -16"><span class='ocrx_word' id='word_1_187' title='bbox 254 1984 502 2042; x_wconf 90' lang='lat' dir='ltr'>postremo</span> <span class='ocrx_word' id='word_1_188' title='bbox 558 1981 694 2030; x_wconf 88' lang='lat' dir='ltr'>deest</span> <span class='ocrx_word' id='word_1_189' title='bbox 746 1998 979 2030; x_wconf 83' lang='lat' dir='ltr'>versuum</span> <span class='ocrx_word' id='word_1_190' title='bbox 1021 1985 1088 2031; x_wconf 87' lang='lat'>65</span> <span class='ocrx_word' id='word_1_191' title='bbox 1136 1983 1505 2044; x_wconf 84' lang='lat' dir='ltr'>interpretatio:</span> <span class='ocrx_word' id='word_1_192' title='bbox 1559 1983 1676 2031; x_wconf 90' lang='lat' dir='ltr'>hinc</span> <span class='ocrx_word' id='word_1_193' title='bbox 1730 1983 1943 2031; x_wconf 87' lang='lat' dir='ltr'>efficitur</span> 
     </span>
    </p>
   </div>
   <div class='ocr_carea' id='block_1_3' title="bbox 255 2057 1942 2189">
    <p class='ocr_par' dir='ltr' id='par_1_3' title="bbox 255 2057 1942 2189">
     <span class='ocr_line' id='line_1_26' title="bbox 255 2057 1942 2118; baseline 0.001 -16"><span class='ocrx_word' id='word_1_194' title='bbox 255 2069 446 2103; x_wconf 88' lang='lat' dir='ltr'>summa</span> <span class='ocrx_word' id='word_1_195' title='bbox 498 2071 731 2103; x_wconf 85' lang='lat' dir='ltr'>versuum</span> <span class='ocrx_word' id='word_1_196' title='bbox 773 2058 901 2116; x_wconf 87' lang='lat'><strong>228,</strong></span> <span class='ocrx_word' id='word_1_197' title='bbox 957 2072 1054 2118; x_wconf 91' lang='lat' dir='ltr'>qua</span> <span class='ocrx_word' id='word_1_198' title='bbox 1108 2071 1234 2104; x_wconf 89' lang='lat' dir='ltr'>unus</span> <span class='ocrx_word' id='word_1_199' title='bbox 1289 2057 1514 2118; x_wconf 86' lang='lat' dir='ltr'>expletur</span> <span class='ocrx_word' id='word_1_200' title='bbox 1565 2057 1824 2118; x_wconf 91' lang='lat' dir='ltr'>quaternio</span> <span class='ocrx_word' id='word_1_201' title='bbox 1873 2057 1942 2104; x_wconf 87' lang='lat' dir='ltr'>sic</span> 
     </span>
     <span class='ocr_line' id='line_1_27' title="bbox 255 2126 1942 2189; baseline 0.002 -14"><span class='ocrx_word' id='word_1_202' title='bbox 255 2126 586 2189; x_wconf 87' lang='lat' dir='ltr'>disponendus</span> <span class='ocrx_word' id='word_1_203' title='bbox 634 2131 681 2177; x_wconf 93' lang='grc' dir='ltr'>Ο.</span> <span class='ocrx_word' id='word_1_204' title='bbox 722 2132 768 2178; x_wconf 92' lang='grc' dir='ltr'>Ο.</span> <span class='ocrx_word' id='word_1_205' title='bbox 813 2132 932 2178; x_wconf 92' lang='grc'>223.</span> <span class='ocrx_word' id='word_1_206' title='bbox 973 2133 1021 2179; x_wconf 94' lang='grc' dir='ltr'>Ο.</span> <span class='ocrx_word' id='word_1_207' title='bbox 1062 2133 1109 2179; x_wconf 93' lang='grc' dir='ltr'>Ο.</span> <span class='ocrx_word' id='word_1_208' title='bbox 1152 2131 1272 2177; x_wconf 88' lang='grc'>224.</span> <span class='ocrx_word' id='word_1_209' title='bbox 1312 2132 1360 2178; x_wconf 94' lang='grc' dir='ltr'>Ο.</span> <span class='ocrx_word' id='word_1_210' title='bbox 1400 2132 1434 2179; x_wconf 93' lang='grc' dir='ltr'>Ο</span> <span class='ocrx_word' id='word_1_211' title='bbox 1527 2146 1638 2178; x_wconf 87' lang='grc'><strong>011111</strong></span> <span class='ocrx_word' id='word_1_212' title='bbox 1693 2132 1825 2178; x_wconf 87' lang='grc'><strong>0111111</strong></span> <span class='ocrx_word' id='word_1_213' title='bbox 1879 2130 1942 2178; x_wconf 90' lang='lat' dir='ltr'>ad</span> 
     </span>
    </p>
   </div>
   <div class='ocr_carea' id='block_1_4' title="bbox 257 2195 2012 2827">
    <p class='ocr_par' dir='ltr' id='par_1_4' title="bbox 257 2195 2012 2827">
     <span class='ocr_line' id='line_1_28' title="bbox 741 2195 1322 2286; baseline -0.002 -3"><span class='ocrx_word' id='word_1_214' title='bbox 741 2195 1322 2286; x_wconf 38' lang='lat' dir='ltr'><em>Q</em></span> 
     </span>
     <span class='ocr_line' id='line_1_29' title="bbox 257 2317 1940 2383; baseline 0.003 -19"><span class='ocrx_word' id='word_1_215' title='bbox 257 2317 405 2366; x_wconf 88' lang='lat' dir='ltr'>finem</span> <span class='ocrx_word' id='word_1_216' title='bbox 444 2335 716 2381; x_wconf 90' lang='lat' dir='ltr'>properans</span> <span class='ocrx_word' id='word_1_217' title='bbox 754 2321 981 2370; x_wconf 89' lang='lat' dir='ltr'>Donatus</span> <span class='ocrx_word' id='word_1_218' title='bbox 1019 2323 1140 2370; x_wconf 88' lang='grc'><strong>10110</strong></span> <span class='ocrx_word' id='word_1_219' title='bbox 1176 2324 1280 2371; x_wconf 89' lang='grc'>232</span> <span class='ocrx_word' id='word_1_220' title='bbox 1325 2326 1408 2383; x_wconf 83' lang='grc'>29,</span> <span class='ocrx_word' id='word_1_221' title='bbox 1447 2322 1582 2370; x_wconf 87' lang='grc'><strong>101118</strong></span> <span class='ocrx_word' id='word_1_222' title='bbox 1614 2323 1717 2371; x_wconf 89' lang='grc'>233</span> <span class='ocrx_word' id='word_1_223' title='bbox 1753 2324 1802 2370; x_wconf 87' lang='grc'>01</span> <span class='ocrx_word' id='word_1_224' title='bbox 1835 2323 1940 2370; x_wconf 87' lang='grc'>235</span> 
     </span>
     <span class='ocr_line' id='line_1_30' title="bbox 259 2392 1942 2458; baseline 0.004 -20"><span class='ocrx_word' id='word_1_225' title='bbox 259 2392 330 2439; x_wconf 89' lang='grc'>30</span> <span class='ocrx_word' id='word_1_226' title='bbox 371 2407 539 2440; x_wconf 86' lang='lat' dir='ltr'>versus</span> <span class='ocrx_word' id='word_1_227' title='bbox 578 2392 891 2457; x_wconf 87' lang='lat' dir='ltr'>Vergilianos</span> <span class='ocrx_word' id='word_1_228' title='bbox 931 2395 1222 2457; x_wconf 90' lang='lat' dir='ltr'>absolverit,</span> <span class='ocrx_word' id='word_1_229' title='bbox 1261 2397 1386 2444; x_wconf 92' lang='lat' dir='ltr'>nihil</span> <span class='ocrx_word' id='word_1_230' title='bbox 1426 2396 1592 2445; x_wconf 86' lang='lat' dir='ltr'>obstat</span> <span class='ocrx_word' id='word_1_231' title='bbox 1631 2397 1751 2458; x_wconf 89' lang='lat' dir='ltr'>quin</span> <span class='ocrx_word' id='word_1_232' title='bbox 1795 2396 1942 2444; x_wconf 84' lang='lat' dir='ltr'>huius</span> 
     </span>
     <span class='ocr_line' id='line_1_31' title="bbox 258 2466 1942 2531; baseline 0.004 -20"><span class='ocrx_word' id='word_1_233' title='bbox 258 2466 595 2525; x_wconf 82' lang='lat' dir='ltr'>quaternionis</span> <span class='ocrx_word' id='word_1_234' title='bbox 641 2466 737 2515; x_wconf 90' lang='lat' dir='ltr'>duo</span> <span class='ocrx_word' id='word_1_235' title='bbox 783 2468 924 2516; x_wconf 81' lang='lat' dir='ltr'>folia.</span> <span class='ocrx_word' id='word_1_236' title='bbox 950 2469 1114 2517; x_wconf 88' lang='lat' dir='ltr'>media</span> <span class='ocrx_word' id='word_1_237' title='bbox 1155 2471 1246 2531; x_wconf 89' lang='grc'>66,</span> <span class='ocrx_word' id='word_1_238' title='bbox 1294 2470 1390 2519; x_wconf 88' lang='lat' dir='ltr'>duo</span> <span class='ocrx_word' id='word_1_239' title='bbox 1436 2470 1616 2518; x_wconf 85' lang='lat' dir='ltr'>ultima</span> <span class='ocrx_word' id='word_1_240' title='bbox 1665 2470 1731 2517; x_wconf 87' lang='lat'>65</span> <span class='ocrx_word' id='word_1_241' title='bbox 1771 2484 1942 2518; x_wconf 76' lang='lat' dir='ltr'>versus</span> 
     </span>
     <span class='ocr_line' id='line_1_32' title="bbox 257 2538 2012 2607; baseline 0.003 -21"><span class='ocrx_word' id='word_1_242' title='bbox 257 2538 511 2599; x_wconf 81' lang='lat' dir='ltr'>complexa</span> <span class='ocrx_word' id='word_1_243' title='bbox 550 2540 661 2588; x_wconf 88' lang='lat' dir='ltr'>sint.</span> <span class='ocrx_word' id='word_1_244' title='bbox 738 2543 978 2590; x_wconf 84' lang='lat' dir='ltr'>iacturam</span> <span class='ocrx_word' id='word_1_245' title='bbox 1026 2546 1194 2591; x_wconf 88' lang='lat' dir='ltr'>autem</span> <span class='ocrx_word' id='word_1_246' title='bbox 1239 2545 1291 2592; x_wconf 88' lang='lat' dir='ltr'>in</span> <span class='ocrx_word' id='word_1_247' title='bbox 1338 2546 1446 2607; x_wconf 89' lang='lat' dir='ltr'>ipso</span> <span class='ocrx_word' id='word_1_248' title='bbox 1493 2543 1659 2592; x_wconf 87' lang='lat' dir='ltr'>codice</span> <span class='ocrx_word' id='word_1_249' title='bbox 1697 2542 1942 2592; x_wconf 88' lang='lat' dir='ltr'>Vaticano</span> <span class='ocrx_word' id='word_1_250' title='bbox 2006 2552 2012 2556; x_wconf 85' lang='grc'><em>“</em></span> 
     </span>
     <span class='ocr_line' id='line_1_33' title="bbox 258 2611 1943 2678; baseline 0.004 -20"><span class='ocrx_word' id='word_1_251' title='bbox 258 2611 444 2659; x_wconf 78' lang='lat' dir='ltr'>factam</span> <span class='ocrx_word' id='word_1_252' title='bbox 483 2628 586 2661; x_wconf 88' lang='lat' dir='ltr'>esse</span> <span class='ocrx_word' id='word_1_253' title='bbox 624 2613 739 2662; x_wconf 89' lang='lat' dir='ltr'>inde</span> <span class='ocrx_word' id='word_1_254' title='bbox 779 2618 1001 2677; x_wconf 83' lang='lat' dir='ltr'>apparet,</span> <span class='ocrx_word' id='word_1_255' title='bbox 1034 2617 1165 2678; x_wconf 90' lang='lat' dir='ltr'>quod</span> <span class='ocrx_word' id='word_1_256' title='bbox 1202 2620 1302 2666; x_wconf 89' lang='lat' dir='ltr'>tres</span> <span class='ocrx_word' id='word_1_257' title='bbox 1341 2618 1420 2665; x_wconf 92' lang='lat' dir='ltr'>illi</span> <span class='ocrx_word' id='word_1_258' title='bbox 1456 2618 1623 2665; x_wconf 84' lang='lat' dir='ltr'>hiatus</span> <span class='ocrx_word' id='word_1_259' title='bbox 1658 2617 1790 2664; x_wconf 89' lang='lat' dir='ltr'>inter</span> <span class='ocrx_word' id='word_1_260' title='bbox 1818 2617 1943 2665; x_wconf 84' lang='lat' dir='ltr'>folia</span> 
     </span>
     <span class='ocr_line' id='line_1_34' title="bbox 259 2684 1942 2754; baseline 0.004 -23"><span class='ocrx_word' id='word_1_261' title='bbox 259 2684 455 2747; x_wconf 82' lang='lat' dir='ltr'>integra</span> <span class='ocrx_word' id='word_1_262' title='bbox 508 2686 830 2736; x_wconf 86' lang='lat' dir='ltr'>intercedunt.</span> <span class='ocrx_word' id='word_1_263' title='bbox 914 2690 1012 2737; x_wconf 87' lang='grc'><strong>11111</strong></span> <span class='ocrx_word' id='word_1_264' title='bbox 1065 2706 1182 2754; x_wconf 89' lang='lat' dir='ltr'>ergo</span> <span class='ocrx_word' id='word_1_265' title='bbox 1245 2691 1363 2738; x_wconf 89' lang='lat' dir='ltr'>olim</span> <span class='ocrx_word' id='word_1_266' title='bbox 1426 2691 1686 2753; x_wconf 84' lang='lat' dir='ltr'>quaternio</span> <span class='ocrx_word' id='word_1_267' title='bbox 1738 2689 1942 2750; x_wconf 84' lang='lat' dir='ltr'>XXXII,</span> 
     </span>
     <span class='ocr_line' id='line_1_35' title="bbox 259 2757 1942 2827; baseline 0.005 -23"><span class='ocrx_word' id='word_1_268' title='bbox 259 2757 401 2805; x_wconf 86' lang='lat' dir='ltr'>ouius</span> <span class='ocrx_word' id='word_1_269' title='bbox 448 2773 560 2807; x_wconf 90' lang='lat' dir='ltr'>cum</span> <span class='ocrx_word' id='word_1_270' title='bbox 606 2762 823 2808; x_wconf 89' lang='lat' dir='ltr'>extrema</span> <span class='ocrx_word' id='word_1_271' title='bbox 870 2762 1042 2810; x_wconf 89' lang='lat' dir='ltr'>charta</span> <span class='ocrx_word' id='word_1_272' title='bbox 1087 2779 1319 2812; x_wconf 88' lang='lat' dir='ltr'>numerus</span> <span class='ocrx_word' id='word_1_273' title='bbox 1366 2780 1562 2827; x_wconf 89' lang='lat' dir='ltr'>quoque</span> <span class='ocrx_word' id='word_1_274' title='bbox 1601 2763 1828 2825; x_wconf 85' lang='lat' dir='ltr'>adpictus</span> <span class='ocrx_word' id='word_1_275' title='bbox 1866 2764 1942 2811; x_wconf 89' lang='lat' dir='ltr'>in-</span> 
     </span>
    </p>
   </div>
   <div class='ocr_carea' id='block_1_5' title="bbox 253 2830 2014 2973">
    <p class='ocr_par' dir='ltr' id='par_1_5' title="bbox 253 2830 2014 2973">
     <span class='ocr_line' id='line_1_36' title="bbox 259 2830 1942 2900; baseline 0.004 -23"><span class='ocrx_word' id='word_1_276' title='bbox 259 2830 412 2878; x_wconf 77' lang='lat' dir='ltr'>teriit.</span> <span class='ocrx_word' id='word_1_277' title='bbox 475 2833 663 2895; x_wconf 86' lang='lat' dir='ltr'>excepit</span> <span class='ocrx_word' id='word_1_278' title='bbox 702 2849 812 2882; x_wconf 86' lang='lat' dir='ltr'>eum</span> <span class='ocrx_word' id='word_1_279' title='bbox 852 2837 1034 2896; x_wconf 84' lang='lat' dir='ltr'>ternio3</span> <span class='ocrx_word' id='word_1_280' title='bbox 1073 2852 1187 2884; x_wconf 89' lang='lat' dir='ltr'>nam</span> <span class='ocrx_word' id='word_1_281' title='bbox 1226 2840 1342 2900; x_wconf 86' lang='lat' dir='ltr'>post</span> <span class='ocrx_word' id='word_1_282' title='bbox 1380 2839 1617 2900; x_wconf 88' lang='lat' dir='ltr'>quattuor</span> <span class='ocrx_word' id='word_1_283' title='bbox 1656 2852 1782 2898; x_wconf 86' lang='lat' dir='ltr'>quae</span> <span class='ocrx_word' id='word_1_284' title='bbox 1811 2851 1942 2884; x_wconf 87' lang='lat' dir='ltr'>nunc</span> 
     </span>
     <span class='ocr_line' id='line_1_37' title="bbox 253 2903 2014 2973; baseline 0.005 -23"><span class='ocrx_word' id='word_1_285' title='bbox 253 2903 440 2952; x_wconf 75' lang='lat' dir='ltr'>ultima</span> <span class='ocrx_word' id='word_1_286' title='bbox 493 2920 595 2953; x_wconf 85' lang='lat' dir='ltr'>esse</span> <span class='ocrx_word' id='word_1_287' title='bbox 649 2906 752 2955; x_wconf 87' lang='lat' dir='ltr'>dixi</span> <span class='ocrx_word' id='word_1_288' title='bbox 805 2907 927 2956; x_wconf 85' lang='lat' dir='ltr'>folia</span> <span class='ocrx_word' id='word_1_289' title='bbox 975 2911 1278 2958; x_wconf 85' lang='lat'><strong>233—236</strong></span> <span class='ocrx_word' id='word_1_290' title='bbox 1342 2909 1439 2960; x_wconf 90' lang='lat' dir='ltr'>duo</span> <span class='ocrx_word' id='word_1_291' title='bbox 1497 2912 1719 2973; x_wconf 87' lang='lat' dir='ltr'>suspicor</span> <span class='ocrx_word' id='word_1_292' title='bbox 1771 2909 1938 2958; x_wconf 86' lang='lat' dir='ltr'>eadem</span> <span class='ocrx_word' id='word_1_293' title='bbox 2012 2936 2014 2939; x_wconf 96' lang='lat'>·</span> 
     </span>
    </p>
   </div>
  </div>
 </body>
</html>
