2014 3226
174 197 283 249 344
641 193 873 237 DONATI
903 192 1182 236 INTERPR.
1215 191 1393 235 VERG.

1967 310 1980 355 ⁶-
1966 216 1978 274 &122

173 338 349 384 horum
389 351 620 382 versuum
661 349 830 382 sensus
872 332 1129 379 ordinatur
1162 332 1251 379 sic:
1292 347 1405 378 cum
1437 331 1532 378 duo
1567 346 1773 392 corpora
1805 331 1867 378 de

174 426 377 458 numero
418 411 586 456 nostro
626 423 804 469 prensa
843 422 995 453 manu
1035 421 1218 468 magna
1248 405 1508 466 resupinus
1540 405 1592 451 in
1625 407 1767 452 antro
1801 404 1861 452 ad

176 501 347 532 saxum
394 484 644 545 frangeret
691 484 740 528 et
785 479 971 541 trepidi
1017 482 1283 527 tremerent
1330 479 1418 526 sub
1460 478 1686 526 dentibus
1728 481 1863 526 artus

178 573 233 606 ac
273 557 528 604 manderet
565 555 786 602 membra
823 554 941 601 tabo
981 553 1187 600 fluentia
1220 554 1454 613 sanieque
1487 567 1686 613 aspersa
1725 555 1862 599 nata-

175 635 285 678 rent
324 631 513 690 limina,
545 629 649 676 vidi
690 629 896 691 egomet.
956 626 1074 685 vidi,
1108 627 1238 688 quod
1279 626 1429 674 semel
1469 626 1607 686 dixit,
1646 627 1862 687 itemque
1911 641 1934 674 5

177 722 287 752 cum
329 704 390 751 ad
431 704 595 750 omnia
634 703 898 764 pertinent,
935 704 994 748 ut
1034 702 1098 748 sit
1136 701 1255 761 vidi,
1288 715 1399 747 oum
1439 700 1534 748 duo
1569 715 1774 761 corpora
1807 699 1865 746 de
1972 690 1978 695 ’

176 794 378 825 numero
420 778 588 824 nostro
628 792 779 823 manu
818 791 1001 838 magna
1039 775 1300 835 resupinus
1339 776 1392 820 in
1425 776 1566 822 antro
1600 774 1662 821 ad
1694 789 1866 821 saxum

177 854 444 914 frangeret,
483 851 600 910 vidi,
634 865 742 896 cum
783 849 967 910 trepidi
1005 850 1274 896 tremerent
1313 847 1403 895 sub
1444 847 1673 894 dentibus
1714 849 1866 908 artus,

178 926 293 986 vidi,
335 941 445 972 cum
483 924 738 971 manderet
777 923 998 971 membra
1029 922 1147 970 tabo
1179 923 1399 982 fluentia,
1431 921 1548 982 vidi,
1581 937 1692 969 cum
1732 921 1868 969 sanie

179 1014 378 1061 aspersa
433 1001 664 1046 natarent
713 997 902 1044 limina.
978 997 1098 1044 hant
1140 998 1324 1056 inpune
1371 996 1585 1055 quidem:
1647 994 1732 1043 sed
1776 995 1868 1041 hoc
1893 1011 1938 1043 ιο

177 1075 365 1121 factum
395 1089 495 1120 non
529 1072 572 1118 ei
605 1071 762 1120 cessit.
818 1072 944 1118 haut
974 1072 1159 1132 inpune
1192 1070 1393 1132 quidem
1423 1084 1510 1118 nee
1541 1069 1662 1117 talia
1684 1082 1870 1128 passas

189 1149 376 1196 Ulioees:
430 1146 623 1207 Ulixes,
668 1147 855 1206 inquit,
902 1145 1027 1192 talia
1065 1145 1228 1191 inulta
1265 1159 1519 1191 remanere
1558 1159 1657 1191 non
1695 1157 1871 1204 passus

179 1224 265 1268 est.
328 1220 558 1269 oblitusve
596 1221 675 1267 sui
714 1222 782 1267 est
819 1219 1020 1266 Ithacus
1059 1219 1339 1266 discrimine
1378 1221 1533 1265 tanto:
1574 1218 1732 1264 omnis
1766 1215 1870 1277 qui-

180 1296 290 1342 dem
328 1311 432 1354 nos,
465 1295 553 1354 ait,
585 1294 749 1341 dirum
786 1293 914 1340 illud
953 1293 1175 1340 turbavit
1213 1293 1503 1353 exemplum,
1535 1290 1705 1338 Ulixes
1739 1291 1871 1338 solus

179 1372 360 1416 natura
416 1367 647 1427 callidus,
701 1382 792 1415 usu
856 1369 905 1415 et
965 1367 1164 1430 ingenio
1227 1366 1541 1414 vehementer
1601 1366 1871 1412 instructus
1897 1379 1941 1412 15

179 1446 350 1491 tantae
391 1442 701 1490 crudelitatis
741 1442 852 1502 yisu
892 1440 1095 1488 territus
1135 1455 1234 1488 non
1275 1442 1348 1487 est
1387 1455 1545 1500 neque
1583 1439 1766 1486 oblitus
1799 1439 1874 1485 est

93 1523 178 1563 630
197 1519 274 1566 sui
310 1517 404 1564 hoc
444 1517 518 1564 est
555 1531 655 1564 non
693 1515 912 1577 perdidit
949 1514 1245 1562 industriam
1286 1515 1500 1562 solitam.
1570 1528 1688 1560 nain
1726 1511 1874 1560 simul

183 1591 395 1651 expletus
433 1591 644 1650 dapibus
682 1592 887 1649 vinoque
925 1589 1142 1648 sepultas
1181 1589 1408 1637 cervicem
1447 1589 1679 1645 inflexam
1708 1587 1878 1646 posuit

180 1667 422 1724 iacuitque
450 1679 546 1724 per
584 1665 782 1712 anbrain
819 1665 1109 1718 inmensam,
1139 1663 1328 1710 saniem
1368 1664 1592 1709 eructans
1631 1663 1674 1708 et
1712 1660 1876 1719 frasta

183 1742 375 1786 cruento
404 1753 500 1798 per
537 1752 762 1786 somniem
801 1739 1055 1785 comminata
1092 1750 1247 1784 meio:
1287 1737 1431 1798 signa
1469 1736 1635 1782 omnia
1674 1734 1876 1781 fuerunt
1899 1750 1945 1782 20
1984 1763 1989 1813 !

182 1812 356 1861 beluae
403 1811 612 1860 iacentis
660 1811 967 1860 occasionem
1012 1811 1297 1894 praebentis
1345 1809 1409 1857 ad
1454 1809 1695 1856 ultionem
1732 1809 1785 1854 in
1825 1823 1876 1855 se

183 1886 555 1948 perficiendam3
616 1887 896 1948 prostratus
951 1886 1082 1933 enim
1135 1901 1225 1947 per
1279 1885 1477 1931 antrum
1529 1898 1586 1930 ac
1630 1882 1876 1930 resolutus
1979 1848 1989 1946 J

185 1961 348 2008 fuerat
402 1960 627 2008 omnibus
680 1959 934 2020 membris,
991 1960 1178 2006 cervice
1227 1957 1408 2005 inflexa
1452 1957 1543 2005 hoe
1592 1958 1667 2004 est
1714 1956 1877 2017 capite
1980 1950 1989 2022 ᾗ

185 2034 425 2082 inclinato
476 2036 526 2082 et
579 2033 783 2082 cervicis
839 2033 999 2081 officio
1054 2032 1334 2092 deficiente,
1389 2031 1595 2078 eiectam
1647 2029 1878 2077 ructabat
1983 2027 1987 2037 ’

188 2108 375 2156 saniem
422 2110 471 2155 et
517 2109 679 2156 frusta
725 2123 851 2170 quae
897 2108 1163 2156 voraverat
1207 2105 1494 2154 reiectabat.
1569 2119 1659 2152 nos
1695 2118 1878 2164 mayna
1901 2117 1947 2152 25

98 2187 184 2227 635
192 2183 384 2242 precati
422 2183 629 2230 nwmina
665 2183 913 2241 sortitique
951 2183 1077 2230 vices
1113 2195 1218 2228 ana
1254 2180 1469 2238 midique
1499 2181 1682 2227 circwm
1711 2177 1878 2238 fwndi-

187 2270 299 2302 mur
354 2258 398 2308 et
449 2256 536 2304 telo
590 2256 754 2303 lumen
806 2256 1110 2303 tenebramas
1165 2256 1302 2302 acuto
1349 2254 1532 2314 11190113,
1571 2253 1698 2312 quod
1743 2254 1880 2299 torva

187 2330 342 2377 solam
382 2330 472 2376 sub
509 2330 668 2388 fronte
707 2330 886 2377 latebat
921 2327 1171 2390 [Aryolici
1201 2328 1340 2387 clipei
1370 2329 1456 2375 aui
1486 2327 1728 2375 Phoebeae
1759 2326 1878 2374 larn-

178 2404 334 2463 padis
385 2401 589 2464 instar]
586 2420 595 2429 ·
656 2402 859 2451 dederat
911 2403 1081 2451 Ulixes
1143 2402 1404 2450 consilium
1458 2403 1517 2448 ut
1569 2415 1668 2448 uno
1723 2399 1883 2459 ocu10,

310 2533 334 2571 2
363 2542 535 2584 prensa
566 2527 602 2570 L
628 2542 767 2583 presa
797 2528 840 2571 R
870 2543 894 2571 r
916 2549 972 2565 =
997 2528 1033 2571 L
1059 2541 1220 2584 pressa
1253 2527 1324 2571 ed.
1492 2531 1520 2569 4
1550 2526 1765 2570 mandere
1794 2524 1883 2567 LR.

191 2601 304 2633 corr.
329 2602 352 2630 r
375 2587 446 2631 ed.
540 2591 656 2631 5-6
688 2589 878 2644 itemque
907 2601 1007 2631 cum
1040 2600 1128 2631 om.
1155 2587 1226 2631 ed.
1320 2590 1345 2630 6
1378 2586 1440 2630 ad
1471 2599 1560 2629 om.
1585 2584 1627 2627 R
1652 2583 1759 2627 add.
1782 2583 1832 2627 r'.
1871 2584 1876 2642 Ι

184 2648 383 2703 pertinet
414 2646 486 2690 ed.
641 2650 695 2690 10
727 2647 804 2690 sed
835 2645 923 2690 LR
953 2661 1063 2690 nam
1094 2646 1166 2690 ed.
1319 2649 1374 2688 12
1406 2645 1558 2688 inulta
1588 2643 1624 2687 L
1663 2643 1810 2687 multa
1839 2642 1883 2686 R

194 2719 307 2749 corr.
340 2720 363 2748 r
386 2727 442 2743 =
467 2705 503 2748 L
534 2706 643 2762 post
673 2710 736 2749 est
766 2706 996 2762 transpoa
1030 2705 1102 2749 ed.
1142 2707 1149 2763 Ι
1190 2718 1285 2750 non
1315 2717 1406 2748 om.
1429 2703 1472 2746 R
1503 2703 1609 2747 add.
1635 2701 1670 2745 r'
1690 2724 1746 2739 =
1770 2701 1820 2746 L.

194 2769 249 2808 15
281 2764 462 2809 calidus
490 2763 534 2807 R
566 2776 678 2807 corr.
710 2779 746 2807 r.
886 2769 940 2808 19
971 2765 1151 2819 frastra
1179 2763 1223 2807 R
1253 2777 1368 2807 corr.
1398 2777 1434 2806 1.
1569 2765 1624 2806 20
1657 2765 1883 2818 quaerunt

192 2823 280 2867 LR
311 2837 426 2880 quae
456 2828 589 2868 erant
620 2822 691 2866 ed.
723 2823 914 2877 fuerunt
943 2837 1028 2867 noe
1061 2822 1119 2867 cf.
1151 2827 1192 2877 8,
1221 2827 1290 2866 11.
1324 2825 1394 2866 55.
1531 2825 1586 2864 21
1611 2821 1884 2877 praebentia

194 2883 265 2927 ed.
352 2886 408 2926 24
431 2884 565 2927 eiecto
581 2881 668 2925 LR
692 2881 772 2925 edI
796 2886 909 2926 -tam
933 2882 1052 2936 edF;
1077 2895 1138 2926 an
1161 2881 1534 2927 eiecta—sanie?
1625 2883 1680 2923 25
1703 2879 1882 2933 frustra

193 2941 236 2985 R
268 2948 384 2986 corr.
413 2955 451 2985 r.
502 2988 505 2990 ,
549 2945 606 2984 26
637 2941 886 2996 mundique
915 2940 958 2984 R
989 2955 1102 2986 corr.
1134 2956 1170 2986 r.
1263 2944 1320 2983 28
1351 2940 1626 2997 Aryolici—
1646 2943 1700 2981 29
1733 2938 1885 2990 instar

195 3001 327 3044 deest
358 3000 407 3044 in
438 2999 540 3056 LR,
571 3000 653 3044 sed
685 2999 957 3056 explicatur.
