2014 3226
218 204 326 257 498
687 203 919 247 DONATI
949 203 1230 247 INTERPR.
1265 203 1444 248 VERG.

221 345 308 406 qui
345 359 484 407 reges
527 359 630 391 esse
662 346 878 405 possent,
918 343 959 391 si
993 343 1321 390 Troianorum
1360 344 1563 391 fortuna
1596 345 1914 393 constitisset.

218 433 331 474 hon,
370 419 551 478 inquit,
593 418 749 465 Beroe
788 418 943 473 vobiS,
982 431 1082 464 non
1119 418 1235 465 haec
1273 418 1527 474 Rhoeteia,
1565 421 1771 466 matres:
1818 418 1913 466 dis-

220 494 366 555 putat
407 491 528 552 quid
567 490 627 538 de
666 491 756 537 illa
796 492 1022 552 sentiret,
1078 494 1283 552 matres,
1338 493 1525 553 inquit,
1565 508 1663 539 non
1704 494 1779 540 est
1816 491 1917 540 ista

220 566 374 612 Beroe
415 580 503 611 nec
541 565 784 612 Rhoeteia
823 565 916 612 hoc
956 567 1030 612 est
1071 563 1338 626 Cretensis,
1381 567 1547 626 potest
1592 566 1821 628 intellegi
1866 567 1916 613 et

220 639 400 686 Rhoeti
453 638 570 685 filia.
665 642 732 686 est
784 639 989 698 Dorycli
1044 641 1283 686 comana:
1337 640 1381 686 si
1435 655 1533 686 non
1585 641 1691 686 erat
1744 639 1914 700 Beroe,
1953 654 1980 691 ι

222 712 466 773 quomodo
508 711 629 759 dicit
668 714 744 760 est
782 712 989 774 Dorycli
1028 712 1261 773 coniunx,
1311 727 1424 759 cum
1462 714 1608 776 longe
1649 712 1917 760 absurdum

220 787 285 835 sit
325 786 615 834 confirmare
657 786 789 848 quod
827 788 1066 849 negatum
1104 785 1371 834 videatur?
1424 788 1588 834 totum
1626 787 1917 851 negativum

221 863 314 922 est,
355 876 469 906 nam
513 860 647 921 quod
686 855 813 907 dixit
851 876 950 907 non
990 862 1086 921 est,
1133 875 1233 907 non
1272 860 1444 921 semel,
1492 861 1576 909 sed
1622 877 1712 922 per
1751 860 1918 908 omnia
1975 885 2014 941 Ὗ

218 934 609 996 intellegendum
649 936 724 982 est
764 937 813 981 et
851 950 951 981 non
988 933 1194 982 habebit
1233 950 1461 995 errorem,
1501 937 1559 982 ut
1589 936 1797 996 putetur
1826 935 1918 982 illa

220 1023 321 1056 esse
364 1009 412 1055 et
450 1024 550 1055 non
590 1023 709 1069 esse,
749 1011 806 1055 ut
837 1009 904 1056 sit
933 1023 1034 1056 non
1067 1010 1141 1056 est
1172 1008 1330 1056 Beroe
1361 1008 1518 1069 vobis,
1557 1024 1655 1055 non
1689 1011 1764 1056 est
1794 1009 1917 1056 haec
1941 1003 1988 1071 ιὰ

218 1081 475 1142 Rhoeteia,
514 1084 714 1143 matres,
753 1098 854 1130 non
894 1083 970 1129 est
1000 1082 1206 1143 Dorycli
1246 1083 1472 1130 coniunx.
1545 1082 1740 1144 expleta
1780 1083 1916 1130 deni-
1968 1125 1975 1147 ·,

221 1171 314 1217 que
355 1156 584 1219 negantis
625 1157 913 1203 coniectura
950 1155 1130 1217 incipit
1162 1156 1455 1218 suspicionis
1489 1172 1606 1204 suae
1638 1157 1798 1218 partis
1832 1157 1916 1203 ad·
1967 1181 1997 1225 „³

220 1245 394 1290 serere,
434 1231 490 1276 ut
523 1230 755 1277 adstruat
792 1245 892 1276 non
933 1245 1036 1278 esse
1077 1230 1239 1291 ipsam
1279 1247 1405 1291 quae
1444 1230 1719 1292 putabatur
1756 1246 1918 1292 neque
1970 1266 1990 1294 Ἰ,

219 1304 469 1351 hominem
509 1319 626 1365 esse,
667 1304 751 1352 sed
791 1304 948 1352 deam.
1027 1304 1185 1352 divim]
1214 1306 1358 1365 sigma
1390 1305 1575 1353 decoris
1608 1305 1918 1365 ardentisque

217 1382 377 1426 notate
415 1379 598 1434 oculo-5,
655 1380 739 1437 qai
776 1380 981 1438 spiritus
1019 1379 1117 1434 illi,
1168 1380 1277 1438 quis
1322 1379 1486 1426 vultus
1546 1380 1732 1426 vocisve
1767 1392 1918 1426 sonus
1940 1378 1994 1439 ¹2⁹

219 1453 293 1500 vel
327 1466 523 1512 yressas
564 1454 722 1500 cunti:
761 1452 982 1500 animum
1020 1452 1267 1514 percurrit
1299 1454 1348 1499 et
1381 1467 1574 1514 corpus,
1612 1455 1670 1499 ut
1707 1452 1834 1500 nihil
1864 1453 1918 1498 in
1970 1447 1995 1512 '⁸5'

220 1542 278 1573 ea
324 1526 577 1574 videretur
633 1541 738 1574 esse
784 1527 1008 1574 mortale.
1095 1526 1228 1588 quod
1274 1525 1498 1587 videtur,
1547 1527 1736 1588 inquit,
1786 1526 1919 1588 quod
1970 1513 1994 1553 .*

219 1601 443 1661 loquitur
491 1599 723 1661 quodque
779 1600 1004 1648 ambulat
1058 1600 1282 1648 divinum
1329 1602 1404 1648 est
1451 1616 1594 1648 omne
1641 1616 1731 1648 nec
1773 1602 1920 1648 sonat
1963 1624 1972 1650 2-

218 1673 471 1722 hominem
508 1689 599 1722 nec
637 1675 890 1722 hominem
928 1676 1188 1722 monstrat.
1268 1674 1408 1722 addit
1456 1674 1594 1722 aliud
1642 1674 1773 1736 quod
1819 1690 1919 1722 non

132 1753 218 1793 650
237 1764 295 1795 ex
336 1749 635 1809 coniectura,
679 1748 764 1796 sed
805 1763 863 1796 ex
901 1749 1114 1796 veritate
1156 1748 1498 1810 descenderat,
1539 1750 1613 1796 ait
1644 1749 1776 1796 enim
1807 1750 1919 1808 ipsa
1940 1760 1986 1810 ῃ

220 1825 398 1882 eyomet
427 1822 616 1870 dudum
639 1821 834 1870 Beroen
864 1823 1084 1883 diyressa
1114 1823 1292 1882 reliqui
1323 1837 1536 1883 aegram,
1567 1823 1919 1883 indiqnantem,
1960 1818 1974 1862 ζ’

220 1896 309 1944 tali
348 1897 476 1956 quod
512 1897 619 1944 sola
658 1900 843 1945 careret
871 1911 1070 1944 munere
1099 1911 1187 1944 nec
1216 1898 1410 1944 meritos
1441 1894 1688 1945 Anchisae
1718 1897 1922 1957 ihferret

220 1971 446 2018 honores:
496 1985 679 2033 magna
724 1970 1055 2030 confirmatio3
1106 1969 1217 2032 ipsa
1262 1971 1431 2032 inquit
1476 1973 1526 2018 et
1574 1970 1755 2018 adiecit
1802 1985 1919 2034 ego3
1958 1961 1977 2013 i

222 2043 495 2106 duplicatio
529 2045 662 2092 enim
691 2045 815 2092 facit
845 2044 1103 2092 meliorem
1132 2043 1294 2104 fidem,
1327 2060 1439 2092 cum
1471 2061 1527 2092 ea
1561 2059 1689 2106 quae
1722 2044 1919 2092 dictura
1952 2031 2000 2094 ἑ

223 2119 297 2165 est
334 2134 435 2166 non
475 2133 533 2164 ex
572 2117 685 2166 aliis
725 2133 776 2166 se
816 2118 1034 2179 audisse,
1081 2118 1167 2166 sed
1211 2119 1379 2180 potius
1418 2118 1602 2166 vidisse
1649 2118 1916 2179 contendit,

222 2190 396 2239 dehinc
442 2192 691 2253 loquentis
741 2192 893 2240 verba
940 2193 1207 2254 sumpsisse
1248 2191 1452 2240 auribus
1500 2194 1549 2240 et
1603 2194 1750 2240 scisse
1798 2191 1917 2254 quid
1952 2189 1982 2256 ’ζὲ

222 2264 415 2313 dixerit.
491 2265 569 2314 his
610 2282 727 2329 ergo
768 2267 965 2329 copiose
998 2266 1133 2328 quod
1179 2265 1375 2314 dicebat
1414 2266 1681 2314 adstruxit:
1729 2265 1918 2313 dudum
1950 2247 1981 2360 32

221 2340 390 2400 inquit
434 2338 615 2388 ducens
665 2341 886 2402 tempore
932 2340 1200 2400 rationem,
1246 2340 1339 2388 hoc
1379 2341 1455 2388 est
1501 2341 1616 2388 ante
1655 2339 1917 2402 paululum
1948 2331 1981 2401 {esf

223 2412 528 2476 significans,
566 2415 627 2460 ut
665 2429 723 2461 ex
761 2415 1084 2475 proximitate
1122 2414 1262 2461 nulla
1300 2414 1555 2462 videretur
1590 2414 1916 2462 intervenisse

224 2501 373 2535 causa
412 2503 538 2548 quae
577 2489 870 2536 memoriam
908 2487 1119 2549 falleret,
1157 2487 1279 2534 item
1321 2503 1350 2536 a
1386 2503 1612 2549 persona,
1650 2489 1761 2549 ipsa
1804 2502 1915 2551 ego·
1943 2495 1950 2497 ’
1992 2550 1995 2553 y

221 2562 350 2622 met3
387 2575 598 2622 persona
631 2563 706 2609 est
739 2561 870 2622 quod
902 2562 1055 2609 etiam
1085 2561 1278 2610 Beroen
1309 2562 1602 2622 nominavit,
1633 2560 1775 2624 signa
1806 2576 1916 2623 per·
1972 2596 1973 2599 η

343 2721 368 2760 2
400 2716 568 2760 thoetia
598 2715 686 2759 LR
715 2717 913 2760 rhoeteia
941 2731 978 2760 r.
1093 2721 1119 2760 5
1149 2717 1293 2761 rhoeti
1322 2715 1410 2758 LR
1442 2717 1503 2760 -ei
1533 2716 1604 2760 ed.
1720 2720 1746 2759 6
1779 2716 1916 2774 lonya
1950 2731 1954 2734 ·

222 2774 259 2819 L
291 2776 451 2833 lonyas
480 2774 522 2818 R
563 2775 692 2832 lonqe
721 2789 745 2817 1·
783 2788 872 2818 om.
906 2775 976 2820 ed.
1029 2777 1035 2832 Ι
1092 2776 1343 2820 absurdum
1373 2774 1460 2818 LR
1493 2775 1562 2818 ed.
1598 2775 1856 2820 -issimum‘1‘
1956 2799 1958 2801 ·

226 2838 280 2877 15
313 2835 394 2891 qui
422 2847 488 2890 sp.
522 2833 609 2876 LR
638 2834 742 2890 quis
771 2848 836 2891 sp.
872 2834 942 2878 ed.
1050 2839 1105 2879 16
1137 2836 1341 2878 animam
1365 2833 1419 2878 R.
1516 2838 1569 2877 18
1602 2847 1775 2890 quoque
1805 2833 1854 2878 L.
1941 2836 1977 2890 ss

226 2898 280 2936 22
313 2893 501 2949 aliquod
523 2892 611 2936 LR
642 2893 729 2937 tali
759 2892 881 2949 quod
910 2907 945 2937 r.
990 2896 996 2949 1
1045 2894 1204 2938 merito
1228 2893 1277 2938 L.
1321 2893 1327 2951 Ι
1378 2893 1552 2948 inferat
1574 2893 1661 2936 LR
1685 2906 1799 2938 corr.
1818 2907 1854 2936 r.

225 2956 282 2995 24
313 2965 415 2996 cum
445 2966 500 2997 ea
522 2965 638 3007 quae
661 2951 748 2995 LR
779 2965 814 2996 c.
842 2965 981 3007 aeque
1005 2951 1085 2995 edI
1108 2966 1247 3009 aeque
1271 2951 1379 2995 edF.
1482 2956 1537 2995 26
1569 2952 1749 2996 scivisse
1781 2951 1858 2999 ed,
1940 2973 1945 2978 ·

226 3015 282 3055 28
313 3016 507 3067 tempore
538 3010 624 3053 LR.
656 3010 727 3054 ed.
754 3010 812 3055 cf.
832 3014 918 3054 634
943 3012 992 3054 et
1017 3015 1087 3066 10,
1105 3015 1160 3055 63
1193 3025 1224 3054 α
1246 3015 1276 3055 t.
1301 3025 1336 3054 r.
1441 3015 1494 3054 31
1530 3012 1665 3055 etiam
1696 3025 1784 3055 om.
1803 3009 1915 3055 edF.

1934 3117 1958 3145 ..Sl
1983 3139 1985 3142 Α

1924 3150 1958 3190 „⁵1³
1983 3148 1986 3158 '

1919 3188 1966 3226 ,ξε
1979 3222 1982 3226 .
