2014 3226
244 173 353 226 350
711 173 941 216 DONATI
972 172 1250 216 INTERPR.
1283 173 1462 218 VERG.

241 315 418 361 Heleni
455 313 664 373 Scyllam
704 317 844 372 atquc
879 312 1197 373 Charybdim:
1235 314 1407 360 timori
1447 312 1719 374 Cyclopum
1759 314 1927 362 ceden-

243 388 360 434 dum
406 388 569 434 fuerat
616 402 924 448 quacumque
970 388 1184 447 ratione,
1241 387 1324 434 sed
1378 387 1493 434 huic
1545 387 1749 435 consilio
1796 388 1928 438 iussa

242 461 421 508 Heleni
468 477 491 507 e
540 460 733 508 diverso
780 461 1067 521 veniebant,
1122 477 1182 508 ne
1230 477 1319 509 nos
1368 463 1455 508 aut
1500 461 1714 508 laniaret
1762 459 1927 522 Scylla.

155 540 238 578 685
258 538 343 582 aut
384 533 658 595 Charybdis
700 534 931 582 sorberet.
1001 537 1126 582 inter
1163 538 1418 595 utramque
1456 537 1589 582 viam
1634 536 1715 582 leti
1760 536 1928 584 discri-

240 611 368 655 mine
399 622 573 667 parvo,
605 611 659 655 ni
698 612 889 656 teneant
918 622 1104 664 cursus,
1139 612 1320 656 certum
1353 612 1420 656 est
1450 610 1568 656 clare
1600 610 1750 657 lintea
1779 613 1927 657 retro:

240 684 450 729 istorum
481 682 726 730 malorum
759 682 1151 730 consideratione
1182 683 1375 730 turbati
1407 683 1701 731 sententiam
1733 682 1926 732 fiximus

239 758 296 802 ut
334 758 463 803 inter
503 755 752 819 geminum
791 758 980 803 metum
1010 757 1336 804 transiremus
1368 756 1519 804 medii
1549 757 1628 804 vel
1659 758 1926 812 retrorsum

240 831 443 893 navigia
485 830 783 877 duceremus.

325 904 475 961 ,Ecce
500 907 659 951 autem
683 904 874 951 Boreas
898 908 1108 965 angusta
1140 905 1201 952 ab
1232 905 1342 952 sede
1365 905 1527 953 Pelori
1557 906 1736 952 missus
1770 905 1927 953 adest:

239 994 366 1038 cum,
404 979 585 1038 inquit,
624 978 749 1025 talia
779 980 1123 1039 tractaremus,
1156 980 1299 1039 quasi
1331 978 1390 1026 ab
1426 979 1592 1039 aliquo
1626 979 1715 1027 deo
1747 979 1942 1029 missus.

237 1052 420 1099 Boreas
452 1053 591 1099 venit
621 1053 765 1100 tanta
797 1054 1151 1114 oportunitate,
1174 1054 1231 1099 ut
1261 1068 1350 1100 nos
1383 1054 1616 1101 continuo
1648 1068 1737 1114 per
1767 1053 1926 1101 multa.

236 1126 345 1173 loca
400 1125 672 1174 detulisset.
755 1128 865 1174 vivo
909 1127 1254 1186 praetervehor
1306 1129 1430 1174 ostia·
1483 1141 1602 1174 saxo
1655 1128 1926 1187 Pantayiae

236 1201 560 1260 ,Meyarosque
596 1202 737 1248 sinus
773 1201 1113 1260 Thapsumque
1150 1202 1405 1248 iacentem:
1444 1216 1533 1262 per
1570 1200 1706 1262 haec,
1745 1201 1924 1262 inquit,

149 1278 234 1316 690
251 1274 361 1321 loca
391 1275 530 1321 venti
561 1274 797 1337 suffragio
828 1276 1168 1323 transivimus.
1231 1275 1354 1323 talia
1384 1276 1687 1322 monstrabat
1714 1276 1924 1335 releyens

237 1352 401 1395 errata
438 1351 704 1396 retrorsum
735 1349 881 1396 litora
911 1347 1307 1404 Achaemenides,
1339 1363 1491 1397 comes
1521 1349 1733 1408 infelicis
1775 1350 1923 1405 Ulioei,

234 1422 432 1470 Sicanio
461 1426 722 1482 praetenta
758 1425 898 1470 sinu:
950 1422 1126 1470 horum
1172 1423 1393 1471 locorum
1439 1424 1642 1471 nomina
1679 1422 1927 1471 referebat
1959 1451 1961 1453 -

234 1495 644 1557 Achaemenides,
693 1496 809 1557 quia
847 1513 936 1558 per
973 1497 1095 1545 haec
1135 1499 1409 1557 erraverat,
1449 1513 1560 1544 cum
1598 1498 1758 1545 socius
1799 1499 1924 1546 esset
1952 1510 1954 1513 ·
1986 1501 1991 1529 ὅ

234 1571 447 1618 hominis
485 1571 715 1630 infelicis,
746 1571 1047 1632 perindeque
1086 1570 1263 1619 habuit
1300 1573 1434 1620 nota.
1499 1572 1804 1619 Plemurium
1833 1586 1924 1619 wn-

234 1645 406 1692 dosum
442 1659 618 1692 nomen
656 1645 819 1693 dixere
848 1647 1044 1704 priores
1080 1645 1356 1706 Ortyyiam:
1393 1646 1559 1707 prisci,
1599 1647 1685 1706 ait,
1717 1645 1810 1693 hoc
1849 1646 1923 1693 est

233 1721 436 1779 veteres,
475 1718 780 1766 Plemurium
820 1719 998 1780 dixere,
1038 1721 1290 1781 sequentis
1331 1720 1442 1767 aevi
1481 1719 1794 1781 appellavere
1834 1717 1941 1767 Or·¹
1989 1758 1993 1771 2

146 1794 231 1833 695
247 1794 454 1856 tygiam.
531 1791 776 1852 Alpheum
827 1795 968 1853 fama
1015 1797 1083 1842 est
1125 1795 1219 1842 huc
1265 1794 1430 1841 Elidis
1477 1808 1668 1841 amnem
1714 1793 1921 1841 occultas
1989 1776 1997 1874 ξ

234 1869 382 1926 eyisse
418 1869 527 1914 vias
564 1868 727 1915 subter
756 1882 906 1923 mare,
940 1870 1024 1928 qui
1052 1883 1186 1916 nunc
1215 1882 1309 1922 ore,
1341 1867 1602 1924 Arethusa,
1633 1871 1713 1914 tuo
1744 1865 1925 1916 Siculis

222 1941 547 2000 perfunditur
576 1941 738 1989 wndis,
802 1957 1137 2003 quaecumque
1168 1942 1396 1990 fabulosa
1435 1942 1552 1988 sunt
1590 1944 1676 1989 aut
1713 1940 1920 2000 incredi-¹
1990 1959 1994 2015 ;

231 2013 354 2062 bilia
398 2015 574 2062 horum
613 2015 864 2079 Vergilius
911 2032 1011 2064 non
1057 2032 1129 2076 se,
1177 2015 1264 2064 sed
1301 2016 1457 2063 alium
1494 2015 1617 2063 facit
1656 2017 1918 2063 auctorem.
1990 2023 1993 2074 ζ

234 2089 344 2149 quis
385 2091 516 2136 enim
554 2089 722 2137 credat
758 2089 890 2151 quod
921 2090 1134 2152 protulit
1163 2090 1313 2151 fama,
1346 2089 1514 2138 subter
1543 2105 1679 2137 mare
1711 2088 1920 2137 fluvium
1953 2097 1955 2102 ’
1988 2078 1992 2093 ”

232 2177 290 2210 ex
328 2162 614 2226 longinquis
653 2163 881 2226 partibus
911 2165 983 2212 ire
1014 2179 1158 2226 posse
1198 2165 1249 2212 et
1285 2164 1582 2211 incolumem
1619 2163 1712 2211 hoc
1743 2165 1817 2211 est
1845 2163 1918 2210 in-

232 2239 522 2298 corruptum
569 2239 720 2299 atque
765 2237 819 2285 in
866 2237 990 2286 alias
1029 2240 1188 2286 terras
1228 2237 1358 2286 exire
1398 2239 1448 2285 et
1485 2239 1680 2285 misceri
1719 2237 1918 2285 Siciliae

230 2308 485 2358 fontibus?
533 2313 659 2359 iussi
687 2313 897 2360 numina
927 2327 1110 2373 mayna
1140 2313 1232 2360 loci
1261 2327 1574 2360 veneramur:
1606 2313 1694 2358 aut
1724 2311 1918 2358 monitu

230 2382 409 2431 Heleni
447 2385 582 2447 iussi,
623 2387 712 2432 aut
751 2385 813 2433 ab
851 2386 1214 2434 Achaemenide
1253 2385 1497 2434 instructi.
1576 2389 1619 2434 et
1653 2385 1768 2433 inde
1806 2399 1917 2433 exu-
1934 2391 1954 2422 ’ί

221 2471 344 2516 pero
374 2460 647 2519 perpinyue
684 2459 843 2507 solum
880 2462 1154 2521 stayncmtis
1185 2460 1373 2508 Helori.
1439 2459 1551 2507 hinc
1589 2459 1716 2507 altas
1755 2461 1915 2507 cautes
1943 2470 1965 2516 ᾗ

143 2532 228 2572 700
236 2533 546 2592 proiectaque
583 2547 709 2580 saxa
745 2533 966 2595 Pachyni
1001 2535 1228 2582 radimus
1267 2537 1311 2581 et
1345 2535 1465 2594 fatis
1501 2547 1770 2594 numquam
1808 2545 1916 2580 con-
1956 2510 1992 2611 {J

229 2619 363 2653 cessa
407 2608 612 2654 moveri:
664 2607 786 2655 haec
832 2623 951 2662 saxa
998 2608 1184 2656 adserit
1219 2606 1479 2655 inmobilia
1518 2621 1636 2655 esse.
1712 2607 1925 2667 apparet¹
1962 2607 1988 2717 ξ

350 2751 368 2789 1
405 2747 593 2804 scyllam
617 2746 653 2790 L
683 2747 826 2805 scylla
849 2749 903 2792 R.
933 2750 939 2804 Ι
966 2749 1124 2793 timore
1153 2748 1226 2792 cd„
1250 2749 1370 2804 post.
1464 2751 1489 2790 9
1521 2749 1579 2792 ab
1603 2746 1690 2790 LR
1720 2761 1751 2791 a
1781 2745 1851 2791 ed.

231 2809 285 2848 13
317 2819 546 2862 mero-sque
575 2807 708 2851 sinus
737 2806 837 2850 LR,
969 2811 1023 2851 17
1055 2812 1303 2852 certaverat
1332 2806 1419 2850 LR
1450 2805 1520 2850 ed.
1553 2810 1786 2850 erraverat
1812 2817 1897 2851 non

320 2869 375 2908 18
414 2865 692 2922 Plemyrium
732 2865 841 2921 LR,
887 2867 970 2910 sed
1014 2865 1140 2910 infra
1177 2866 1467 2922 plemurium.
1649 2869 1704 2908 21
1749 2864 1821 2908 hel
1848 2881 1902 2901 ιν
1974 2879 1979 2885 ⁴

226 2924 315 2968 LR
346 2923 418 2967 ed.
541 2928 596 2967 2⁷
627 2926 811 2970 misce-re
840 2926 1021 2970 ceciliae
1049 2925 1138 2968 LR
1169 2939 1284 2969 corr.
1314 2939 1338 2968 r
1368 2924 1440 2968 cd.
1570 2926 1625 2967 28
1657 2924 1776 2968 iussi
1802 2933 1921 2980 pos

229 2984 316 3029 loci
345 2985 574 3039 transpos.
609 2983 680 3027 ed.
805 2988 860 3028 30
886 2985 1142 3042 perpinyue
1171 2983 1258 3028 LR
1285 2985 1569 3041 praep-inque
1599 2997 1623 3025 r
1652 2982 1724 3026 ed.
