2014 3226
724 176 731 191 “
779 194 1082 240 AENEmos
1115 197 1176 240 Ἦ
1720 203 1827 254 563

137 332 216 378 vel
259 333 375 392 quia
415 334 604 380 occasio
644 335 936 381 transeundi
978 337 1072 383 fuit
1111 338 1398 398 temporalis
1432 340 1481 385 et
1513 340 1636 386 offae
1669 344 1827 388 trans-

137 405 394 453 voratione
427 406 620 469 digesta-
653 409 819 467 potuit
853 407 1089 457 Cerberus
1122 410 1259 458 reddi
1293 413 1446 459 statui
1479 428 1565 459 suo
1599 414 1676 461 vel
1710 417 1827 474 quia

137 478 408 527 festinabat
447 480 509 526 ad
550 483 756 540 patrem.

252 552 489 601 Continuo
535 555 734 602 auditae
771 569 906 603 voees
951 558 1144 616 vaye‘tus
1192 561 1233 604 et
1278 560 1446 618 irzyens
1491 560 1827 620 infantumque

91 642 112 674 5
137 628 333 674 ani-mae
381 628 547 686 flentes
600 629 647 675 in
696 628 861 675 limine
903 631 1093 688 primo:
1146 631 1233 678 ubi
1289 632 1433 679 celeri
1483 648 1671 696 gressu,
1727 650 1823 680 non

136 700 419 762 inpediente
476 699 686 748 Cerbero
748 702 858 763 ripa
912 706 1203 752 transmissa
1258 708 1354 765 est,
1405 722 1517 754 mox
1573 706 1635 754 ad
1692 709 1824 755 auris

134 773 331 822 Aeneae
364 790 510 822 sonus
542 775 880 823 lamentabilis
914 778 1051 824 venit
1082 780 1131 825 et
1163 780 1361 841 vagitus
1395 780 1566 843 ingens
1600 783 1650 828 et
1681 780 1823 828 fletus

133 848 416 896 infantium.
494 863 613 908 quos
651 850 806 896 dulcis
844 853 971 897 ve'tae
1010 854 1204 906 exortis,
1254 853 1342 899 hoc
1391 857 1467 901 est
1505 870 1625 915 quos
1667 854 1824 902 dulcis

132 923 240 970 vita
279 923 376 970 cito
417 922 635 971 deseruit
674 925 724 970 et
760 923 880 971 fecit
919 926 1100 972 exortis
1146 926 1198 971 id
1238 929 1312 973 est
1352 931 1489 973 extra
1529 931 1712 975 sortem
1752 929 1821 975 vi-

66 1010 109 1043 10
132 995 280 1043 vendi
318 996 570 1045 maiorem.
648 1002 691 1045 et
729 998 790 1044 ab
829 998 974 1045 ubere
1018 1003 1185 1058 raptos
1238 1000 1437 1047 abstulit
1483 1004 1594 1048 atra
1640 1001 1742 1049 dies
1781 1006 1823 1049 et

131 1072 304 1130 fwnere
341 1073 508 1118 mersit
546 1072 739 1119 acerbo:
793 1071 855 1118 ad
895 1074 1216 1136 augmentum
1255 1074 1588 1122 miserationis
1629 1074 1823 1123 addidit

133 1143 193 1191 ab
234 1143 382 1191 ubere
421 1147 607 1207 raptos.
687 1145 805 1207 quid
845 1148 975 1192 enim
1015 1146 1186 1194 durius
1233 1163 1382 1208 quam
1430 1149 1709 1209 extorqueri
1747 1148 1820 1195 in-

131 1219 287 1266 sontis
327 1219 570 1266 matribus
618 1218 798 1267 liberos
845 1235 959 1268 suos
998 1223 1047 1268 et
1094 1219 1155 1267 ab
1201 1221 1324 1282 ipsis
1364 1220 1594 1270 uberibus
1634 1222 1821 1280 divelli,

129 1293 290 1353 perire
323 1308 520 1354 quoque
551 1293 803 1341 inmatura
834 1296 992 1341 morte
1026 1296 1074 1341 et
1106 1298 1220 1342 ante
1253 1294 1469 1356 opprimi
1501 1311 1650 1357 quam
1682 1295 1821 1358 loqui

64 1380 106 1413 15
130 1364 442 1427 potuissent?
494 1368 581 1415 hos
610 1369 751 1415 iuxta
780 1367 909 1427 falso
940 1367 1163 1416 danmati
1193 1370 1393 1416 erimine
1423 1371 1613 1416 mortis:
1665 1370 1803 1417 iuxta
1821 1374 1908 1414 430

128 1439 218 1488 hos
249 1441 452 1488 fuerunt
483 1441 561 1488 illi
593 1443 680 1503 qui
711 1441 852 1490 falsis
885 1441 1145 1489 criminum
1176 1441 1630 1490 insimulationibus
1665 1443 1819 1505 pressi

128 1515 244 1562 sunt
282 1516 332 1562 et
369 1514 546 1563 traditi
583 1517 706 1563 neci.
783 1530 869 1564 nee
904 1530 1016 1563 vero
1054 1517 1145 1564 hae
1188 1518 1292 1563 sine
1336 1518 1461 1564 sorte
1505 1516 1670 1572 datae,
1715 1517 1820 1565 sine

9 1630 26 1660 ι
125 1588 285 1636 iudice
329 1589 488 1637 sedes:
542 1591 592 1637 et
628 1592 819 1651 tamen,
857 1590 1043 1651 inquit,
1082 1589 1202 1637 haec
1241 1589 1350 1637 loca
1389 1590 1492 1637 sine
1532 1590 1692 1638 iudice
1731 1595 1819 1638 aut

10 1663 23 1704 ῑ
127 1664 258 1710 sorte
296 1679 397 1712 non
435 1665 566 1712 sunt.
626 1627 869 1722 quaesitor
898 1665 1067 1711 Minos
1099 1678 1279 1711 urnam
1309 1667 1483 1711 movet:
1522 1663 1682 1712 Minos
1713 1664 1817 1711 illic

9 1715 30 1804 ξ
59 1749 104 1784 so
128 1738 178 1784 et
214 1736 502 1798 inquirendi
538 1737 689 1785 habet
730 1739 1027 1799 potestatem
1068 1739 1118 1784 et
1155 1753 1307 1785 urnae
1355 1737 1620 1801 agitandae
1666 1738 1817 1785 licen-

125 1809 264 1870 tiam,
295 1812 367 1872 ut,
401 1812 444 1859 si
473 1811 772 1859 iudiciorum
805 1812 964 1859 exitus
996 1813 1148 1859 etiam
1180 1812 1326 1859 sortis
1367 1810 1628 1858 arbitrium
1669 1827 1816 1873 quae-

124 1885 277 1946 reret,
332 1901 432 1934 non
486 1885 678 1934 deesset
732 1901 886 1933 urnae
939 1884 1231 1933 substantia.
1308 1881 1391 1932 ille
1439 1885 1663 1932 silentum
1708 1899 1816 1932 con-

8 1965 27 2078 ἰ
131 1959 387 2018 ediumque
416 1963 556 2007 vocat
583 1961 800 2019 vitasque
832 1963 875 2007 et
903 1960 1110 2007 erimina
1141 1959 1302 2006 discit:
1339 1958 1424 2006 ille
1462 1958 1515 2005 id
1555 1960 1629 2006 est
1653 1957 1815 2006 Minos

127 2032 365 2081 silentum
410 2033 504 2081 hoc
551 2035 627 2082 est
671 2035 980 2082 mortuorum
1027 2034 1076 2080 et
1119 2033 1549 2096 congregationem
1589 2035 1729 2079 curat
1767 2035 1817 2080 et

8 2081 25 2160 1
59 2119 102 2153 25
125 2106 398 2171 investigat
436 2107 855 2169 quemadmodum
887 2106 1072 2170 singuli
1102 2106 1331 2153 duxerint
1361 2107 1532 2153 vitam.
1585 2106 1815 2166 proxima

125 2179 299 2228 deinde
343 2184 502 2230 tenent
543 2183 714 2230 maesti
753 2182 856 2229 loca
894 2182 977 2241 qui
1014 2180 1108 2228 sibi
1145 2180 1290 2227 letzem
1327 2181 1539 2227 insontes
1568 2193 1800 2240 peperere
1816 2181 1903 2223 48⁶

123 2268 303 2303 manu:
338 2255 566 2316 proxima
602 2255 713 2304 loca
750 2254 843 2303 hoc
882 2257 956 2303 est
987 2269 1017 2302 a
1048 2268 1200 2315 supra
1239 2251 1386 2301 dictis
1420 2268 1518 2301 non
1548 2252 1696 2316 longe
1727 2267 1813 2314 po-

54 2333 58 2335 *
126 2329 223 2376 sita
268 2328 505 2377 tenebant
549 2331 718 2378 tristes
766 2329 875 2391 qui,
922 2343 1035 2375 cum
1080 2328 1301 2376 insontes
1348 2328 1529 2387 essent,
1575 2325 1673 2388 ipsi
1718 2325 1813 2375 sibi

123 2401 404 2451 intulerunt
433 2405 658 2463 mortem,
683 2418 793 2451 cum
826 2402 964 2449 nullo
995 2401 1199 2450 crimine
1222 2403 1576 2463 premerentur.
1630 2399 1815 2447 dicitur

38 2489 103 2524 ‹so
125 2490 275 2524 causa
314 2477 458 2538 facti3
512 2477 639 2525 nihil
678 2477 810 2525 enim
847 2475 907 2524 fit
942 2474 1040 2523 nisi
1080 2474 1213 2536 quod
1250 2473 1465 2523 faciendi
1502 2472 1684 2522 habeat
1729 2488 1810 2520 ne-

124 2551 428 2599 cessitatem:
490 2550 734 2611 lucemque
778 2550 944 2610 perosi
987 2550 1233 2609 proiecere
1278 2549 1500 2595 animas:
1560 2548 1671 2608 ipsa
1715 2546 1814 2595 fuit

126 2623 432 2685 adpetendae
470 2625 645 2674 mortis
683 2624 838 2684 ratic,
878 2622 996 2685 quia
1035 2621 1148 2670 odio
1186 2621 1287 2669 illis
1326 2621 1494 2669 fuerat
1529 2619 1636 2680 lux,
1674 2618 1811 2667 labo·

123 2712 236 2745 rum
282 2700 332 2747 et
379 2714 728 2747 aerumnarum
767 2711 929 2746 causa.
1006 2711 1154 2757 quam
1192 2695 1365 2744 vellent
1399 2694 1586 2742 aethere
1622 2694 1676 2741 in
1714 2693 1812 2741 alto

243 2824 661 2869 'Iinlamentabt’lis
683 2798 726 2867 V
749 2836 862 2868 corr.
889 2821 961 2866 ed.
1059 2824 1085 2864 8
1116 2822 1199 2866 hoc
1228 2824 1292 2865 est
1321 2819 1442 2877 quod
1471 2819 1619 2863 dulcis
1640 2815 1684 2860 V
1711 2817 1753 2861 h.
1772 2830 1807 2861 e.

123 2895 236 2939 quos
264 2882 587 2928 d.ed.14
618 2895 894 2939 quamquam
919 2880 963 2926 V
993 2894 1131 2937 quam
1162 2879 1411 2925 ed.1''1
1441 2882 1589 2922 sertae
1618 2876 1723 2920 date
1753 2874 1807 2919 V.

214 2946 269 2985 19
301 2943 454 2987 minus
487 2941 538 2985 in
575 2941 818 2995 lemmate,
858 2941 1006 2985 minos
1042 2939 1092 2983 in
1130 2938 1322 2995 interpr.
1348 2935 1403 2981 V.
1535 2939 1591 2980 22
1622 2934 1739 2979 desit
1767 2933 1810 2977 V

123 2999 289 3045 deesset
320 3000 391 3045 ed.
428 3002 436 3058 Ι
469 2997 829 3058 consiliumquae
858 2998 902 3044 V
932 2998 1262 3054 conciliumque
1292 2995 1364 3040 ed.
1395 2994 1584 3040 favente
1614 2993 1809 3051 interpr.

1365 3066 1453 3112 36·
