2014 3226
147 210 254 261 438
615 208 845 251 DONATI
876 208 1155 251 INTERPR.
1189 209 1367 253 VERG.

148 352 457 409 animamque
510 349 709 396 vocabat
755 347 1000 396 Anchisae
1053 351 1219 408 ma9ni
1272 351 1526 409 manisque
1571 349 1838 398 Acheronte

147 426 396 471 remissos:
450 423 570 470 haec
610 422 839 482 faciebat,
880 422 1010 484 quod
1049 425 1248 483 putaret
1286 424 1521 471 relaxatis
1563 425 1836 487 egressibus

150 499 366 545 animam
413 497 570 558 patris
619 511 721 544 esse
769 498 1099 558 praesentem,
1147 498 1196 543 et
1241 497 1334 544 hoc
1381 498 1656 559 suspicione
1700 498 1836 545 colli-

149 572 297 634 gebat
329 575 533 630 Aeneas,
566 573 622 617 ut
663 572 774 617 acta
813 572 1059 631 repeteret
1098 572 1147 617 et
1185 573 1384 617 vocaret
1417 571 1633 618 animam
1663 573 1837 632 patris.

149 660 256 692 ecce
297 661 447 691 unam
488 646 706 691 animam
739 647 886 691 vocat
918 644 1162 703 Anchisis,
1202 644 1330 691 unde
1370 646 1681 692 manifestius
1725 661 1837 707 pro·
1862 662 1884 695 5
1948 670 1950 675 ·

148 719 233 766 bat
283 735 429 779 quam
479 733 627 779 supra
668 711 788 783 (81)
828 719 1153 765 tractavimus
1203 720 1488 780 genetivum
1529 734 1631 766 esse
1672 721 1838 782 singu-

149 794 323 853 larem,
371 808 469 839 non
513 791 874 839 nominativum
914 791 1180 853 pluralem,
1227 791 1313 839 ubi
1353 792 1478 839 dixit
1516 794 1838 854 „animaeque

62 872 145 910 100
164 866 463 927 umbraeque
495 864 772 927 paternae“.
827 880 913 913 nec
942 880 1041 913 non
1074 869 1118 913 et
1145 867 1274 920 socii,
1301 880 1424 924 quae
1455 868 1624 926 cuique
1661 870 1728 914 est
1765 881 1839 914 co-

140 943 248 1000 pia,
283 941 394 987 laeti
427 941 556 987 dona
587 941 752 999 ferunt
783 943 1078 998 onerantque
1109 954 1227 987 aras
1258 943 1562 999 mactantque
1592 942 1839 988 iuvencos:

149 1014 548 1075 obsequebantur
601 1016 650 1060 et
706 1013 846 1073 socii,
900 1015 958 1060 ut
1010 1016 1242 1075 poterant
1297 1015 1503 1076 singuli:
1565 1014 1657 1062 hoc
1708 1015 1839 1061 enim
1866 1030 1907 1063 ιο
1944 1059 1945 1063 ,
1987 1022 1998 1079 ᾗ

149 1088 394 1136 Anchisae
433 1089 667 1134 meritum
699 1087 927 1150 exigebat
958 1090 1008 1135 et
1038 1087 1415 1135 honorificentia
1446 1088 1519 1134 fili
1550 1089 1839 1149 praesentis.
1993 1082 1999 1107 ’·

150 1163 380 1223 perfectis
429 1161 750 1209 sollemnibus
799 1163 968 1209 ordine
1015 1163 1141 1208 aena
1189 1163 1347 1209 locant
1392 1162 1479 1209 alii
1525 1163 1718 1222 fusique
1747 1177 1841 1222 per

148 1237 345 1284 herbam
390 1237 634 1283 subiciunt
678 1237 870 1283 veribus
909 1250 1107 1295 prunas
1148 1238 1190 1282 et
1226 1237 1412 1284 viscera
1454 1239 1657 1283 torrent:
1710 1236 1839 1282 mili-

148 1311 270 1358 taris
310 1311 407 1358 ista
448 1309 670 1358 ciborum
703 1311 952 1358 accuratio
987 1311 1061 1356 est
1094 1311 1181 1357 aut
1212 1310 1275 1357 ad
1307 1325 1559 1357 sacrorum
1589 1311 1840 1371 pertinens

148 1385 321 1431 ritum:
361 1399 477 1431 nam
509 1385 561 1431 in
594 1386 769 1431 octavo
801 1383 929 1431 libro
963 1385 1035 1430 ait
1068 1376 1224 1449 (180)
1259 1385 1478 1445 „viscera
1508 1385 1643 1431 tosta
1674 1385 1840 1431 ferunt
1866 1399 1907 1434 15
1935 1411 1943 1415 ›
1987 1426 1990 1431 .

149 1457 449 1506 taurorum“.

63 1537 146 1576 105
261 1533 531 1592 Expectata
563 1532 664 1579 dies
697 1532 870 1580 aderat
902 1545 1174 1591 nonamque
1213 1546 1386 1580 serena
1426 1546 1659 1579 auroram
1688 1532 1841 1579 Phae-

154 1607 328 1654 thontis
368 1608 475 1666 equi
512 1608 614 1654 iam
653 1607 756 1654 luce
793 1606 1047 1654 vehebant:
1087 1607 1347 1667 expectata
1386 1605 1525 1666 dixit,
1558 1606 1701 1667 quasi
1738 1607 1841 1653 tar-

151 1681 261 1729 dius
284 1681 520 1728 venisset:
551 1682 750 1728 tantum
783 1681 915 1727 enim
946 1679 1281 1727 desideranter
1313 1682 1487 1741 optata
1519 1682 1605 1728 est.
1659 1679 1842 1741 quippe

150 1754 385 1816 quicquid
424 1757 622 1817 gratum
663 1757 892 1816 speratur
931 1755 1018 1800 aut
1057 1753 1380 1813 commodum,
1413 1754 1610 1802 etiamsi
1648 1755 1841 1801 mature
1866 1769 1909 1802 20
1949 1746 1951 1751 ¹
1990 1802 1995 1819 ‚

149 1830 433 1890 proveniat,
480 1828 682 1876 tardum
730 1830 816 1876 est.
893 1830 1084 1875 interea
1126 1829 1324 1875 tantum
1364 1829 1550 1875 favoris
1591 1829 1742 1874 etiam
1782 1827 1842 1875 de

149 1903 271 1964 ipsis
318 1902 573 1950 elementis
621 1902 970 1964 dispositiones
1010 1901 1207 1949 Aeneae
1253 1903 1557 1963 meruerant,
1604 1904 1662 1948 ut
1702 1903 1841 1962 opta-

151 1975 266 2024 bilis
306 1976 535 2024 omnibus
575 1976 679 2026 dies
718 1977 804 2024 ille
843 1975 1120 2037 tranquilla
1157 1975 1268 2023 luce
1307 1976 1539 2024 fulsisset.
1613 1976 1842 2034 famaque

147 2051 382 2108 finitimos
423 2054 465 2098 et
502 2052 625 2099 clari
662 2066 836 2098 nomen
874 2049 1076 2098 Acestae
1116 2051 1345 2098 excierat:
1395 2051 1530 2097 fama
1569 2049 1843 2096 edictorum
1945 2103 1947 2110 ε

147 2125 541 2185 spectaculorum
592 2127 642 2172 et
687 2124 881 2172 Acestis
929 2140 1131 2183 nomen,
1187 2123 1318 2186 quod
1371 2123 1424 2170 in
1477 2124 1662 2170 honore
1709 2122 1842 2185 apud
1865 2139 1908 2172 25

149 2198 408 2246 universos
454 2198 639 2260 fuerat,
688 2198 990 2246 excitaverat
1034 2198 1284 2259 proximos
1331 2199 1390 2244 ut
1436 2197 1683 2258 venirent3
1745 2197 1844 2244 fuit

150 2272 286 2319 enim
330 2273 384 2318 in
430 2273 532 2320 illis
578 2272 863 2337 regionibus
908 2273 1164 2334 insperata
1209 2271 1442 2319 ludorum
1481 2271 1667 2335 gratia,
1716 2286 1843 2332 quae

153 2346 375 2393 exoriens
421 2349 624 2408 repente
669 2363 769 2394 non
814 2348 1014 2395 tantum
1064 2347 1420 2393 commanentis
1473 2361 1643 2393 verum
1691 2345 1843 2392 etiam

150 2418 390 2468 finitimos
434 2422 731 2482 provocarat
770 2420 834 2467 ad
871 2419 1142 2468 visendum.
1220 2421 1343 2467 laeto
1382 2419 1663 2479 conpterant
1699 2419 1843 2466 litora

149 2496 285 2541 coetu
307 2495 466 2542 visuri
480 2492 757 2550 Aeneadae,
771 2509 900 2554 pars
916 2497 959 2542 et
973 2497 1154 2542 certare
1169 2495 1365 2554 parati:
1387 2487 1550 2541 breffis
1575 2490 1842 2552 distinctio,
1865 2507 1911 2542 σο

277 2670 299 2708 1
332 2665 597 2723 magnisque
627 2663 712 2707 LR
745 2678 858 2708 corr.
884 2679 919 2708 r.
1073 2668 1099 2708 5
1138 2678 1281 2709 unam
1319 2664 1524 2707 animam
1555 2663 1640 2706 LR
1685 2677 1730 2706 u.
1764 2661 1845 2706 edi
1931 2661 1935 2664 ’

153 2737 197 2767 a.
231 2724 340 2768 edF.
370 2725 376 2781 Ι
405 2725 609 2769 anchises
638 2723 727 2766 LR
759 2725 819 2768 -is
848 2737 933 2767 nos
965 2723 1041 2780 (cf.
1069 2729 1108 2777 1,
1127 2725 1200 2780 34)
1233 2737 1307 2768 -ae
1337 2723 1409 2767 ed.
1533 2726 1558 2765 6
1591 2736 1727 2778 quam
1758 2718 1844 2764 LR·

154 2781 275 2838 quod
306 2783 377 2827 ed.
410 2783 608 2828 fortasse
639 2784 778 2826 recte.
914 2787 938 2826 7
971 2796 1065 2827 non
1095 2782 1182 2826 LR
1212 2781 1293 2826 edl
1324 2786 1367 2826 et
1394 2795 1488 2825 non
1519 2781 1628 2825 edF.
1680 2785 1685 2838 Ι
1736 2781 1844 2836 plu·
1923 2795 1926 2798 “

153 2843 251 2886 rale
287 2845 405 2887 mori
434 2842 470 2886 L
506 2842 736 2898 pluralem
774 2842 891 2886 mori
919 2842 962 2885 R
993 2842 1223 2898 pluralem
1259 2854 1361 2885 cum
1398 2855 1422 2884 1·
1461 2840 1531 2885 ed.
1563 2839 1638 2883 vel
1675 2841 1756 2884 ubi
1792 2839 1844 2883 in
1990 2888 1992 2895 ¹

153 2914 302 2959 marg.
326 2901 377 2946 r‘.
473 2906 527 2946 13
559 2900 753 2946 vembus
776 2901 847 2945 ed.
942 2905 995 2944 17
1029 2914 1231 2946 serenam
1255 2899 1354 2943 LR.
1450 2904 1503 2943 19
1535 2899 1845 2944 desideranter

152 2971 245 3004 om.
271 2960 343 3004 ed.
452 2965 508 3005 23
539 2959 748 3017 fulqisset
777 2959 864 3003 LR
895 2973 1008 3003 corr.
1034 2974 1070 3003 r.
1178 2963 1234 3003 25
1266 2959 1426 3004 acestis
1457 2958 1544 3002 LR
1575 2972 1647 3003 -ae
1678 2957 1750 3002 ed.
1783 2955 1840 3001 cf.
1865 2987 1874 2994 ·
1915 2978 1918 2979 ⁷

156 3032 196 3062 v.
223 3023 294 3064 99.
417 3024 472 3064 29
503 3019 731 3076 finitimus
759 3018 808 3062 L.
839 3020 845 3075 Ι
873 3023 1142 3076 provocaret
1169 3018 1224 3062 R.
1908 3035 1919 3062 ς
1987 3033 1990 3046 ·
