2014 3226
175 140 278 183 XIV
845 133 1184 177 PRAEFATIO

175 278 475 340 „Coroebum
516 277 726 323 stultum
766 275 958 321 inducit
996 274 1299 335 Euphorion,
1341 289 1486 334 quem
1527 275 1576 319 et
1607 272 1865 335 Vergilius

175 354 395 413 sequitur
434 351 552 397 dans
595 351 639 396 ei
681 346 838 396 ‘dolus
880 365 941 395 an
981 349 1155 408 virtus,
1196 349 1306 408 quis
1346 348 1400 393 in
1438 347 1578 394 hoste
1617 343 1862 407 requirat'

178 419 354 490 (390),
403 440 512 471 cum
560 425 623 470 sit
668 424 830 483 turpis
871 421 983 469 dolo
1025 422 1252 482 quaesita
1291 419 1544 468 victoria“.
1623 420 1754 481 quod
1801 420 1864 467 dev

174 499 490 560 Euphorione
539 497 781 544 stultitiae
826 494 1029 543 Coroebi
1076 495 1332 542 inventore
1381 494 1524 541 affert
1563 495 1860 542 commenta·

173 574 295 619 toris
352 573 558 619 alicuius
615 569 795 617 eruditi
850 569 1125 616 doctrinam
1179 568 1370 615 redolet
1426 583 1583 629 neque
1637 569 1691 614 in
1746 568 1862 615 aliis

175 648 276 693 61115
317 645 514 692 fabulae
554 643 778 705 partibus
818 643 1097 706 Vergilium
1135 642 1469 704 Euphorionis
1512 642 1861 689 auctoritatem

175 722 393 766 secutum
451 734 551 766 esse
606 717 909 780 negaverim:
972 718 1024 762 in
1072 717 1288 764 stultitia
1335 717 1464 763 certe
1510 731 1610 763 non
1662 717 1863 762 secutus

174 796 267 852 est,
324 797 378 839 ut
430 794 530 838 iam
585 791 807 851 Heynius
861 791 911 836 in
969 805 1173 837 excursu
1227 790 1270 836 X
1323 789 1596 838 rectissime
1650 790 1862 836 monuit.

171 882 284 912 nam
339 881 495 926 neque
550 865 758 912 stultum
812 864 1064 926 Vergilius
1122 862 1395 911 Coroebum
1455 863 1647 910 inducit
1699 878 1863 924 neque

170 941 319 987 verba
365 940 454 985 illa
502 953 672 986 versus
715 939 820 985 390
870 939 1014 985 stulti
1060 938 1273 985 hominis
1321 953 1423 985 esse
1462 937 1707 986 videntur.
1785 939 1864 984 est

171 1014 277 1073 1100,
317 1015 372 1059 111
409 1012 537 1059 idem
577 1011 801 1073 Heynius
843 1011 977 1071 dicit,
1018 1010 1176 1058 Servii
1216 1013 1562 1071 commentum,
1601 1010 1687 1072 qui
1727 1011 1859 1072 quod

170 1087 444 1149 generatim
483 1086 541 1133 de
581 1086 913 1147 Euphorionis
953 1086 1234 1132 imitatione
1270 1086 1461 1148 legerat
1492 1100 1609 1132 suae
1641 1083 1860 1132 fabricae

171 1162 458 1223 argumento
509 1159 760 1207 illustrare
812 1159 1015 1207 studuit.
1102 1161 1243 1220 atqui
1289 1159 1514 1206 Donatus
1562 1158 1626 1205 ad
1672 1175 1717 1206 v.
1751 1159 1859 1206 388

169 1234 288 1281 haec
335 1233 620 1295 adscripsit:
683 1236 855 1294 „turpe
904 1235 1069 1280 autem
1116 1249 1214 1280 non
1262 1248 1365 1281 esse
1412 1233 1609 1280 insidiis
1663 1233 1858 1281 hostem

169 1309 363 1354 vincere
404 1309 454 1354 et
490 1307 767 1369 periculum
806 1323 1038 1368 praesens
1075 1307 1248 1354 docere
1281 1306 1452 1354 debuit
1484 1308 1534 1354 et
1565 1309 1766 1367 captum
1797 1307 1860 1354 de

169 1380 366 1428 Graecis
391 1380 709 1442 exemplum“.
768 1396 884 1443 ergo
911 1380 1071 1428 Servii
1103 1397 1211 1428 eum
1245 1381 1397 1429 verba
1429 1382 1531 1428 suis
1562 1381 1860 1444 impugnare

170 1456 251 1501 vix
290 1455 451 1502 facere
483 1456 752 1516 poterimus
788 1456 908 1516 quin
942 1454 1277 1503 confiteamur.
1341 1455 1519 1516 quodsi
1549 1455 1603 1501 in
1634 1455 1726 1502 hoc
1757 1470 1859 1502 uno

169 1529 388 1590 exemplo
437 1544 547 1575 eum
588 1527 746 1576 Servii
790 1544 1057 1576 memorem
1102 1529 1253 1576 fuisse
1301 1530 1703 1588 concesserimus,
1750 1527 1860 1576 fieri

167 1602 258 1650 hoc
290 1603 509 1664 potuisse
541 1602 907 1650 concedendum
940 1604 1035 1650 erit
1067 1603 1278 1665 triginta
1310 1603 1411 1650 fere
1442 1603 1544 1650 illis
1576 1602 1698 1650 locis
1735 1617 1858 1663 quos

167 1691 227 1723 116
273 1675 571 1724 Burckasius
627 1675 825 1737 quidem
880 1678 929 1724 et
974 1676 1225 1738 Hoppius,
1280 1691 1582 1738 quamquam
1638 1675 1857 1738 opinatis

166 1749 441 1797 rationibus
486 1751 758 1798 transversi
804 1751 918 1797 sunt
958 1752 1080 1812 acti,
1131 1749 1195 1797 ad
1236 1750 1463 1798 Servium
1500 1750 1675 1797 referri
1711 1764 1857 1812 posse

167 1826 482 1886 negaverunt.
561 1839 617 1871 ex
658 1823 836 1885 quibus
875 1840 1028 1871 unum
1066 1840 1338 1872 memorare
1378 1824 1499 1872 satis
1542 1823 1713 1872 habeo.
1793 1823 1856 1871 ad

171 1898 224 1957 2,
268 1898 296 1943 9
354 1896 578 1944 Donatus
634 1897 860 1944 adnotat:
923 1898 1085 1959 „quod
1141 1899 1215 1945 ait
1271 1894 1341 1946 ‘et
1392 1899 1495 1946 iam
1540 1913 1637 1944 nox
1684 1897 1856 1944 umida

168 1970 304 2018 caelo
351 1967 666 2032 praecipitat’
834 1971 1064 2019 nonnulli
1110 1973 1180 2020 sic
1218 1972 1538 2035 intellegunt:
1578 1987 1674 2018 nox
1712 1986 1853 2032 prae-

169 2045 406 2104 cipitatur
453 2045 587 2091 caelo
635 2046 684 2091 et
730 2046 1028 2106 praecipitat
1074 2047 1292 2107 positum
1338 2061 1428 2107 pro
1479 2044 1851 2107 praecipitatur.

168 2117 251 2164 sed
291 2133 389 2165 non
427 2118 500 2166 ita
541 2117 641 2165 est“
683 2121 772 2166 etc.
833 2118 1009 2180 quibus
1043 2135 1154 2167 cum
1185 2119 1347 2167 verbis
1380 2121 1425 2168 51
1456 2119 1723 2167 contuleris
1754 2134 1853 2166 non

165 2192 362 2237 tantum
408 2191 539 2252 quod
585 2191 649 2239 ad
694 2191 902 2239 eundem
947 2208 1143 2241 versum
1185 2193 1381 2250 Servius
1429 2192 1637 2241 adnotat
1683 2208 1853 2255 „prae-

167 2264 344 2326 cipitat
380 2280 469 2326 pro
507 2265 878 2327 praecipitatur,
917 2266 1123 2314 verbum
1161 2283 1250 2329 pro
1289 2267 1453 2329 verbo,
1497 2269 1554 2314 ut
1593 2265 1852 2327 diximus“,

167 2337 250 2384 sed
290 2338 439 2385 etiam
481 2354 605 2399 quae
644 2338 703 2386 de
741 2338 834 2387 hac
871 2355 924 2388 re
962 2341 1114 2389 latius
1154 2341 1378 2402 disputat
1417 2340 1480 2388 ad
1522 2343 1568 2402 1,
1597 2342 1716 2402 104,
1765 2341 1852 2402 qui

166 2410 301 2459 locus
341 2413 390 2458 et
420 2411 747 2459 Burckasium
787 2415 836 2461 et
865 2412 1122 2475 Hoppium
1151 2415 1298 2478 fugit,
1332 2413 1558 2463 Servium
1591 2429 1620 2462 a
1650 2414 1849 2461 Donato

165 2484 450 2547 impugnari
495 2486 574 2533 vel
619 2486 733 2533 hinc
771 2488 878 2534 veri
909 2488 1076 2535 simile
1115 2487 1378 2536 videbitur.
1457 2488 1646 2536 accedit
1684 2489 1851 2536 autem

167 2557 301 2619 quod
332 2557 556 2606 Donatus
588 2560 642 2606 in
673 2559 842 2607 eodem
874 2559 1186 2608 difficultatis
1217 2577 1408 2626 genere,
1438 2561 1528 2609 ubi
1560 2560 1850 2609 Servianam

169 2631 628 2693 interpretationem
659 2634 846 2681 evitare
877 2649 1018 2695 posse
1051 2634 1147 2682 sibi
1177 2635 1388 2696 videtur,
1424 2638 1470 2696 1,
1490 2636 1595 2684 104
1619 2650 1851 2698 „proram

167 2704 379 2752 61761111ιι
417 2707 588 2753 contra
628 2704 854 2754 Servium
900 2707 1022 2771 legit
1067 2711 1118 2757 et
1159 2710 1241 2770 11,
1269 2709 1375 2757 660
1413 2707 1722 2773 „bellantur“
1761 2724 1850 2770 per

166 2778 334 2838 „ipsae
371 2777 676 2840 pulsantur“,
716 2795 832 2844 ergo
869 2781 1080 2842 passive,
1119 2797 1216 2830 non
1255 2785 1313 2830 ut
1352 2782 1550 2831 Servius
1588 2798 1679 2845 pro
1719 2781 1848 2843 „bel-

166 2849 302 2898 lant“
350 2852 586 2913 explicat,
631 2855 685 2901 at
732 2854 761 2900 6
775 2889 787 2908 ,
820 2854 927 2902 800
974 2854 1190 2903 eiusdem
1237 2855 1399 2904 Servii
1445 2855 1699 2917 „turbantt
1745 2858 1848 2903 tur-

166 2921 393 2984 bantur“‚
432 2926 548 2986 quia
587 2927 775 2974 evitare
813 2942 912 2975 non
949 2930 1130 2990 potest,
1166 2945 1228 2976 ne
1267 2929 1416 2978 verbo
1449 2929 1652 2991 quidem
1679 2928 1846 2977 addito
