2014 3226
188 173 295 225 388
654 171 886 216 DONATI
918 170 1197 213 INTERPR.
1231 170 1411 214 VERG.

187 314 482 360 harenosum
515 316 661 373 atque
696 315 868 358 ventos
902 311 1099 358 secabat
1128 311 1401 357 Mercurius
1443 313 1643 359 veniens
1686 311 1747 358 ab
1789 328 1880 361 avo

187 389 411 434 materno
445 387 535 432 hoo
569 388 643 432 est
674 386 893 433 Atlante.
957 389 1010 431 ut
1038 386 1261 444 primum
1300 386 1446 431 alatis
1486 386 1636 444 tctiyit
1664 387 1882 445 mayalia

180 460 390 520 plautas:
453 475 565 506 mox
612 462 669 506 ut
716 460 853 506 venit
901 459 964 506 ad
1013 458 1122 505 loca
1159 459 1211 504 in
1254 458 1430 518 quibus
1470 458 1662 506 Aeneas
1702 460 1880 520 fuerat,

99 540 184 580 260
202 533 405 581 Aenean
437 534 725 591 fundantem
758 547 893 580 arces
925 547 982 579 ac
1014 534 1131 580 tecta
1170 535 1425 579 uocantem
1465 535 1716 591 conspicit:
1755 532 1883 581 vidit

188 608 390 654 Aenean
431 607 723 654 fundantem
763 621 898 654 arces
941 622 997 653 30
1034 607 1168 653 tecta
1207 607 1489 666 novantem,
1528 606 1669 665 vidit,
1700 608 1880 668 inquit,
1929 623 1948 656 5
2013 636 2014 668 g

188 697 285 729 non
334 681 511 740 oculiS,
567 681 650 727 sed
703 682 890 740 animo,
947 681 1234 728 existimans
1281 681 1446 740 ipsum
1493 695 1595 728 esse
1642 670 1909 728 novorum·

188 771 392 817 operum
441 754 765 803 conditorem:
831 756 1050 801 ceterum
1098 753 1255 800 noctis
1303 754 1465 800 fuerat
1512 756 1733 815 tempus,
1784 771 1880 816 quo

187 830 271 875 ille
312 828 610 876 dormiebat:
651 828 863 889 denique
904 829 1130 890 sequitur
1169 831 1309 886 atque
1339 828 1415 875 tut
1446 828 1662 875 stellatus
1693 829 1883 888 ‘iaspide

186 904 328 961 fulta
368 904 494 950 ensis
535 906 639 949 crat
680 903 919 962 Quoque
957 902 1162 949 ardebat
1195 902 1377 948 *rutericc
1407 901 1553 948 laeua
1585 902 1794 949 demissa
1827 917 1882 949 ex

187 978 391 1031 umeris,
447 976 579 1024 dives
633 990 757 1035 quac
808 990 1013 1023 munera
1066 975 1198 1022 Dido
1252 976 1432 1033 fecerat
1485 979 1527 1023 et
1580 977 1710 1023 tcuui
1764 975 1883 1023 telas
1907 991 1950 1023 ιο

188 1051 481 1098 discreverat
533 1065 680 1097 auro:
742 1049 1005 1111 descripsit
1058 1051 1189 1112 regis
1244 1049 1534 1097 dormientis
1583 1049 1882 1097 ditissimum

189 1124 401 1171 cultum:
441 1124 630 1184 habuit,
661 1125 842 1185 inquit,
875 1125 1005 1172 circa
1041 1139 1090 1171 se
1131 1123 1354 1186 gladium
1392 1139 1700 1186 gemmarum
1740 1125 1883 1186 copia

186 1199 406 1260 pretiosa
447 1198 753 1260 distinctum,
786 1198 984 1245 laenam
1025 1197 1287 1245 demissam
1330 1213 1388 1244 ex
1426 1199 1626 1257 umeris,
1658 1197 1792 1259 quod
1826 1197 1884 1246 fit

187 1287 348 1333 saepe,
388 1288 499 1319 cum
540 1272 642 1319 alto
683 1287 854 1319 somno
894 1272 1118 1319 homines
1160 1273 1450 1318 attinentur.
1527 1272 1668 1334 hane,
1701 1273 1882 1333 inquit,

186 1347 383 1393 laenam
422 1346 618 1394 Aeneae
658 1346 827 1395 usibus
867 1345 1071 1393 dederat
1109 1345 1256 1405 Dido,
1295 1347 1354 1392 ut
1393 1361 1611 1392 amorem
1651 1361 1795 1393 suum
1834 1348 1883 1393 et
1908 1360 1948 1392 15

188 1420 392 1467 divitias
441 1435 555 1467 suas
603 1420 896 1468 ostenderet.
975 1422 1172 1467 tantum
1219 1421 1350 1467 enim
1398 1419 1578 1480 Tyriae
1631 1436 1883 1481 purpurae

188 1495 337 1555 atque
387 1496 498 1540 auri
543 1494 789 1542 habuerat
835 1493 972 1542 illius
1021 1494 1262 1541 confectio
1309 1494 1480 1554 itaque
1527 1493 1772 1556 fulgebat,
1827 1496 1882 1541 ut

99 1573 184 1612 265
205 1569 291 1629 qui
337 1568 465 1615 hane
510 1568 714 1616 vidisset
760 1570 961 1630 putaret
1013 1567 1197 1615 ardere.
1275 1568 1498 1615 continuo
1544 1567 1756 1614 invadet:
1808 1567 1882 1614 in-

187 1643 434 1690 vectivam
481 1643 585 1690 fore
633 1641 901 1690 dictionem
947 1644 1096 1703 poeta
1142 1643 1248 1703 ipse
1291 1642 1637 1702 pronuntiavit
1675 1640 1881 1690 dicendo

189 1715 444 1776 continuo,
494 1716 700 1764 dicendo
738 1716 955 1776 invadit,
1010 1731 1126 1763 nam
1164 1715 1464 1776 inpatientia
1504 1715 1883 1764 commotionem

187 1791 368 1839 mentis
393 1790 624 1850 ostendit,
642 1790 753 1838 ideo
780 1797 907 1852 quae
933 1789 1097 1838 animo
1123 1789 1328 1852 gerebat
1350 1789 1545 1837 differre
1569 1805 1668 1838 non
1691 1790 1881 1851 potuit;

186 1864 383 1912 invadit
422 1880 538 1912 vero
579 1863 642 1911 ad
679 1864 732 1911 id
770 1864 1004 1927 pertinet,
1043 1865 1162 1926 quia
1200 1864 1353 1911 talem
1391 1879 1654 1925 personam
1693 1863 1881 1910 Mercu-

187 1938 291 1984 rius
331 1938 527 1986 Aeneae
573 1940 947 2000 repraesentare
997 1938 1167 1986 debuit
1214 1938 1375 1999 qualis
1415 1937 1551 1985 illius
1591 1938 1756 1985 fuerat
1795 1937 1883 1998 qui

188 2011 458 2059 mandavit.
519 2028 576 2060 ex
606 2011 952 2074 praesentibus
987 2014 1152 2059 autem
1185 2011 1521 2075 obiurgationi
1550 2012 1650 2072 ipsi
1679 2011 1882 2059 initium

190 2084 328 2133 dedit
372 2086 465 2133 hoc
510 2086 678 2134 modo:
741 2089 793 2134 tu
838 2101 970 2133 nuuc
1020 2085 1332 2146 Carthayinis
1377 2086 1506 2133 altae
1557 2086 1882 2144 fundam-outa

188 2158 318 2207 locas
348 2159 700 2219 pulchramque
737 2162 940 2208 uxorius
980 2161 1148 2208 urbem
1180 2161 1375 2215 extrui&
1407 2160 1500 2206 heu
1530 2160 1666 2219 requi
1695 2173 1881 2207 reo-wm-

189 2247 280 2291 que
326 2232 465 2281 obbttc
511 2236 721 2281 tuarum.
800 2235 843 2282 si
881 2234 1058 2282 melius
1097 2233 1434 2281 consideretur
1471 2247 1608 2281 mens
1649 2233 1880 2283 dictionis

188 2307 356 2367 istius,
405 2306 684 2370 obiurgatio
733 2310 829 2368 est,
882 2324 982 2356 non
1027 2308 1264 2368 invectio3
1327 2307 1703 2356 commonefacit
1749 2307 1881 2356 enim

190 2395 303 2427 eum
347 2381 584 2430 utilitatis
624 2397 754 2430 suae.
836 2381 1047 2443 denique
1088 2384 1138 2429 et
1177 2381 1312 2429 dolet
1350 2381 1512 2442 decipi
1549 2396 1686 2441 spem
1723 2381 1881 2443 ipsius
1961 2416 1964 2423 .

191 2455 241 2501 et
285 2453 381 2515 fili,
429 2454 561 2516 quod
598 2471 696 2503 non
735 2455 942 2516 faceret,
990 2456 1034 2504 si
1073 2456 1374 2503 accusatoris
1415 2456 1636 2502 animum
1674 2455 1880 2518 gereret.

311 2629 334 2667 1
369 2629 606 2680 ventosque
636 2625 707 2668 ed.
804 2629 832 2667 4
863 2626 1083 2682 conspicit
1113 2639 1201 2669 om.
1226 2625 1326 2668 LR.
1419 2629 1459 2668 9<
1478 2629 1575 2669 erat
1606 2623 1826 2668 om.'Lli’,.⁴
1976 2679 1977 2682 Ἰ

193 2687 247 2726 19
275 2684 601 2739 pronuntiavit
622 2683 709 2727 LR
733 2683 804 2727 ed.
825 2685 1204 2740 praenuntiavit?
1297 2687 1470 2728 19—-20
1503 2683 1752 2728 dicen—do
1769 2696 1879 2727 con·
1942 2718 1944 2722 ,

190 2743 322 2786 tiuuo
355 2756 460 2786 cum
491 2754 654 2785 rasura
685 2744 734 2786 et
763 2742 938 2787 lineola
970 2743 1005 2786 L
1036 2743 1056 2785 I
1080 2755 1202 2787 man.
1236 2743 1447 2788 dicensdo
1478 2756 1513 2787 c.
1547 2741 1606 2786 R:
1648 2755 1758 2799 ergo
1790 2741 1880 2785 hoc

191 2801 363 2844 archet.
397 2800 618 2845 habuisse
649 2801 848 2846 videtur.
978 2806 1035 2845 20
1066 2803 1256 2847 dicendo
1287 2817 1374 2846 om.
1401 2801 1472 2845 ed.
1606 2805 1661 2844 21
1695 2801 1880 2858 ideoque

190 2860 408 2904 acerrimo
445 2861 624 2917 yerebat
661 2861 845 2915 differre
881 2874 976 2904 ‘non
1013 2862 1164 2916 potuit
1193 2861 1230 2904 L
1263 2862 1296 2904 i.
1321 2862 1534 2906 acerrime
1563 2875 1605 2917 y.
1631 2859 1674 2904 d.
1698 2858 1812 2916 up.
1838 2859 1880 2902 R
1936 2862 1975 2941 ἐξ

191 2920 346 2963 animo
379 2932 492 2963 corr.
517 2933 542 2962 r
571 2933 686 2976 quae
717 2921 872 2964 amima
902 2933 987 2963 nos
1018 2919 1192 2964 temere
1223 2919 1435 2964 mutted.
1547 2923 1609 2964 28·
1635 2931 1879 2966 commone-
1946 2942 1986 2980 ,1‘

188 2977 306 3032 facit
333 2977 376 3020 R
406 2991 682 3023 commulnem
710 2978 827 3033 facit
856 2977 995 3022 LHU
1025 2979 1098 3024 ed.
1845 2995 1862 3003 ··
1941 2984 1971 3086 ‚j

1931 3080 1970 3226 ἐ
