2014 3226
811 181 1114 226 AENEIDOS
1148 182 1190 226 Π
1749 184 1851 234 1Ἱῶ

157 341 267 371 cum
308 325 459 384 fleret,
500 325 822 370 aestimantes
862 323 976 370 illas
1016 323 1248 370 lacrimas
1288 338 1406 370 vero
1447 338 1614 370 morsu
1654 323 1853 381 doloris,

158 415 256 445 non
302 397 475 444 fraude
522 398 809 444 mentientis
857 397 1055 443 effundi.
1143 396 1275 457 quod
1322 398 1394 443 ait
1442 398 1577 458 capti
1629 397 1755 443 dolis
1804 400 1854 443 et

157 473 375 519 lacrimis
432 472 637 531 coactis,
693 474 806 532 post
859 471 1117 517 interitum
1167 472 1420 533 cognitum
1469 473 1564 530 est,
1619 487 1716 518 non
1766 470 1852 517 illo

156 550 378 607 tempore
436 561 533 606 quo
587 544 740 592 Sinon
795 544 1107 605 loquebatur.
1185 544 1313 592 dolis
1369 561 1485 592 vero
1542 546 1678 606 capti
1730 545 1854 591 hanc

114 638 133 667 5
160 620 310 667 habet
348 621 615 666 rationem:
656 618 759 666 doli
800 620 932 665 enim
972 617 1194 665 definitio
1235 621 1311 665 est
1351 634 1461 665 cum
1503 618 1642 666 aliud
1673 620 1854 680 agitur,

159 693 295 740 aliud
337 694 621 753 simulatur3
663 693 800 739 aliud
841 708 959 754 ergo
998 693 1052 738 in
1094 693 1259 739 animo
1302 691 1501 740 Sinonis
1550 693 1668 754 fuit,
1718 692 1856 739 aliud

155 770 209 815 in
249 767 413 814 verbis
454 770 504 814 et
541 768 761 814 lacrimis
802 769 852 814 et
890 767 943 812 in
983 766 1096 827 equi
1144 766 1273 813 mole
1321 768 1427 813 tam
1474 782 1678 829 magna,
1727 782 1855 827 quae

157 857 254 889 non
295 842 487 904 religio,
527 843 585 887 ut
614 841 863 903 figmentis
897 839 1149 887 adsertum
1184 843 1272 899 est,
1307 840 1391 887 sed
1423 841 1621 902 imperii
1651 841 1856 888 Troiani

156 917 399 977 pernicies
432 916 541 962 fuit.
606 929 724 974 quos
757 929 907 974 neque
942 914 1153 974 Tydides
1183 929 1269 961 nec
1299 914 1600 961 Larissaeus
1627 914 1854 962 Achilles.

61 1007 135 1037 -ιο
159 1004 257 1036 won
297 990 417 1036 anni
456 989 680 1035 domuere
719 989 891 1037 decem.
931 1002 1032 1035 non
1070 989 1200 1035 mille
1240 990 1462 1035 carinae:
1501 990 1647 1035 unius
1679 988 1854 1035 fraude

158 1063 351 1124 decepti
407 1078 574 1110 sumus
640 1063 728 1124 qui
789 1063 1175 1110 fortissimorum
1237 1061 1465 1109 manibus
1530 1065 1579 1110 et
1639 1064 1855 1126 ingentis

157 1139 351 1184 numeri
389 1152 478 1198 per
517 1151 671 1184 annos
712 1135 879 1183 decem
918 1152 1016 1183 non
1059 1150 1229 1183 sumus
1274 1137 1509 1197 superati.
1590 1137 1856 1198 conplexus

159 1216 231 1259 est
278 1211 358 1258 hic
397 1225 633 1272 personas
673 1211 956 1272 specialiter
993 1211 1204 1271 positas,
1253 1226 1514 1258 numerum
1554 1211 1691 1258 mille
1732 1212 1856 1258 cari-

158 1300 357 1345 narum,
412 1286 651 1347 temporis
711 1300 827 1332 vero
890 1285 1084 1332 ratione
1147 1286 1514 1345 excusationem
1575 1285 1858 1346 praet-exuit

94 1377 135 1407 15
159 1363 441 1407 monstrans
487 1360 754 1420 imperium
801 1358 979 1406 Troiae
1026 1373 1126 1405 non
1172 1359 1358 1406 virtute
1406 1358 1597 1419 aliqua,
1649 1359 1734 1406 sed
1782 1360 1857 1406 in-

161 1433 301 1481 sidiis
342 1436 392 1480 et
429 1433 603 1479 fraude
645 1447 748 1480 esse
789 1435 1087 1494 superatum.
1165 1432 1378 1480 insidiae
1418 1432 1622 1480 fuerunt
1656 1434 1710 1479 in
1741 1435 1858 1494 equi

161 1507 373 1566 fabrica,
419 1506 614 1568 reliqua
660 1508 715 1553 in
761 1522 973 1568 persona
1014 1506 1228 1554 Sinonis.
1306 1508 1497 1554 interea
1542 1507 1742 1554 videtur
1779 1506 1857 1554 illi

160 1581 491 1642 propositioni
530 1581 719 1628 Priami
766 1597 866 1628 non
912 1579 1225 1642 respondisse
1274 1596 1374 1642 qua
1420 1581 1607 1628 dictum
1655 1584 1731 1628 est
1770 1584 1858 1628 aut

160 1671 287 1716 quae
334 1655 567 1702 machina
610 1653 766 1702 belli?
843 1654 929 1702 sed
974 1653 1094 1716 quid
1134 1670 1260 1716 opus
1299 1655 1465 1701 fuerat
1502 1655 1618 1702 huic
1657 1670 1857 1716 respon-

61 1763 63 1765 -
93 1747 135 1778 20
160 1729 297 1788 dere,
352 1745 462 1776 cum
518 1729 756 1776 aliorsum
809 1730 1020 1776 traxerit
1065 1729 1181 1790 equi
1225 1729 1470 1776 rationem
1519 1745 1645 1790 quae
1691 1730 1858 1776 fuerat

161 1803 389 1851 Troianis
437 1805 489 1849 et
533 1803 634 1864 ipsi
679 1802 787 1866 regi
833 1801 1100 1864 suspecta?
1174 1803 1251 1850 hic
1290 1804 1429 1850 aliu-cl
1467 1804 1630 1850 maius
1667 1805 1858 1851 miseris

159 1879 400 1936 ‘multoque
430 1877 730 1925 tremendum
761 1878 966 1925 obicitur
995 1878 1154 1936 maai-s
1184 1881 1327 1936 atque
1357 1877 1620 1936 inprovida
1642 1881 1842 1937 pectora
1859 1883 1947 1922 200

161 1953 346 1999 turbat:
408 1952 543 1999 omni
597 1951 853 1999 occasione
908 1953 1093 2014 purgat
1141 1950 1337 1998 Aeneas
1393 1951 1579 1998 crimen
1632 1951 1857 2013 perditae

162 2027 383 2073 civitatis
425 2028 475 2073 et
511 2027 654 2089 regni
693 2027 744 2072 et
781 2026 835 2072 in
874 2041 932 2073 eo
970 2027 1081 2086 ipso
1121 2026 1174 2071 in
1206 2040 1305 2086 quo
1336 2025 1630 2087 reprehendi
1660 2028 1859 2086 poterat

95 2116 137 2147 25
162 2100 321 2160 partis
360 2099 523 2146 laudis
563 2100 779 2161 exquirit
818 2099 1099 2159 ostendens,
1137 2101 1195 2146 ut
1234 2100 1460 2160 superius
1499 2100 1720 2160 positum
1767 2103 1855 2160 est,

163 2173 375 2221 Graecos
429 2189 529 2221 non
583 2175 794 2234 virtute,
848 2173 935 2221 sed
988 2173 1117 2220 dolis
1167 2174 1218 2220 et
1262 2172 1522 2221 fraudibus
1570 2176 1857 2222 consecutos

163 2263 267 2296 esse
314 2249 600 2307 victoriam,
647 2247 877 2311 adiungit
921 2247 1014 2295 hoc
1062 2263 1281 2309 quoque,
1328 2249 1482 2294 etiam
1527 2247 1667 2295 dolos
1722 2248 1856 2309 ipsos

163 2325 312 2383 atque
353 2321 488 2383 ipsas
526 2321 728 2369 fraudes
766 2323 990 2383 potuisse
1022 2321 1351 2369 Troianorum
1390 2321 1581 2369 astutia
1619 2321 1857 2382 subverti,
1897 2334 1901 2342 ·

163 2397 205 2443 si
253 2395 473 2443 studium
521 2410 753 2457 superum
799 2395 1023 2443 diversae
1069 2396 1229 2457 partis
1269 2395 1480 2443 consilia
1517 2411 1617 2444 non
1655 2397 1710 2443 in
1747 2399 1857 2443 tan-

40 2479 61 2523 ῗ-
96 2487 139 2518 30
161 2473 270 2516 tum
316 2469 546 2530 fovisset,
592 2473 649 2517 ut
696 2469 1025 2518 Troianorum
1071 2470 1225 2516 etiam
1268 2470 1461 2517 mentes
1507 2471 1644 2517 omni
1693 2485 1858 2518 errore

41 2535 50 2547 ‘
162 2543 502 2591 confunderet.
579 2543 792 2605 denique
840 2543 1060 2591 adnectit
1107 2543 1238 2604 quod
1283 2542 1377 2591 hoc
1421 2545 1590 2606 ipsum
1627 2543 1859 2592 ostendat

163 2621 214 2665 et
238 2616 449 2679 probet.
503 2617 755 2674 Laocoon,
805 2604 1004 2665 ducta?
1015 2617 1244 2677 Neptwno
1293 2620 1419 2664 sorte
1465 2618 1715 2673 sacerdos,
1765 2618 1858 2664 sol·
1884 2651 1895 2656 -

284 2762 306 2800 1
341 2759 653 2803 existimantes
685 2757 758 2802 ed.
888 2763 914 2801 5
947 2758 1068 2802 enim
1099 2772 1188 2802 om.
1215 2758 1286 2803 ed.
1412 2763 1468 2802 13
1498 2772 1738 2802 numerum
1771 2758 1857 2801 IsR

159 2831 242 2872 per
271 2831 511 2861 ‘numerurm
535 2817 607 2860 ed.
632 2816 832 2861 fortasse
862 2831 1052 2862 numm
1084 2817 1157 2861 vel
1187 2831 1242 2862 ac
1270 2822 1542 2862 numeram?
1633 2821 1687 2860 27
1720 2818 1858 2861 etiam

166 2890 253 2919 om.
289 2875 360 2919 ed.
483 2880 540 2920 28
573 2878 770 2921 astutias
798 2875 836 2920 L
867 2877 910 2920 δε
940 2876 1242 2933 supcrscr.11
1270 2889 1394 2920 man.
1428 2876 1651 2950 astutias]
1677 2876 1718 2919 R-
1751 2889 1857 2920 cum

164 2947 327 2978 rasura
366 2937 550 2980 astutiis
587 2935 724 2992 ed.1
781 2937 928 2980 averti
956 2935 1044 2978 LR
1074 2935 1147 2979 ed.
1185 2935 1262 2980 vel
1299 2937 1499 2980 subverti
1527 2934 1573 2978 r'
1611 2935 1662 2979 in
1692 2948 1854 3033 marg„

167 2993 292 3049 quod
324 2994 644 3050 recipiendum
674 2994 852 3051 putavi.
977 2998 1032 3038 32
1066 2995 1284 3051 Neptuno
1315 2994 1403 3038 LR
1433 2995 1507 3038 —ni
1534 3009 1571 3038 r.
