2014 3226
792 189 1093 234 AENEIDOS
1126 190 1144 233 1
1710 193 1813 244 133

126 333 229 379 eius
270 330 467 378 adfectu
508 345 563 378 ac
603 346 690 392 per
729 330 821 378 hoc
860 346 958 377 non
999 346 1101 378 esse
1133 332 1234 377 iam
1268 332 1599 378 necessarium
1634 333 1815 379 amoris

124 404 339 465 initium,
370 403 500 465 quod
532 403 711 451 habere
751 403 1096 452 difficultatem
1136 409 1318 466 posset,
1351 405 1436 453 sed
1475 406 1657 453 amoris
1699 422 1814 468 aug-

125 482 357 526 mentum.
437 494 604 526 verum
654 494 714 525 ne
765 477 952 539 Cupido
1000 478 1185 525 diceret
1232 478 1271 527 si
1328 480 1429 526 iam
1485 481 1641 540 amat,
1698 480 1815 540 quid

126 568 247 616 opus
294 556 368 599 est
415 555 471 599 ut
518 551 581 599 ad
621 568 730 600 eam
776 551 1015 614 pergam?
1073 557 1334 614 utrumque
1382 556 1530 615 poeta
1577 555 1816 601 servavit:

81 644 100 676 5
125 630 174 675 et
212 626 428 674 ostendit
467 627 656 674 nullam
696 641 799 674 esse
839 627 892 672 in
932 642 1081 674 causa
1120 626 1488 687 difficultatem,
1537 627 1670 688 quod
1715 629 1813 674 iam

125 700 254 748 Dido
295 703 502 761 amaret,
535 703 584 747 et
615 700 743 747 dixit
781 702 1142 761 necessitatem,
1182 700 1299 762 quia
1331 703 1487 762 ipsius
1521 702 1702 749 amoris
1736 701 1816 748 ‹le-

126 774 425 822 sideraretur
476 776 810 836 augmentum.
891 776 963 821 ait
1002 776 1134 822 enim
1181 790 1342 823 vercor
1381 790 1472 835 quo
1510 789 1561 823 sc
1600 775 1818 823 Imzoma

124 852 313 897 vertant
357 849 590 908 hospitia:
645 865 757 896 cum
803 848 897 896 hoc
944 848 1088 909 dicit,
1137 848 1356 897 ostendit
1399 849 1552 897 talem
1601 865 1818 898 amorem

123 922 335 971 Didonis
376 923 529 971 fuisse
569 925 657 984 qui
696 923 910 970 factione
949 922 1177 982 Iunonis,
1227 939 1353 984 quae
1393 925 1443 970 in
1484 923 1574 972 illa
1614 925 1818 971 civitate

60 1014 101 1047 10
123 1013 306 1060 magna
345 998 665 1045 veneratione
705 997 962 1058 coleretur,
1003 999 1171 1058 posset
1210 997 1453 1059 abrumpi,
1489 997 1696 1058 proinde
1737 1013 1819 1045 ne-

125 1071 335 1119 cessario
377 1071 549 1133 quaeri
581 1071 727 1118 rebus
759 1072 862 1118 iam
894 1071 1165 1119 conlocatis
1198 1071 1578 1132 firmamentum,
1610 1075 1666 1119 ut
1700 1071 1818 1119 talis

125 1161 263 1193 amor
301 1146 623 1207 inponeretur
657 1144 914 1207 Cupidinis
956 1160 1106 1208 opera
1147 1161 1291 1206 quem
1330 1147 1561 1193 inimicae
1600 1147 1819 1207 potentis

123 1220 259 1267 nisus
308 1235 591 1283 expugnare
638 1235 738 1268 non
784 1221 964 1281 posset.
1042 1219 1355 1267 voluntarius
1403 1220 1590 1282 quippe
1638 1220 1819 1267 amoris

126 1293 360 1342 adsensus
402 1298 451 1341 et
489 1294 707 1342 humano
749 1293 956 1342 arbitrio
998 1296 1194 1341 exortus
1243 1294 1388 1341 facile
1436 1293 1602 1355 potuit
1649 1293 1819 1341 eadem

59 1384 101 1417 15
125 1368 383 1416 voluntate
433 1367 660 1429 dissolvi,
710 1368 908 1416 etiamsi
945 1367 1070 1416 Iuno
1111 1383 1136 1415 6
1176 1367 1370 1416 diverso
1409 1383 1506 1414 non
1548 1371 1695 1427 esset,
1742 1368 1820 1416 8111

124 1458 240 1491 vero
281 1441 464 1490 divinis
505 1441 763 1490 ardoribus
803 1443 980 1490 fuisset
1026 1442 1259 1502 iniectus,
1305 1442 1436 1490 hunc
1483 1457 1570 1489 nec
1611 1441 1820 1488 Didonis

124 1515 332 1578 perfidia
377 1531 608 1578 rumpere
655 1518 900 1578 potuisset
946 1532 1035 1564 nec
1082 1516 1285 1564 Iunonis
1340 1517 1626 1564 auctoritas.
1701 1516 1822 1563 haut

125 1594 256 1638 tanto
288 1591 492 1639 cessabit
522 1591 723 1639 camme
754 1606 941 1639 rerum:
978 1590 1126 1639 cardo
1160 1592 1234 1638 est
1264 1592 1464 1652 proprie
1497 1591 1586 1651 qui
1616 1591 1820 1637 ianuam

124 1667 261 1712 tenet
299 1665 380 1713 vel
418 1665 590 1727 postis,
630 1664 710 1713 hic
748 1664 896 1712 fidem
935 1664 1072 1726 facit,
1111 1679 1222 1712 cum
1258 1665 1388 1713 fores
1424 1663 1738 1725 clauduntur,
1771 1666 1821 1710 et

39 1754 103 1787 ·20
125 1738 304 1786 tribuit
334 1738 638 1799 firmitatem,
670 1739 884 1801 denique
922 1740 1029 1801 ipse
1061 1738 1328 1801 Vergilius,
1369 1753 1479 1786 cum
1511 1738 1820 1800 patefactum

127 1812 403 1861 Priameiae
443 1813 619 1860 domus
658 1813 961 1862 vestibulum
1000 1813 1186 1861 diceret
1224 1805 1299 1878 (2,
1317 1806 1465 1878 493),
1506 1814 1586 1872 „et
1625 1809 1822 1872 emoti“,

127 1888 307 1949 inquit,
354 1887 716 1949 „procumbunt
765 1886 964 1936 cardine
1011 1884 1221 1950 postes“.
1299 1887 1628 1934 translatione
1666 1886 1823 1948 igitur

127 1960 207 2009 hic
245 1977 362 2010 usus
402 1964 551 2024 poeta
583 1963 657 2009 ait
688 1962 811 2009 haut
841 1964 984 2009 tanto
1016 1960 1229 2009 cessabit
1261 1960 1458 2008 cardine
1490 1976 1676 2020 rerum,
1715 1959 1823 2007 erat

129 2035 260 2083 enim
298 2035 350 2082 in
390 2037 640 2098 potestate
679 2035 938 2084 voluntate
977 2035 1244 2084 dissolvere
1285 2049 1504 2082 amorem
1543 2049 1689 2096 quem
1736 2049 1822 2080 vo-

46 2109 321 2158 ·2·.=.lunta1·‚e
363 2112 661 2172 susceperat,
701 2113 918 2158 ceterum
957 2109 1198 2157 divinitus
1237 2110 1468 2171 inpactus
1508 2124 1607 2156 non
1654 2108 1823 2169 posset

80 2232 82 2234 ,
127 2182 343 2232 humano
384 2183 593 2232 arbitrio
627 2183 920 2232 submoveri.
986 2183 1172 2231 adserit
1204 2199 1320 2247 ergo
1353 2183 1684 2231 necessarium
1716 2196 1821 2229 esse

42 2258 57 2316 ζ
127 2257 399 2306 remedium
447 2260 528 2306 cui
574 2259 734 2307 omnis
774 2258 866 2306 illa
903 2257 1056 2306 factio
1097 2259 1332 2319 superata
1370 2256 1671 2306 succumbat.
1748 2254 1821 2302 id-

129 2331 256 2380 circo
305 2333 378 2380 ait
430 2333 654 2392 quocirca
706 2347 878 2392 capere
931 2334 1043 2380 ante
1095 2332 1219 2380 dolis
1273 2334 1315 2379 et
1372 2332 1560 2391 cinyerc
1615 2331 1819 2388 flamma

128 2407 347 2465 reyinam
399 2407 616 2462 meditor,
669 2420 731 2454 nc
783 2421 876 2466 quo
928 2420 980 2454 86
1023 2407 1224 2454 numine
1269 2407 1437 2461 mutet,
1490 2404 1576 2452 sed
1627 2416 1803 2463 maqno
1818 2404 1906 2446 675

43 2479 107 2526 *⁸0
128 2478 323 2528 Aeneae
352 2494 537 2528 mecum
567 2483 787 2528 tencatur
817 2494 994 2536 amore,
1020 2483 1076 2527 ut
1106 2495 1205 2534 non
1235 2482 1434 2527 tantum
1459 2480 1592 2526 amet
1614 2477 1818 2524 Aenean

131 2555 372 2615 quantum
411 2553 595 2603 iudicio
635 2569 724 2603 suo
765 2553 1032 2602 amandum
1071 2555 1233 2615 putat,
1270 2553 1357 2602 sed
1395 2554 1596 2600 tantum
1634 2552 1823 2598 maiore

130 2627 369 2676 violentia
409 2630 618 2691 cogatur
654 2629 707 2675 in
749 2644 966 2676 amorem
1007 2630 1248 2690 quantum
1287 2629 1448 2675 mater
1479 2628 1616 2673 amat
1647 2624 1823 2684 filium,

131 2702 268 2750 cuius
301 2717 442 2750 amor
471 2702 658 2750 nullius
690 2701 933 2751 violentia
962 2702 1183 2750 numinis
1221 2701 1359 2750 valet
1397 2699 1638 2761 abrumpi.
1702 2713 1821 2760 quo·

131 2775 262 2823 circa
315 2791 488 2838 capere
543 2778 658 2824 ante
707 2775 857 2824 dolis:
918 2777 1106 2824 tractat
1151 2774 1406 2839 Vergilius
1459 2770 1824 2835 praevenienda

40 2568 57 2591 a

46 2786 67 2883 {-

44 2876 66 2986 {5
250 2950 275 2988 2
307 2946 385 2990 sed
408 2946 495 2990 LR
516 2961 597 2991 seu
621 2946 692 2991 ed.
788 2950 813 2989 9
845 2946 1045 3000 factione
1067 2945 1155 2988 LR
1185 2946 1365 2990 ratione
1396 2943 1467 2987 ed.
1563 2947 1615 2986 11
1648 2941 1824 2997 fumia-

45 2964 227 3226 ἰ
132 3010 327 3049 mem-um
359 3005 429 3049 ed.
527 3010 580 3049 13
611 3006 743 3050 nisus
773 3004 858 3048 LR
891 3007 1017 3050 visus
1047 3004 1118 3048 ed.
1213 3008 1270 3047 24
1300 3003 1531 3048 voluntate
1562 3014 1650 3045 om.
1677 3000 1750 3044 ed.
1843 3034 1845 3039 .
