2014 3226
797 159 1100 203 AENEIDos
1132 160 1174 203 11
1727 163 1833 214 219

141 300 497 361 procumberet·
561 300 763 347 desueta
794 299 1120 348 trementibus
1162 317 1283 348 aevo
1325 301 1597 349 circumdat
1636 303 1836 362 nequic-

142 391 293 435 quam
324 375 506 421 umeris
541 375 590 420 et
621 374 797 420 inutile
829 374 1028 421 ferrum.
1078 376 1127 421 et
1158 391 1421 436 personam
1453 378 1502 423 et
1532 391 1609 423 res
1640 377 1836 423 inutilis

142 447 329 509 posuit3
385 464 501 494 nam
549 447 634 494 diu
675 447 877 495 desueta
918 463 1055 494 arma
1095 448 1187 496 hoc
1228 451 1303 496 est
1342 466 1469 511 quae
1508 451 1561 496 in
1601 465 1693 498 usu
1733 465 1837 497 esse

143 522 390 569 desierant
429 523 806 582 superveniente
848 522 1037 569 domini
1073 525 1323 570 senectute
1355 523 1656 585 perindeque
1690 525 1839 572 otiosi

96 614 117 644 5
143 600 191 643 et
230 595 345 643 fessi
386 611 443 642 ac
482 612 571 656 per
608 595 701 643 hoc
739 597 986 643 vetustate
1028 600 1262 658 corrupta
1302 600 1484 646 umeris
1533 598 1838 659 antiquitate

142 670 395 718 dissolutis
443 670 667 731 inposuit
714 671 763 716 et
808 669 986 716 inutile
1034 671 1241 731 ferrum,
1299 672 1430 732 quod
1482 671 1838 733 absumpsisset

142 744 314 807 robigo
346 744 486 806 longi
517 744 769 804 temporis.
836 744 913 792 his
947 745 1099 807 gestis
1132 746 1351 807 cingitur
1381 746 1474 793 hoc
1507 748 1582 794 est
1613 748 1839 794 armatur

142 820 190 865 et
247 819 390 878 quasi
445 819 684 865 certaturi
738 817 899 879 specie
952 819 1007 864 in
1062 820 1309 866 confertos
1360 820 1518 868 hostis
1565 822 1837 868 moriturus

143 891 404 955 egreditur.
482 893 576 939 iste
617 907 772 953 usque
815 892 936 939 adeo
978 891 1228 940 adfectum
1266 894 1510 941 moriendi
1550 894 1743 955 habuit,
1782 895 1840 941 ut

78 981 290 1025 munus,
340 981 506 1026 senex,
555 967 658 1014 otio
701 981 894 1027 quoque
935 966 1226 1028 longissimo
1267 967 1560 1029 dissolutus,
1608 968 1838 1016 desuetu-

144 1040 256 1087 dine
296 1040 522 1101 torpidus
562 1042 659 1087 iret
698 1041 750 1086 in
790 1041 946 1088 hostis
987 1041 1164 1088 densos
1206 1043 1459 1090 auctorem
1499 1058 1615 1090 suae
1662 1043 1838 1089 mortis

142 1114 287 1162 facile
327 1115 619 1162 inventurus
659 1114 711 1161 in
750 1115 994 1176 plurimis.
1072 1115 1165 1163 1100
1204 1116 1312 1163 1000
1353 1116 1577 1177 plerique
1619 1119 1838 1164 errantes

140 1186 323 1249 putant
361 1188 619 1235 Priamum
666 1190 886 1236 amentia
934 1189 1149 1251 quadam
1196 1189 1399 1237 ductum
1439 1190 1530 1238 hoc
1569 1191 1648 1238 vel
1687 1192 1840 1238 teme-

141 1264 289 1310 ritate
329 1263 503 1311 fecisse
544 1255 688 1328 (fecit
728 1263 935 1311 consilio
977 1266 1027 1311 et
1058 1264 1302 1327 singulari
1333 1265 1599 1325 prudentia
1632 1280 1733 1326 qua
1764 1265 1842 1311 uti

76 1353 117 1385 15
143 1337 304 1384 solent
348 1338 401 1383 in
449 1336 680 1384 extremis
728 1339 1000 1398 sapientes,
1047 1339 1104 1385 ut
1150 1339 1429 1386 moreretur
1474 1340 1642 1400 potius
1691 1354 1841 1399 quam

144 1409 453 1472 captivitatis
492 1410 722 1458 ludibriis
762 1410 1075 1472 subiaceret),
1115 1412 1201 1459 sed
1240 1413 1487 1460 falluntur
1516 1413 1604 1460 isti
1646 1412 1841 1459 intelle-

143 1485 372 1547 gentibus
423 1501 480 1532 ex
528 1485 775 1534 subiectis.
854 1488 1004 1548 poeta
1051 1487 1184 1533 enim
1232 1486 1400 1534 divino
1448 1486 1648 1550 ingenio
1699 1502 1841 1548 prae-

143 1558 276 1606 ditus
330 1559 441 1606 loca
496 1574 690 1621 semper
743 1575 801 1607 ac
854 1562 1082 1623 tempora
1135 1576 1469 1622 personasque
1530 1563 1841 1622 pertractans

143 1632 280 1680 dedit
326 1634 433 1680 viro
481 1633 797 1695 prudentiam
847 1637 896 1682 et
942 1634 995 1681 in
1035 1634 1254 1682 adversis
1295 1634 1609 1695 aptissimam
1648 1634 1843 1683 consilii

76 1723 120 1755 20
145 1707 505 1768 definitionem,
553 1709 790 1769 quoniam
827 1709 993 1757 hostes
1034 1709 1356 1756 obtinuerant
1393 1709 1633 1770 patriam,
1676 1724 1841 1770 posse-

145 1781 319 1829 derant
366 1781 590 1842 domum,
637 1782 916 1844 penetralia
965 1799 1163 1845 quoque
1210 1782 1526 1845 diripiebant.
1602 1783 1841 1844 temporis

143 1856 195 1902 in
241 1871 453 1916 persona
498 1856 722 1904 mulieris
764 1858 863 1904 alia
902 1858 1151 1906 sententia
1190 1857 1303 1918 fuit,
1345 1872 1470 1918 quae
1509 1873 1601 1919 pro
1640 1857 1841 1919 ingenio

144 1930 347 1977 feminei
401 1945 543 1978 sexus
598 1930 843 1978 arbitrata
890 1932 1053 1979 virum
1101 1947 1245 1979 suum
1290 1931 1551 1979 turbatum
1598 1947 1656 1979 ex
1701 1946 1843 1992 prae-

146 2003 365 2052 sentibus
405 2006 625 2052 amentia
663 2005 784 2052 ferri
801 2043 1081 2054 ..........
1137 2020 1261 2065 quae
1297 2019 1432 2053 mens
1464 2008 1564 2053 tam
1594 2006 1722 2061 dira,
1753 2006 1843 2052 ‘mi-

27 2099 42 2129 1·
76 2093 120 2126 25
144 2079 344 2126 serv-ime
397 2080 629 2135 coniunx,
684 2080 866 2139 inpulit
916 2081 993 2128 his
1047 2081 1175 2140 cinyi
1222 2079 1360 2127 ielis?
1415 2082 1503 2127 aut
1547 2093 1639 2140 quo
1685 2080 1828 2127 ruis?
1845 2083 1932 2123 520

144 2153 322 2211 inquit,
369 2167 469 2200 non
515 2153 603 2200 tali
649 2154 832 2202 auxilio
875 2169 963 2202 nec
1001 2154 1334 2213 defensoribus
1371 2155 1480 2202 istis
1511 2157 1699 2213 tempus
1731 2157 1842 2214 cyet,

146 2240 268 2282 non,
307 2227 354 2274 si
390 2228 493 2286 ipse
530 2241 666 2275 meus
703 2243 835 2276 nwnc
873 2229 1064 2287 adforet
1100 2229 1292 2275 Hector.
1369 2228 1463 2275 huc
1501 2228 1697 2276 tandem
1735 2241 1844 2276 con-

268 2387 290 2425 1
324 2384 604 2438 procuburet
632 2382 668 2426 L
700 2384 1025 2440 procumbmet
1062 2383 1105 2426 R
1143 2383 1355 2439 sequitur
1394 2383 1444 2426 in
1482 2385 1683 2440 utroque
1726 2387 1845 2427 atre-

149 2442 370 2486 mentibus
408 2441 578 2485 omisso
619 2442 783 2487 desuet.
968 2447 994 2486 2
1030 2443 1234 2500 cinyitur
1262 2443 1370 2499 post
1401 2444 1576 2498 ferrum
1614 2443 1664 2486 in
1694 2455 1842 2500 marg.

28 2510 46 2559 ᾖ
146 2500 363 2544 additum
393 2501 495 2544 vult
526 2516 549 2544 r
579 2503 743 2545 contra
773 2501 951 2546 Donati
982 2501 1356 2557 distinctionem,
1396 2503 1450 2545 ut
1481 2501 1619 2546 docet
1649 2501 1844 2546 inferius

32 2563 49 2615 fs
146 2561 218 2604 his
247 2561 382 2617 yestis
412 2561 628 2618 cinqitur.
656 2569 662 2572 ’
729 2565 755 2604 8
788 2566 989 2606 certatur
1019 2561 1107 2604 LR
1137 2565 1394 2606 certaturus
1422 2576 1447 2604 r
1476 2561 1697 2606 cenatum
1726 2560 1798 2604 ed.
1835 2561 1839 2618 Ι

30 2630 53 2683 g
146 2620 377 2674 confertus
407 2619 506 2664 LR.
601 2625 626 2663 9
659 2621 863 2675 effectum
892 2620 936 2664 R
968 2634 1082 2664 corr.
1114 2635 1150 2664 r.
1254 2625 1307 2664 11
1341 2621 1427 2665 iret
1455 2619 1544 2663 LR
1574 2621 1681 2664 isset
1711 2619 1783 2663 ed.

150 2682 206 2721 14
236 2679 344 2733 fecit
374 2678 462 2722 LR
492 2680 613 2735 quod
640 2679 676 2733 f.
710 2679 782 2723 ed.
918 2683 1092 2723 16-17
1124 2680 1388 2738 degentibus
1419 2694 1475 2724 ex
1505 2679 1594 2722 LR
1623 2679 1678 2723 de
1706 2679 1843 2723 versi-

149 2738 232 2781 bus
260 2736 300 2780 r'
332 2738 605 2783 discedentes
635 2753 691 2782 ex
721 2738 792 2782 ed.
825 2739 1188 2796 intellegentibus
1218 2753 1274 2783 ex
1303 2752 1388 2782 nos
1429 2738 1487 2782 cf.
1520 2743 1606 2782 533
1647 2737 1724 2794 (de
1754 2737 1846 2782 11οο

62 2826 66 2827 ⁷
150 2794 299 2840 dativi
329 2810 418 2840 usu
449 2812 488 2842 v.
522 2797 716 2855 Madvig
746 2811 942 2855 gramm.
976 2802 1061 2842 241
1094 2813 1139 2842 11.
1166 2800 1223 2855 6).
1327 2802 1380 2842 19
1413 2810 1516 2842 vero
1546 2797 1589 2840 R
1618 2798 1718 2857 viro
1747 2811 1784 2840 r.

151 2858 208 2898 20
234 2856 528 2911 possiderant
557 2855 657 2901 LR.
781 2860 835 2900 21
869 2859 1083 2914 temporis
1113 2856 1321 2900 deletum
1351 2856 1455 2900 vult
1481 2870 1518 2901 r.
1649 2860 1706 2899 24
1737 2857 1847 2912 post

150 2914 267 2968 ferri
297 2914 503 2971 spatium
532 2915 754 2959 undecim
783 2915 1052 2960 litterarum
1081 2918 1219 2961 vacat
1247 2916 1300 2959 in
1323 2915 1359 2959 L
1391 2914 1706 2972 supplendum
1728 2915 1846 2972 puto

152 2977 204 3016 ut
233 2987 333 3017 cum
363 2973 490 3019 vidit.
616 2980 671 3018 25
702 2976 830 3020 couis
859 2974 899 3018 R
931 2989 1020 3032 quo
1050 2977 1153 3020 ‘ruis
1183 2990 1219 3019 1.
