2014 3226
793 209 1093 253 AENEIoos
1127 212 1164 254 i·
1721 219 1826 270 443

135 348 377 406 prlorem:
430 346 646 408 priorem
687 348 848 394 locum
893 353 1058 396 tenere
1108 352 1412 411 nitebantur,
1460 354 1542 401 sed
1591 357 1717 402 inter
1763 373 1825 403 se.

144 436 260 483 ergo
309 421 524 482 priorem
569 421 731 467 locum
771 422 900 468 inter
939 423 1059 470 duos
1100 426 1394 485 posteriores
1434 427 1662 476 debemus
1704 431 1826 476 acci-

145 510 273 555 pere,
307 494 542 555 quoniam
580 494 869 555 inpossibile
911 496 1169 544 videbatur
1207 503 1261 546 ut
1302 501 1475 547 tertius
1509 502 1585 548 vel
1618 508 1826 563 quartus

145 567 422 615 excluderet
468 568 706 629 primum,
755 585 898 630 quem
946 571 1187 618 secundus
1233 575 1441 620 transire
1484 590 1576 622 non
1618 580 1824 636 poterat.

98 658 119 689 5
145 641 335 689 interea
366 657 478 688 casu
514 643 700 689 factum
742 645 814 689 est
854 645 909 689 ut
947 643 1229 704 Cloanthus,
1262 647 1346 707 qui
1380 648 1616 695 secundus
1649 651 1825 710 fuerat,

142 714 282 762 fieret
326 715 515 776 primus
562 716 655 763 hoc
702 716 870 763 modo:
927 733 1041 763 nam
1083 717 1237 780 Gyas,
1285 721 1372 781 qui
1411 723 1570 781 prima
1611 723 1715 769 loca
1757 727 1825 770 te-

142 791 341 850 nuerat,
380 789 621 837 Menoetis
661 790 895 851 inperitia
937 790 1166 852 deceptus
1206 796 1293 840 est.
1371 810 1478 841 cum
1529 797 1655 843 enim
1696 796 1824 844 idem

144 861 277 924 Gyas
310 863 468 911 eidem
499 863 715 911 Menoeti
747 863 951 911 dixisset
990 880 1081 923 quo
1122 870 1305 913 tantum
1345 869 1462 916 milei
1494 870 1653 916 dexter
1685 871 1826 917 abis?

141 937 234 984 huc
272 937 426 997 diriqe
466 952 678 992 cursum,
713 939 825 984 Ie'tus
865 953 993 993 ama,
1034 939 1125 986 hoc
1166 943 1237 987 est
1277 941 1421 988 finem
1462 944 1580 1001 saxi,
1614 947 1654 989 et
1686 945 1823 990 laeva

74 1027 119 1060 ιο
142 1011 352 1072 strinyat
386 1013 492 1058 sine
520 1011 749 1070 palmula
790 1015 963 1065 cautes,
1006 1013 1155 1060 altu-m
1197 1015 1283 1060 alie·
1324 1017 1530 1070 teneant,
1572 1016 1655 1064 ille
1694 1025 1911 1064 ver0164

141 1087 366 1132 metuens
398 1100 515 1132 saxa
546 1085 758 1132 latentia
789 1101 963 1133 navem
996 1086 1049 1132 in
1082 1087 1238 1134 altum
1270 1089 1507 1150 torsisset,
1542 1088 1824 1150 CloanthuS,

142 1159 230 1220 qui
277 1156 413 1220 Gyae
463 1159 716 1220 proximus
770 1159 891 1219 fuit,
947 1163 1145 1221 arrepta
1199 1162 1348 1222 spatii
1403 1163 1653 1211 occasione
1707 1165 1825 1211 fecit

142 1231 275 1295 quod
312 1232 562 1281 Menoetes
610 1233 802 1280 timuit:
856 1250 971 1281 nam
1010 1234 1140 1281 inter
1178 1249 1349 1282 saxum
1388 1239 1437 1282 et
1476 1252 1650 1283 navem
1690 1236 1823 1298 Gyae

142 1308 312 1354 tenens
350 1306 494 1354 laeva
533 1303 630 1354 iter
667 1308 806 1368 rasit,
846 1307 937 1355 hoc
975 1311 1049 1355 est
1078 1311 1260 1355 temere
1294 1309 1432 1356 iuxta
1463 1325 1580 1358 saxa
1611 1313 1823 1358 transitu

70 1396 120 1429 ἰε
139 1380 306 1428 subito
353 1381 614 1443 praeteriit
659 1397 774 1428 eum
822 1381 905 1442 qui
950 1382 1101 1442 primi
1146 1382 1242 1429 loci
1288 1383 1594 1445 gloriabatur
1632 1387 1823 1445 eventu,

143 1457 186 1502 et
229 1456 366 1502 metis
412 1457 535 1503 tenet
578 1469 792 1515 aequora
839 1459 943 1503 tuta
995 1457 1196 1503 relictis:
1254 1456 1363 1504 ideo
1419 1472 1632 1518 aequora
1686 1461 1807 1518 tuta,
1829 1464 1908 1503 171

143 1529 261 1590 quia
307 1528 358 1575 in
403 1530 549 1576 metis
596 1531 703 1577 saxi
748 1530 1026 1591 periculum
1072 1531 1189 1589 fuit,
1237 1530 1366 1591 quod
1412 1534 1647 1578 evaserat.
1723 1535 1823 1578 tum

141 1616 251 1650 ‘cero
285 1605 467 1651 exarsit
495 1605 659 1651 iuveni
689 1605 827 1651 dolor
858 1604 1045 1652 ossibus
1074 1606 1241 1663 fimens
1271 1618 1356 1651 nee
1385 1604 1600 1652 lacrimis
1628 1620 1824 1652 caruere

137 1691 302 1736 genae.
381 1693 492 1725 cum
537 1677 766 1725 fortunae
812 1677 1049 1740 suffragio
1097 1677 1329 1738 adeptum
1377 1678 1536 1725 locum
1583 1678 1704 1726 vitio
1750 1680 1822 1725 in—

71 1765 119 1798 so
142 1750 294 1812 periti
338 1751 552 1799 hominis
598 1751 916 1812 perdidisset,
958 1754 1069 1799 tum
1113 1767 1231 1798 vero
1271 1752 1475 1811 exarsit,
1522 1754 1626 1798 tum
1666 1753 1822 1815 magis

142 1825 339 1886 exarsit,
376 1826 429 1872 in
468 1827 666 1872 tantum
705 1829 762 1872 ut
801 1826 942 1874 dolor
979 1825 1122 1872 illum
1152 1823 1458 1886 perduxisset
1488 1825 1551 1871 ad
1583 1825 1822 1872 lacrimas.

140 1913 421 1959 seynemque
450 1900 704 1947 Menoeten
737 1899 912 1947 oblitus
942 1900 1216 1958 decorisque
1245 1901 1323 1946 sui
1353 1901 1624 1957 sociumque
1651 1899 1824 1946 salutis

139 1974 194 2020 in
231 1987 368 2021 mare
397 1974 716 2033 praecipitem
744 1976 908 2034 puppi
946 1973 1168 2021 deturbat
1205 1973 1265 2020 ab
1305 1973 1428 2020 alta:
1482 1988 1594 2031 non,
1632 1971 1912 2033 inquit,1'25

139 2046 316 2095 habuit
362 2049 477 2095 ante
524 2047 691 2096 oculos
738 2062 851 2096 suos
898 2047 1158 2095 honestum
1205 2049 1294 2094 aut
1339 2046 1483 2106 utile,
1533 2061 1642 2093 cum
1682 2060 1823 2094 omne

70 2134 117 2168 25
141 2121 402 2169 consilium
441 2121 583 2170 dolor
619 2123 726 2184 ipse
764 2121 1028 2182 turbasset,
1059 2120 1143 2168 sed
1182 2119 1366 2167 oblitus
1403 2119 1676 2167 honestatis
1708 2135 1822 2168 suae

144 2196 194 2242 et
233 2194 409 2243 salutis
448 2196 694 2244 sociorum
724 2198 980 2255 rectorem,
1013 2196 1099 2256 qui
1131 2193 1379 2241 dedecoris
1411 2193 1607 2255 culpam
1638 2193 1823 2255 primus

140 2268 444 2333 neglegendo
491 2271 827 2331 contraxerat,
873 2269 1198 2332 praecipitem
1236 2267 1372 2315 dedit
1408 2268 1460 2314 in
1499 2282 1648 2314 mare.
1723 2266 1825 2326 ipse

66 2334 68 2336 ¹
137 2343 429 2402 gubernaclo
473 2346 628 2392 rector
671 2344 820 2399 subd,
861 2345 965 2403 ipse
1002 2342 1252 2403 mayister:
1304 2342 1355 2388 in
1394 2340 1607 2388 officium
1647 2339 1823 2387 deiecti

140 2417 246 2479 ipse
286 2416 546 2465 succedens
583 2417 719 2465 idem
755 2418 919 2465 rector
956 2417 1005 2464 et
1042 2415 1280 2480 magister
1317 2414 1515 2462 effeetus
1556 2415 1642 2461 est.
1717 2413 1824 2460 hor-

69 2499 119 2538 3⁰
142 2493 366 2552 tatquue
410 2493 542 2540 viros
587 2492 871 2551 clavumque
917 2490 983 2538 ad
1028 2490 1173 2538 litora
1211 2490 1414 2548 torquet:
1466 2487 1611 2535 torsit
1648 2501 1823 2534 navem

24 1742 28 1790 i

24 1798 29 1845 t

23 1853 29 1902 ἶ

22 1908 31 1968 l

260 2665 286 2705 3
318 2661 591 2706 videbantur
621 2660 709 2705 LR
740 2674 853 2705 corr.
877 2674 913 2704 r.
1014 2662 1040 2702 9
1073 2659 1225 2704 laevas
1255 2657 1327 2701 ed.
1426 2661 1479 2700 10
1510 2658 1694 2721 teneant·
1717 2651 1823 2697 finit

139 2718 377 2765 lemmatis
407 2719 459 2764 in
482 2719 569 2764 LR.
599 2719 794 2765 dixit—
806 2718 1029 2776 praeterit
1058 2731 1098 2761 v.
1118 2721 1199 2760 1⁵11
1235 2716 1341 2760 add.
1367 2715 1454 2769 ed,
1485 2713 1566 2759 sed
1597 2711 1715 2756 nihil
1745 2724 1823 2757 ex·

123 2778 313 2824 *cidisse
358 2781 622 2824 structurae
674 2781 809 2824 tenor
854 2778 991 2822 docet
1035 2790 1135 2821 eum
1159 2801 1216 2808 —
1241 2775 1430 2820 dixisset
1452 2799 1507 2807 -
1531 2773 1607 2817 ille
1643 2783 1744 2816 vero
1766 2794 1820 2803 —

141 2839 352 2892 torsisset,
391 2851 532 2894 quam
562 2852 666 2883 cum
694 2839 804 2895 post
834 2837 1023 2882 latentia
1054 2833 1332 2891 interposito
1367 2834 1479 2876 mut.
1512 2830 1605 2876 ed.:
1651 2829 1822 2874 lemma

138 2906 248 2943 cum
278 2896 472 2954 interpr.
503 2895 621 2940 Don.
653 2896 906 2942 contexuit.
1011 2898 1066 2938 12
1095 2894 1272 2948 fecisset
1301 2891 1387 2936 LR
1415 2891 1523 2946 fecit
1552 2902 1666 2933 corr.
1689 2886 1761 2931 ed.

142 2959 200 3002 14
229 2957 456 3002 tramittas
475 2955 564 3000 LR
594 2957 823 3000 transiens
849 2954 920 2999 ed.
1017 2956 1074 2996 20
1105 2966 1207 2998 cum
1229 2951 1375 3010 may-'s
1395 2949 1483 2994 LR
1505 2953 1599 2994 tum
1624 2962 1679 2991 m.
1702 2960 1727 2989 r
1747 2945 1820 2990 ed.

230 3019 287 3060 28
317 3014 676 3074 gubernacloque
705 3014 748 3058 R.
777 3028 861 3071 que
892 3011 983 3062 del.
1006 3026 1041 3055 r.
