2014 3226
778 196 1081 240 AENEIDOS
1114 197 1178 240 111
1723 200 1827 251 321

133 337 330 385 addidit
383 336 550 397 malis,
606 338 723 398 quia
779 337 885 383 sine
941 336 1301 385 deformatione
1347 353 1587 399 personae
1634 339 1831 387 hostilis

135 412 275 472 loqui
321 426 414 458 non
465 411 654 472 potuit,
704 411 810 471 ipse
860 410 938 459 tel
985 413 1196 458 maxime
1246 413 1334 473 qui
1382 411 1651 474 aliquando
1700 413 1831 474 apud

133 485 250 533 illos
299 484 526 546 captivus
574 484 684 530 fuit.
763 483 902 531 dedit
948 487 1116 531 autem
1162 489 1483 548 augmentum
1523 486 1721 547 terrori,
1771 503 1830 534 ne

137 559 331 606 Aeneas
371 559 706 605 contemneret
742 557 833 604 illa
872 557 1052 605 fiducia
1092 574 1192 620 qua
1231 560 1414 608 multas
1446 560 1584 608 urbis
1619 558 1831 608 Graecas

89 650 112 682 5
137 634 276 680 tutus
315 632 675 694 incolumisque
713 632 996 692 transierat,
1030 648 1321 680 enumerans
1363 650 1488 695 quae
1527 634 1608 682 vel
1643 637 1832 696 quanta

137 706 238 754 sint
291 706 422 766 loca,
477 706 642 754 dicens
691 708 740 753 et
788 708 1166 766 commanentis,
1218 710 1274 754 ut
1321 723 1376 754 eo
1424 708 1582 771 magis
1630 707 1692 755 ab
1739 708 1832 756 hac

136 781 459 843 navigatione
506 779 712 827 Aenean
766 781 1034 827 averteret:
1097 781 1172 827 hic
1226 784 1269 828 et
1313 782 1520 842 Narycii
1560 786 1834 842 posuerunt

135 855 327 902 moenia
364 854 516 903 Locri
555 858 598 903 et
633 853 927 902 Sallentinos
966 855 1147 902 obsedit
1183 856 1332 902 milite
1378 870 1573 916 campos
1611 855 1815 916 Lyctius
1832 859 1920 899 400

136 929 448 983 Idomeneus,
495 930 572 976 hic
616 929 705 976 illa
751 928 888 975 ducis
925 929 1156 976 Meliboei
1192 944 1358 988 parva
1397 930 1684 977 Philoctetae
1720 930 1832 977 sub-

69 1021 115 1053 10
139 1003 258 1050 nixa
295 1002 471 1050 Petilia
508 1016 662 1050 muro.
731 1002 935 1050 transiit
973 1002 1038 1049 ad
1076 1003 1199 1049 alia:
1238 1005 1355 1063 quin
1394 1005 1477 1051 ubi
1516 1005 1833 1052 transmissae

138 1078 353 1124 steterint
397 1080 535 1124 trans
581 1090 794 1135 aequora
839 1077 1017 1124 classes
1064 1080 1107 1124 et
1135 1079 1312 1137 positis
1351 1080 1454 1125 aris
1491 1079 1593 1126 iam
1630 1081 1742 1126 vota
1778 1081 1832 1126 in

136 1151 275 1198 litore
310 1150 478 1206 solves
508 1164 764 1211 purpureo
803 1151 965 1198 velare
1003 1164 1164 1198 comas
1202 1152 1462 1211 adopertus
1508 1153 1709 1207 amictu,
1755 1167 1819 1200 ne
1833 1155 1920 1196 405

137 1239 236 1284 qua
282 1226 409 1273 inter
451 1228 644 1272 sanctos
688 1226 817 1285 tynis
861 1226 916 1271 in
959 1225 1137 1272 honore
1191 1226 1388 1273 deorum
1441 1227 1628 1274 hostilis
1680 1227 1833 1285 facies

137 1302 362 1346 occurrat
391 1301 435 1346 et
462 1301 628 1347 omina
665 1300 832 1347 turbet.
893 1300 1022 1346 hwnc
1051 1300 1169 1347 socii
1197 1313 1375 1347 morem
1409 1314 1676 1356 sacrorum,
1706 1301 1833 1348 hunc

69 1390 112 1423 ιε
139 1374 239 1432 ipse
269 1375 434 1429 tenete,
456 1374 548 1421 hac
577 1375 699 1421 casti
728 1376 963 1421 maneant
991 1375 1045 1420 in
1075 1373 1305 1433 reliyione
1334 1377 1537 1434 nepotes.
1590 1373 1832 1436 benignus

137 1446 382 1508 interpres
421 1448 598 1509 utpote
639 1447 760 1495 civis
800 1450 849 1495 et
881 1446 1056 1495 adfinis
1089 1446 1211 1495 dicit
1241 1448 1413 1495 futura
1445 1450 1495 1495 et
1526 1447 1832 1496 observanda

134 1521 454 1582 pronuntiat,
504 1521 637 1583 quod
676 1521 830 1570 etiam
867 1521 956 1569 illo
997 1521 1161 1569 studio
1201 1523 1361 1570 facere
1401 1521 1731 1586 intellegitur,
1770 1538 1831 1570 ne

134 1596 391 1643 exoriatur
429 1595 615 1644 offensa
651 1595 706 1643 in
745 1596 877 1655 deos,
910 1597 954 1645 si
986 1595 1177 1657 aliquid
1207 1598 1429 1643 mutetur
1459 1595 1595 1658 quod
1625 1596 1833 1644 deorum

136 1668 285 1716 fidem
314 1671 471 1730 vexet,
504 1685 631 1731 quae
660 1669 772 1732 ipsa
801 1674 1013 1718 ventura
1044 1669 1289 1718 firmabat.
1341 1673 1418 1718 ast
1439 1670 1524 1718 ubi
1546 1670 1818 1730 diqressum
1834 1674 1920 1714 410

35 1788 39 1798 „
66 1762 115 1794 20
136 1742 330 1791 Siculae
361 1747 404 1791 te
434 1745 704 1792 admoverit
731 1759 846 1792 orae
869 1747 1038 1792 ventus
1064 1748 1106 1791 et
1128 1746 1323 1804 anqusti
1346 1747 1594 1792 rarescent
1615 1745 1833 1792 claustra

137 1816 322 1865 Pelori:
361 1819 412 1866 et
450 1819 647 1882 signum
685 1818 849 1867 litoris
890 1817 1028 1866 dedit
1066 1820 1117 1866 et
1150 1818 1316 1866 Pelori
1355 1820 1406 1866 et
1443 1817 1615 1866 docere
1654 1818 1834 1880 incipit

133 1890 259 1954 quid
297 1892 363 1941 sit
400 1893 678 1940 necessario
719 1892 1023 1941 faciendum:
1073 1893 1230 1948 laeva,
1267 1892 1450 1954 inquit,
1489 1893 1575 1940 tibi
1613 1893 1754 1939 tellus
1791 1895 1834 1940 et

39 2027 43 2030 .
139 1966 276 2026 lonyo
322 1966 465 2014 laeva
501 1969 738 2027 ,petantur
783 1981 998 2027 aequora
1036 1968 1262 2022 circuitu,
1307 1967 1528 2014 dextrum
1564 1967 1680 2026 fuye
1718 1966 1833 2014 litus

139 2043 183 2087 et
210 2039 388 2088 undas.
447 2040 570 2089 dicit
598 2057 730 2089 nunc
762 2055 937 2090 causas
967 2043 1175 2103 propter
1206 2055 1330 2102 quas
1362 2039 1564 2088 dextera
1595 2039 1832 2104 fugienda

38 2123 115 2174 βε
139 2113 429 2162 viderentur
452 2117 501 2162 et
524 2115 668 2164 laeva
690 2115 952 2163 retinenda
975 2114 1265 2176 inducitque
1288 2113 1524 2176 primitus
1543 2114 1834 2176 descriptio-

20 2176 54 2248 3
137 2203 253 2236 nem
282 2188 395 2249 loci,
418 2191 476 2236 ut
507 2189 737 2238 ostendat
768 2205 868 2252 qua
897 2190 1092 2237 ratione
1124 2188 1314 2236 factum
1346 2187 1413 2236 sit
1442 2190 1500 2235 ut
1524 2187 1655 2249 quod
1678 2204 1832 2235 unum

41 2251 58 2285 ’ἵ
135 2261 303 2310 fuerat
331 2265 461 2310 mari
499 2263 715 2311 divisum
751 2263 805 2310 in
843 2263 967 2311 duas
1005 2263 1164 2324 partis
1202 2261 1409 2310 haberet
1438 2261 1597 2319 laeva,
1627 2261 1845 2310 haberet¹

80 2358 83 2360 ·
134 2337 190 2384 et
227 2335 442 2385 dextera.
507 2338 624 2385 haec
661 2338 768 2386 loca
805 2339 855 2385 vi
893 2337 1139 2397 quondam
1170 2338 1215 2384 et
1242 2339 1382 2384 vasta
1413 2337 1645 2384 convulsa
1681 2337 1831 2383 ruina

141 2408 353 2468 (tantum
398 2413 507 2459 aevi
551 2411 816 2472 lonqinqua
861 2412 991 2460 valet
1032 2414 1223 2458 mutare
1267 2409 1501 2470 vetustas)
1548 2409 1817 2458 dissiluisse
1834 2412 1920 2452 415

68 2502 118 2536 so
139 2483 326 2543 ferunt,
365 2499 475 2533 cum
511 2487 736 2545 protinus
772 2489 979 2546 utraque
1016 2485 1157 2533 tellus
1192 2499 1297 2532 wna
1334 2485 1470 2544 foret,
1509 2485 1640 2531 venit
1675 2483 1831 2532 medio

261 2660 377 2699 5-6
408 2661 609 2712 quantas
631 2658 682 2700 in
706 2655 792 2699 LR
823 2659 1000 2712 quanta
1022 2656 1118 2699 sint
1139 2669 1163 2697 r
1185 2660 1363 2710 quanta
1385 2656 1438 2699 in
1462 2654 1534 2698 ed.
1559 2655 1684 2710 (cum
1709 2655 1831 2697 aste-

136 2713 261 2759 risco
293 2714 441 2772 edFI).
534 2719 560 2758 9
592 2716 827 2760 idomaeus
850 2714 948 2758 LR.
978 2714 984 2771 Ι
1015 2714 1260 2770 philotetae
1283 2713 1381 2757 LR.
1476 2717 1531 2757 10
1559 2713 1727 2758 transit
1757 2711 1829 2756 ed.

146 2822 150 2826 ¹
202 2777 255 2818 11
289 2779 331 2819 et
359 2775 482 2818 erint
509 2774 553 2818 R
581 2775 786 2820 steterint
814 2788 851 2816 r.
946 2777 1000 2816 12
1031 2773 1170 2818 solvis
1200 2772 1288 2816 LR
1319 2786 1434 2816 corr.
1456 2787 1493 2816 r.
1587 2776 1642 2814 18
1672 2776 1829 2816 exorta

70 2839 74 2842 ’
126 2833 315 2887 ·0ffensa
351 2835 405 2878 in
441 2834 549 2879 deos
584 2833 766 2890 aliquid
795 2832 883 2876 LR
914 2832 985 2877 ed.
1020 2831 1287 2887 emendavi,
1327 2831 1440 2889 quia
1471 2829 1650 2875 offensa
1677 2831 1828 2875 muta-

132 2890 319 2936 tionem
349 2892 574 2948 sequitur,
604 2906 699 2938 non
731 2890 974 2949 praecedit
1131 2894 1187 2935 19
1217 2896 1344 2936 vexet
1372 2890 1460 2934 LR
1490 2890 1562 2934 ed.
1593 2893 1770 2934 vertat?

141 2954 201 2994 20
230 2951 455 2996 rariecent
482 2951 583 2996 LR..
675 2955 731 2995 27
764 2964 888 2996 mare
918 2949 1006 2994 LR.
1037 2949 1109 2994 ed.
1140 2951 1265 2994 mari
1290 2963 1389 2994 noe.
1486 2953 1543 2993 28
1573 2954 1616 2994 et
1645 2948 1831 2995 dextera

137 3008 178 3052 L
210 3014 252 3054 et
281 3023 368 3054 om.
401 3010 445 3054 R
476 3010 584 3055 add.
617 3025 652 3055 r.
746 3014 803 3054 30
832 3010 932 3064 fore
961 3009 1049 3053 LR
1079 3022 1194 3053 corr.
1226 3023 1262 3052 r.

229 3091 327 3126 Don.
350 3092 509 3132 interpr.
524 3092 640 3134 Vox-g.
674 3092 751 3125 vol.
774 3091 806 3124 1.
850 3088 853 3090 ’
1419 3086 1472 3125 21
