2014 3226
763 160 1065 204 AENEIDos
1097 161 1160 204 111
1705 164 1809 214 307

124 302 273 360 dapes
321 304 363 347 et
409 302 566 347 tristia
615 299 743 347 dona
791 304 901 347 ante
947 302 1113 347 urbem
1159 303 1211 348 in
1258 301 1362 347 laco
1401 302 1518 360 falsi
1556 301 1812 350 Simoentis

124 376 190 422 ad
239 375 424 422 undam
475 374 658 421 libabat
712 376 862 421 cineri
916 373 1256 422 Andromache
1309 377 1561 435 manisque
1613 378 1814 424 vocabat

122 449 411 495 Hectoreum
457 447 523 494 ad
570 448 829 502 tumulum,
882 447 1032 495 viridi
1079 464 1217 507 quem
1263 451 1466 508 caespite
1511 451 1709 497 mamm
1757 454 1900 498 et305

119 524 352 582 yeminas,
384 536 585 569 causam
616 522 847 576 lacrimss,
888 526 1172 569 sacraverat
1210 538 1351 570 aras:
1390 523 1603 584 quando,
1633 524 1811 584 inquit,

78 613 98 645 5
124 596 187 642 ad
219 595 462 643 Helenum
501 595 781 657 pergebam,
817 595 949 656 quod
990 596 1156 643 decuit
1195 612 1397 659 gravem
1437 596 1613 657 virum,
1645 600 1704 646 ut-
1735 600 1812 645 vir

122 670 228 717 viro
268 671 510 717 referente
551 669 830 717 desiderata
870 685 1232 731 cognoscerem:
1273 670 1354 719 sed
1396 674 1598 719 eventus
1639 672 1811 719 attulit

120 744 276 805 ipsius
307 745 520 804 primam
543 742 921 791 Andromachae
954 746 1309 804 praesentiam3
1342 760 1457 791 nam
1489 745 1611 792 haut
1638 746 1810 806 procul

120 833 150 864 a
189 818 397 865 navibus
438 817 709 864 constituta
755 818 809 863 in
849 817 957 864 luco
1000 819 1086 879 qui
1126 821 1263 865 extra
1302 818 1555 866 civitatem
1594 819 1691 866 fuit
1730 819 1811 866 de-

119 893 290 940 functo
322 891 541 951 Hectori,
573 893 625 938 in
666 892 804 938 cuius
843 892 1163 939 matrimonio
1203 892 1440 939 incolumi
1478 894 1644 953 patria
1675 895 1808 940 tene-

53 982 96 1014 10
119 966 280 1027 batur,
318 965 555 1012 reddebat
593 966 738 1012 triste
778 964 1080 1025 obsequium.
1157 965 1263 1012 illic
1307 965 1437 1013 enim
1484 968 1810 1015 constituerat

119 1041 319 1087 inanem
373 1039 464 1086 hoc
519 1042 593 1086 est
647 1040 751 1086 sine
807 1040 977 1086 funere
1032 1039 1245 1086 hominis
1299 1040 1549 1086 tumulum
1607 1043 1810 1102 propter

118 1114 436 1161 lacrimarum
475 1128 689 1173 causam,
729 1115 786 1159 ut
824 1114 968 1174 quasi
1006 1113 1266 1161 adversam
1304 1113 1471 1160 mariti
1518 1116 1808 1162 memoriam

118 1202 358 1250 peragens
390 1187 698 1235 occasionem
729 1186 878 1233 flendi
910 1186 1116 1234 haberet
1147 1189 1196 1234 et
1229 1203 1339 1234 eum
1365 1187 1428 1234 ad
1451 1188 1611 1235 tristis
1637 1189 1807 1250 epulas

0 1302 1 1305 ,
118 1261 395 1310 advocaret.
474 1260 734 1322 descripsit
780 1277 890 1308 eam
936 1260 1087 1308 fuisse
1133 1263 1186 1309 in
1231 1261 1341 1308 luco
1383 1264 1431 1309 et
1469 1262 1807 1323 parentalibus

21 1324 33 1330 ’
52 1351 94 1383 16
119 1335 367 1397 obsequiis
400 1337 706 1397 occupatam.
769 1335 1025 1382 videamus
1057 1336 1227 1382 utrum
1259 1337 1408 1396 poeta
1438 1351 1625 1383 memor
1656 1336 1809 1383 fuerit

118 1410 217 1470 sui3
278 1425 378 1457 non
424 1409 534 1456 vult
581 1409 712 1456 enim
759 1402 918 1475 (299)
965 1409 1169 1456 Aenean
1216 1425 1326 1456 cum
1372 1410 1578 1457 muliere
1632 1413 1806 1471 sponte

117 1483 420 1531 conseruisse
467 1483 785 1544 conloquium
833 1482 965 1544 quod
1003 1484 1196 1530 veniret
1235 1499 1292 1531 ex
1332 1483 1656 1544 dispositione
1694 1499 1807 1544 pro-

115 1559 253 1619 priae
286 1557 581 1618 voluntatist,
620 1557 791 1605 debuit
830 1559 880 1605 et
918 1557 1058 1604 illam
1097 1557 1328 1604 inducere
1367 1558 1583 1618 priorem
1621 1557 1805 1605 vidisse

115 1632 341 1691 Aenean,
389 1647 516 1693 quae
563 1647 621 1678 ex
664 1631 870 1679 occultis
909 1632 1010 1679 luci
1047 1631 1183 1679 illius
1223 1631 1399 1692 spatiis
1438 1632 1605 1692 potuit
1642 1633 1806 1693 prima

47 1720 91 1754 20
114 1705 394 1767 conspicere
433 1706 727 1753 venientem.
803 1709 858 1753 ut
893 1721 990 1761 me,
1029 1706 1217 1767 inquit,
1264 1707 1508 1764 conspexit
1543 1706 1806 1753 venientem

114 1783 158 1827 et
197 1780 348 1827 Troia
387 1781 567 1828 circam
607 1795 751 1827 arma
789 1794 956 1827 amens
993 1780 1138 1834 vidit,
1180 1780 1240 1826 ut
1278 1780 1595 1827 consternata
1634 1795 1691 1826 ex
1730 1795 1804 1827 re·
1887 1823 1907 1831 r

111 1855 316 1914 pentino
366 1868 482 1901 casu
530 1869 782 1902 armorum
820 1853 1148 1901 Troianorum
1195 1852 1584 1901 consideratione
1624 1854 1804 1901 certior

32 1943 43 1992 ς’
111 1927 247 1975 facta
286 1929 374 1988 est,
411 1930 606 1987 maynis
646 1930 872 1976 exterrita
902 1929 1131 1975 monstris
1162 1928 1371 1987 deriyuit
1398 1928 1509 1974 visu
1539 1929 1593 1974 m
1623 1927 1803 1974 medio:

32 2004 38 2016 ²
110 2017 282 2049 revera
336 2003 613 2049 monstrum
665 2002 763 2049 fuit
814 2005 872 2049 ut
927 2017 1023 2063 quo
1078 2003 1301 2062 tempore
1350 2000 1578 2049 Hectoris
1632 2016 1802 2049 manes

23 2089 89 2123 ss
112 2075 422 2125 vocabantur
475 2074 539 2123 ad
590 2076 840 2123 tumulum
892 2075 1086 2124 Aeneas
1146 2076 1427 2136 insperatus
1489 2076 1804 2136 apparuisset

112 2151 259 2212 quasi
304 2152 353 2197 et
397 2151 504 2211 ipse
551 2149 828 2198 defunctus.
906 2149 1123 2212 deriguit
1168 2150 1279 2196 visu
1325 2148 1378 2195 in
1423 2148 1610 2196 medio:
1666 2150 1801 2196 ante-

112 2239 262 2285 quam
313 2224 458 2286 plene
510 2223 739 2285 vidisset,
790 2223 1029 2286 deriguit:
1093 2222 1211 2284 quid
1258 2224 1427 2270 autem
1473 2222 1690 2285 deriguit
1736 2223 1802 2271 sit

112 2297 347 2359 explanat
383 2297 702 2359 sequentibus
742 2297 901 2346 dictis.
958 2298 1031 2344 ait
1070 2296 1223 2344 enim:
1262 2296 1394 2344 calor
1431 2310 1543 2344 ossa
1579 2295 1798 2356 reliquit.-

35 2391 41 2425 t
113 2372 296 2433 quippe
334 2371 537 2420 turbata
574 2374 739 2420 mente
777 2371 963 2420 recedit
1001 2371 1149 2431 calor,
1182 2371 1344 2418 calore
1382 2369 1638 2418 recedente
1679 2369 1799 2432 quid

39 2561 50 2603 ἓ
232 2561 254 2599 1
289 2557 382 2600 loco
405 2556 447 2599 R
477 2558 578 2602 luco
608 2572 632 2600 r
662 2558 728 2614 (et
751 2556 904 2614 infra).
997 2559 1026 2597 4
1057 2569 1146 2611 quo
1169 2554 1256 2598 LR.
1279 2568 1379 2599 cum
1403 2570 1426 2598 r
1457 2555 1641 2611 quando
1666 2554 1736 2598 ed.

41 2613 49 2676 ζ
111 2618 137 2658 6
175 2616 252 2660 sed
290 2629 380 2660 om.
414 2616 486 2660 ed.
639 2620 663 2659 7
705 2622 788 2660 aut
818 2615 860 2658 R
897 2615 1024 2659 haud
1062 2628 1097 2657 r.
1251 2619 1305 2658 12
1345 2614 1582 2659 adversam
1611 2613 1698 2656 LR
1736 2613 1799 2657 ad

108 2665 260 2719 veiam
290 2689 325 2718 r.
465 2679 519 2719 13
546 2689 740 2732 peryens
768 2674 856 2718 LR
880 2687 1104 2731 perayens
1134 2672 1206 2717 ed:
1344 2677 1518 2717 17—18
1548 2673 1798 2717 voluntatis

102 2735 323 2789 propriae
352 2733 406 2778 R.
530 2738 584 2778 19
617 2735 747 2778 illius
775 2733 813 2776 L
843 2733 992 2789 ipsius
1021 2731 1064 2775 R
1095 2745 1207 2776 corr.
1239 2747 1264 2775 r
1288 2753 1343 2769 =
1368 2731 1417 2776 L.
1457 2733 1464 2788 Ι
1499 2732 1680 2788 primae
1709 2730 1797 2774 LR

100 2793 252 2848 prime
280 2807 306 2836 r
329 2794 487 2850 prima
517 2793 589 2838 ed.
689 2794 743 2836 21
777 2797 820 2837 et
849 2792 1119 2847 confirmata
1149 2791 1236 2834 LR
1267 2790 1339 2835 ed.
1363 2797 1416 2836 ut
1445 2790 1564 2845 conf.
1589 2805 1613 2833 ι·
1642 2803 1797 2834 amens

109 2850 335 2907 explicari
371 2853 502 2896 ratus
539 2857 593 2896 ut
629 2857 916 2896 consternata
956 2849 1135 2907 scripsi.
1288 2854 1343 2894 23
1383 2849 1480 2894 diri
1508 2850 1580 2893 uit
1617 2849 1688 2892 ed.
1729 2850 1797 2905 (et

107 2908 262 2967 infra).
401 2915 458 2955 27
489 2911 604 2967 quid
632 2910 720 2954 LR
751 2910 871 2967 quod
902 2909 974 2953 ed.
1017 2911 1023 2964 Ι
1073 2914 1222 2954 autem
1253 2909 1453 2967 deviyuit
1530 2907 1569 2951 R
1599 2922 1687 2952 om.
1721 2907 1794 2953 ed.

107 2970 167 3013 sit
198 2968 374 3013 addidi.
498 2974 555 3013 28
585 2970 804 3026 relinquit
834 2969 877 3012 R
908 2982 1021 3012 corr.
1052 2982 1089 3013 r.

1348 3042 1440 3084 20*
