2014 3226
129 140 232 192 156
590 139 822 182 DONATI
851 137 1131 181 INTERPR.
1165 137 1342 180 VERG.

125 281 483 327 criminationis
525 278 735 326 Graecos
776 279 1031 339 adspergit
1070 293 1126 324 ex
1165 293 1376 338 persona
1416 277 1600 339 captivi
1649 281 1832 340 atque,⁴

125 354 310 400 uthoc
349 353 568 411 satiaret,
602 351 794 398 addidit
826 351 887 398 ab
919 367 1017 398 uno
1051 350 1181 398 disce
1215 352 1386 398 omnis.
1447 363 1599 398 unum
1631 353 1826 413 quippe·

125 427 344 474 notabile
392 427 501 473 vult
547 441 649 473 esse
695 427 747 471 in
795 426 902 472 viro
950 425 1091 484 forti,
1145 427 1203 470 ut
1248 440 1348 471 non
1394 440 1679 488 congreSSU‚
1730 425 1815 472 sed

126 501 318 548 insidiis
382 502 561 558 certet3
632 502 917 546 ostensurus
981 501 1149 545 autem
1212 497 1446 545 Sinonem
1514 498 1815 558 mendacem⁷

125 577 397 635 periurum,
447 573 740 635 sacrilegum
780 574 852 619 ait
893 575 943 619 et
982 573 1189 629 crimen,
1230 571 1290 619 ab
1330 585 1428 619 uno
1469 572 1599 619 disce
1640 573 1814 632 omnis,
1862 588 1884 620 5

126 657 180 694 ut
221 665 317 695 non
359 646 511 693 Sinon
550 647 681 694 solus
722 647 837 694 talis
878 649 1021 706 esset,
1060 646 1145 692 sed
1185 646 1348 707 qualis
1389 650 1516 693 esset
1553 646 1670 692 talis
1712 660 1814 694 esse

126 724 282 767 omnis
324 720 534 767 Graecos
583 720 842 767 adsereret.
919 734 1130 779 namque
1175 723 1230 766 ut
1275 724 1524 778 conspeetu
1569 721 1622 766 in
1660 720 1815 767 medio

125 797 369 849 turbatus,
424 795 624 840 ‘inermis
679 795 885 841 constitit
938 798 1080 852 atque
1133 794 1284 840 ocutis
1336 793 1555 854 Pleryyc'a
1617 796 1815 853 aomina

124 870 480 927 eircumspexit:
513 867 576 914 ad
608 868 1013 916 commovendam
1036 867 1404 914 miserationem
1437 866 1611 926 omnis,
1635 867 1815 928 inquit,

125 943 446 989 circumfusos
500 941 734 1003 attendit,
784 943 1028 1005 ingemuit
1078 945 1127 988 et
1176 941 1297 988 haec
1349 941 1494 987 dixit:
1555 942 1647 988 heu
1693 956 1816 1000 quae
1841 957 1886 989 10

39 1022 91 1059 τυ
126 1031 252 1063 ιηωῑσ
302 1017 462 1070 tellus,
514 1017 692 1074 inquit,
749 1031 872 1075 quae
921 1030 994 1063 me
1049 1029 1262 1074 aequora
1306 1019 1517 1074 possunt
1569 1015 1816 1074 accipere?

124 1094 210 1136 aut
248 1090 364 1148 quid
401 1091 502 1136 iam
539 1091 714 1137 misero
753 1091 873 1137 milei
904 1090 1107 1148 denique
1137 1090 1318 1136 restat?
1379 1091 1458 1136 eui
1494 1102 1646 1147 neque
1681 1090 1816 1148 apud

123 1164 330 1211 Danaos
376 1178 586 1222 usquam
633 1164 764 1210 loeus
818 1167 861 1211 et
910 1178 1058 1223 super
1109 1165 1207 1222 ipsi
1255 1163 1583 1210 Dardanidae
1635 1164 1816 1222 infensi

113 1252 304 1295 poenas
353 1252 461 1284 eum
497 1239 738 1296 sanquine
767 1241 988 1297 poscunt.
1068 1240 1142 1284 est
1182 1239 1311 1283 enim
1350 1252 1511 1298 poena
1550 1253 1676 1298 quae
1716 1252 1814 1283 non

125 1311 313 1358 adimat
352 1312 522 1358 vitam.
584 1311 677 1359 hoc
710 1327 825 1374 ergo
859 1311 1005 1358 dixit:
1046 1312 1096 1358 et
1128 1311 1318 1358 crucior
1349 1310 1608 1374 generibus
1642 1310 1814 1357 multis
1843 1326 1884 1358 15

124 1389 172 1432 et
227 1385 427 1448 sanguis
482 1400 618 1432 meus
675 1385 943 1446 quaeritur.
1021 1398 1112 1443 quo
1157 1386 1336 1444 ⁸qenu'tu
1391 1386 1606 1431 Conversi
1660 1386 1814 1432 animi

123 1473 407 1518 conpressus
455 1462 497 1505 et
543 1461 697 1506 omnis
743 1461 969 1518 impetus:
1021 1458 1299 1505 bonitatem
1338 1458 1666 1505 Troianorum
1706 1459 1815 1505 vult

122 1535 314 1580 Aeneas
355 1532 626 1592 ostendere,
659 1533 745 1594 qui
782 1549 873 1594 pro
914 1532 1157 1594 supplicio
1197 1532 1374 1579 ultimo
1415 1531 1547 1593 quod
1583 1531 1816 1593 sperabat

125 1606 278 1654 Sinon
332 1606 437 1654 solo
492 1607 685 1669 gemitu
740 1607 842 1653 eius
896 1622 986 1667 pro
1039 1622 1201 1667 poena
1255 1605 1475 1654 contenti
1527 1606 1639 1653 flexi
1686 1608 1821 1653 sunt·

38 1687 90 1724 75
122 1682 373 1727 hortamur
417 1681 522 1739 fari
567 1695 659 1739 quo
706 1682 944 1740 sanquine
992 1684 1147 1727 cretus
1186 1679 1358 1738 quidve
1396 1682 1544 1739 ferat,
1591 1683 1818 1726 memoret
1839 1696 1886 1728 20

124 1769 246 1812 quae
289 1756 355 1801 stt
397 1755 582 1812 fiducia
629 1757 790 1814 capto:
842 1756 896 1801 in
943 1756 1042 1802 ista
1079 1753 1469 1816 interrogatione
1508 1755 1608 1800 tria
1647 1754 1816 1815 posuit

122 1829 226 1874 vim
257 1828 608 1889 propositionis
642 1828 960 1890 continentia,
1001 1828 1065 1875 ad
1097 1843 1223 1889 quae
1257 1826 1491 1875 Sinonem
1521 1819 1821 1890 respondere·

125 1902 418 1949 conveniret.

239 1974 425 2023 Cuncta
472 1976 688 2034 equidem
734 1977 842 2031 tibi,
890 1990 997 2030 rex,
1044 1977 1196 2035 fuerit
1232 1977 1582 2035 quodcumque,
1630 1976 1816 2034 fatebor

129 2064 253 2104 cera,
270 2050 441 2107 inquit,
459 2047 639 2109 [neque
660 2064 736 2097 me
747 2050 978 2110 Aryolz‘ea
999 2050 1057 2096 de
1073 2053 1211 2109 yente
1226 2050 1434 2109 negabo:
1457 2046 1815 2109 hoeprz’mwmst
1840 2065 1887 2097 25

124 2122 374 2183 promittit
405 2137 456 2170 se
489 2124 656 2170 omnia
687 2138 805 2171 vera
837 2124 1086 2171 dicturum
1119 2125 1206 2185 qui
1235 2123 1376 2170 nulla
1407 2123 1458 2168 in
1483 2125 1625 2184 parte
1649 2123 1814 2170 fuerat

245 2298 270 2334 2
301 2293 493 2336 satiaret
522 2292 609 2335 LR
638 2294 785 2350 mayis
816 2295 1142 2338 demonstraret
1172 2293 1242 2337 ed.
1383 2297 1408 2335 3
1439 2293 1556 2346 forte
1586 2291 1674 2334 LR
1702 2292 1816 2346 forti

124 2366 147 2393 r
179 2352 249 2395 ed.
279 2351 286 2408 Ι
312 2356 436 2395 ut—
454 2357 482 2395 4
513 2357 645 2396 certet
675 2354 790 2396 mut.
817 2352 887 2396 ed.
912 2355 1049 2408 post,
1075 2353 1157 2396 sed
1180 2354 1307 2395 recte
1340 2365 1388 2394 se
1420 2350 1578 2406 habet,
1611 2351 1652 2395 si
1683 2357 1814 2395 nota-

125 2411 211 2454 bile
241 2409 290 2452 in
323 2409 497 2453 malam
526 2412 710 2466 partem
740 2411 960 2468 accipias.
1108 2416 1134 2455 5
1159 2413 1401 2468 periurum
1432 2409 1518 2453 LR
1543 2425 1593 2466 p.
1626 2415 1667 2453 et
1697 2410 1767 2455 ed.
1807 2411 1811 2468 l
1862 2435 1886 2449 -,

125 2474 167 2512 et
203 2470 372 2512 crimen
402 2469 489 2511 LR
527 2471 584 2513 ab
621 2483 715 2513 uno
752 2472 797 2514 d.
828 2485 867 2515 o.
908 2471 957 2513 in
996 2483 1142 2527 marg.
1177 2470 1284 2514 add.
1316 2469 1368 2523 τ’,
1402 2469 1527 2525 quod
1558 2469 1815 2526 genuinum

125 2542 225 2572 esse
258 2528 503 2583 sequentia
535 2528 716 2572 docent.
855 2533 880 2572 6
912 2534 965 2574 ut
993 2543 1089 2574 non
1120 2529 1268 2574 Sinon
1298 2530 1422 2573 solus
1451 2527 1539 2570 LR
1569 2529 1677 2572 talis
1707 2533 1819 2572 esset

124 2588 173 2630 in
204 2601 348 2645 marg.
384 2587 490 2630 add.
523 2586 580 2631 r‘:
629 2587 746 2631 haec
777 2602 985 2644 quoque,
1019 2588 1133 2644 quia
1164 2588 1313 2632 careri
1344 2587 1404 2631 iis
1435 2601 1527 2630 non
1558 2589 1730 2643 potest,
1760 2589 1816 2630 ut

123 2646 328 2701 genuina
359 2645 529 2702 recepi.
558 2648 564 2702 Ι
591 2647 670 2690 sed
700 2647 992 2702 qualisssesset
1021 2649 1130 2692 talis
1153 2647 1240 2690 LR
1262 2646 1380 2690 haec
1405 2649 1460 2689 ut
1483 2645 1813 2690 antecedentia

125 2705 332 2762 corrupit
362 2705 433 2748 ed.
579 2709 604 2748 9
637 2706 995 2750 misericordiam
1026 2705 1101 2750 ed.'
1243 2710 1298 2749 10
1329 2706 1527 2749 attendit
1555 2704 1643 2747 LR
1671 2706 1811 2760 respi-

122 2766 242 2808 ciens
274 2764 345 2807 ed.
486 2769 540 2806 13
573 2768 615 2807 et
643 2778 779 2820 super
808 2764 896 2807 LR
927 2766 1115 2821 insuper
1146 2765 1216 2809 ed.
1365 2769 1420 2807 15
1453 2765 1608 2808 multis
1639 2762 1724 2806 LR
1752 2778 1811 2808 m.

122 2823 348 2867 malorum
379 2823 450 2867 ed.
545 2827 603 2866 24
632 2836 817 2867 versum
843 2827 897 2867 76
929 2829 1023 2867 non
1055 2823 1235 2868 habent
1256 2823 1345 2866 LR
1374 2835 1527 2878 neque
1551 2821 1817 2878 explicatur

123 2881 340 2938 inter-pol.
366 2882 438 2924 ed„
532 2886 587 2925 25
612 2895 755 2938 neque
765 2884 1036 2938 —primum
1061 2883 1225 2926 addidi
1249 2881 1414 2926 eadem
1439 2881 1608 2924 ductus
1629 2881 1815 2925 ratione

123 2954 217 2996 qua
256 2946 294 2994 1,
319 2945 388 2983 ⁶25.

1950 2753 1967 2775 ’4

1937 2871 1986 2891 N!

1932 3015 1974 3226 maban
1951 2976 1969 3006 u
1948 2942 1970 2967 ,τ’1
1954 2928 1960 2934 ·=
1950 2814 1973 2867 ³:⁴⁶
1951 2777 1971 2803 r.
1952 2722 1970 2741 2
