2014 3226
735 171 739 174 ’
765 163 1069 209 AENEIDOS
1100 164 1120 206 Ι
1220 179 1224 181 ’
1718 163 1750 214 2
1760 165 1785 214 1

100 307 274 369 pat-hos
301 308 467 366 ipsum·
490 305 774 351 admittitur
806 319 918 351 11011
938 304 1245 351 adscribitur
1268 304 1457 351 homini
1491 306 1579 364 qui
1603 304 1788 351 maiore

100 383 155 428 vi
198 383 394 426 coactus
444 378 636 439 aliquid
677 378 829 425 efficit
869 377 999 439 quod
1041 378 1304 425 contrahat
1344 379 1542 425 crimen.
1620 377 1789 425 Aiacis

102 469 216 516 ergo
255 456 442 500 factum
483 453 640 500 levius
682 454 816 510 facit,
851 456 905 498 ut
945 452 1175 498 ostendat
1214 452 1370 500 veluti
1410 454 1641 515 graviora
1679 467 1789 513 pec·

100 530 219 576 cata
249 527 597 585 Troianorum,
645 541 771 586 quae
810 542 909 573 non
950 528 1103 572 erant.
1183 526 1394 587 denique
1444 542 1553 574 cum
1595 542 1790 572 enume-

43 620 77 651 -5
99 605 230 649 raret
276 604 424 662 poeta
475 602 699 661 superius
754 600 1017 647 incidentis
1072 600 1358 648 iracundiae
1414 615 1608 659 causas,
1665 599 1789 647 alios

100 675 224 722 dixit
269 674 555 735 deliquisse,
603 674 687 735 qui
735 674 823 721 illo
872 677 1093 735 tempore
1143 689 1242 734 quo
1290 675 1482 721 Aeneas
1531 689 1641 720 cum
1689 675 1790 721 suis

99 748 369 812 navigabat
407 765 506 796 non
548 747 821 796 adfuerant.
894 748 1105 808 denique
1139 763 1227 794 nec
1259 748 1400 795 Paris
1432 762 1663 809 praesens
1695 748 1793 794 fuit

99 839 186 870 nec
226 821 551 884 Ganymedes,
584 838 794 883 quorum
834 838 891 868 ex
931 822 1064 869 facto
1105 823 1277 883 utique
1318 838 1417 869 non
1457 821 1627 870 debuit
1667 821 1791 869 alios

99 898 374 959 opprimere
417 898 503 957 qui
540 896 667 943 nihil
707 896 1023 944 admiserant.
1090 897 1143 942 in
1175 896 1307 943 facto
1340 898 1509 943 tamen
1540 895 1792 943 Minervae

37 988 79 1023 ιο
101 971 440 1019 consideratur
470 970 728 1017 irascentis
760 971 947 1018 iniusta
979 972 1239 1029 sententia,
1267 986 1391 1030 quae
1424 986 1523 1017 non
1554 971 1794 1017 tractavit

98 1046 432 1092 innocentium
476 1045 528 1091 in
567 1044 655 1091 illa
694 1059 854 1105 poena
887 1045 1204 1104 consortium,
1238 1044 1504 1092 dummodo
1537 1058 1650 1091 cum
1681 1044 1791 1091 illo-

98 1128 206 1166 rum
246 1118 365 1167 licet
395 1119 582 1166 iniusto
616 1119 862 1180 supplicio
894 1118 1124 1179 perderet
1153 1119 1424 1165 inimicum.
1501 1118 1793 1179 disiecitque

98 1195 245 1252 rates,
277 1209 352 1253 ne,
386 1194 428 1239 si
468 1194 595 1240 forte
636 1193 788 1239 alicui
828 1194 1119 1256 contigisset
1158 1192 1378 1251 evadere,
1411 1192 1615 1239 haberet
1653 1192 1791 1239 navi-

101 1267 252 1330 gandi
284 1266 572 1314 subsidium.
630 1268 906 1327 evertitque
940 1281 1156 1327 aequora
1188 1266 1349 1314 ventis
1383 1267 1543 1314 alieno
1584 1266 1793 1328 imperio

35 1358 76 1391 15
99 1357 209 1402 usa,
256 1341 347 1388 hoc
397 1344 472 1388 est
520 1356 629 1387 cum
677 1340 812 1388 Iovis
867 1341 1055 1388 fulmen
1106 1342 1370 1402 arriperet,
1426 1343 1476 1388 et
1529 1341 1794 1402 imperium

99 1414 322 1476 Neptuni
372 1417 583 1476 sumpsit
628 1414 902 1476 habuitque
948 1414 1001 1461 in
1040 1417 1214 1462 ventos
1253 1414 1457 1462 iubendi
1494 1416 1795 1476 potestatem

100 1490 187 1550 qui
229 1489 432 1536 alterius
473 1490 682 1550 imperio
723 1488 1036 1552 regebantur.
1109 1490 1403 1550 exprimitur
1431 1489 1514 1536 hic
1544 1490 1703 1552 magis
1738 1503 1796 1535 ac

100 1565 258 1626 magis
298 1565 556 1611 irascentis
578 1562 843 1611 *Minervae
884 1563 1138 1622 violentia,
1171 1579 1283 1610 cum
1314 1563 1483 1611 Aiacis
1522 1562 1680 1624 ipsius
1712 1562 1792 1610 de·

98 1640 404 1686 monstratur
457 1638 713 1697 interitus,
771 1637 901 1685 unde
956 1637 1161 1684 Iunonis
1208 1638 1403 1684 animus
1453 1636 1792 1698 torquebatur.

28 1725 79 1761 ἰο
99 1711 307 1773 perditis
355 1713 486 1759 enim
526 1709 726 1759 Graecis
766 1711 975 1759 navibus
1015 1714 1065 1758 et
1103 1711 1317 1759 innoxiis
1356 1711 1640 1758 hominibus
1671 1726 1793 1757 nau-

98 1785 258 1848 fragio
299 1787 480 1848 pressis
521 1784 694 1836 debuit
733 1787 948 1834 auctoris
989 1785 1201 1832 offensae
1241 1787 1443 1848 gravius
1492 1784 1796 1847 supplicium

99 1859 447 1919 demonstrari,
493 1876 555 1907 ne
600 1874 713 1907 reus
763 1874 873 1906 cum
923 1858 1203 1907 insontibus
1249 1875 1349 1907 una
1387 1861 1596 1921 parique
1634 1874 1796 1920 poena

99 1933 349 1986 videretur
403 1933 645 1982 adflictus.
730 1933 899 1993 illum,
952 1934 1141 1994 inquit,
1196 1935 1503 1995 expirantem
1545 1932 1794 1982 transfixo

99 2009 297 2069 pectore
338 2008 586 2056 flammas
596 2008 797 2058 turbine
830 2008 1073 2069 corripuit
1104 2008 1407 2069 scopuloque
1438 2006 1603 2055 infixit
1634 2009 1795 2056 acuto.

35 2096 79 2132 ¹³
100 2079 243 2129 illum
283 2081 419 2143 quod
457 2082 584 2130 dixit
624 2085 674 2130 et
713 2083 817 2130 eius
857 2097 1036 2129 nomen
1077 2083 1373 2144 suppressit,
1413 2081 1507 2130 hoc
1545 2084 1621 2130 est
1659 2080 1796 2143 quod

99 2153 327 2217 plurimis
375 2155 498 2205 locis
538 2155 774 2216 diximus,
821 2171 1058 2220 magnum
1096 2156 1409 2204 intellectum
1447 2172 1505 2203 ex
1543 2156 1794 2218 pronomi-

100 2228 243 2277 nibus
283 2231 445 2290 nasc13
492 2246 608 2277 nam
646 2229 853 2278 dicendo
892 2229 1037 2277 illum
1076 2230 1170 2277 hoc
1207 2230 1318 2277 vult
1354 2229 1602 2292 intellegi:
1649 2229 1796 2277 illum

99 2305 434 2364 temerarium,
464 2303 608 2351 illum
646 2303 1084 2364 inconsideratum,
1114 2304 1258 2351 illum
1279 2304 1611 2368 sacrilegum,
1648 2303 1795 2351 illum

101 2377 387 2438 profanum,
433 2378 578 2426 illum
619 2378 704 2440 qui
743 2380 797 2425 in
835 2379 1023 2440 templo
1062 2378 1205 2438 deae,
1251 2379 1306 2426 in
1343 2378 1531 2440 templo
1570 2377 1794 2441 virginis,

33 2453 215 2506 31131110
252 2451 387 2514 ipsas
427 2466 561 2513 3133,
608 2454 660 2499 111
701 2455 966 2514 conspectu
1005 2451 1221 2501 numinis
1259 2453 1451 2516 regiam
1490 2451 1795 2501 sacerdotem

31 2523 52 2651 ξ
100 2525 340 2573 intactam
395 2529 567 2588 stupro
622 2526 847 2575 violavit.
942 2527 1249 2588 expirantem
1302 2525 1539 2574 transfixo
1593 2527 1794 2588 pectore

36 2597 348 2660 114311111133,
410 2601 516 2648 sine
570 2598 718 2648 dubio
780 2599 1005 2648 flammas
1067 2615 1180 2648 cum
1241 2600 1409 2649 anima
1471 2599 1794 2662 expirantem,

32 2647 56 2757 ἓ
101 2666 338 2754 transfixa
384 2674 575 2722 scilicet
618 2673 827 2722 fulmine
874 2689 933 2722 ea
978 2674 1198 2736 corporis
1236 2677 1380 2736 parte
1421 2689 1523 2736 qua
1558 2686 1795 2735 percussa

32 2769 125 2847 Ξ·
182 2803 246 2842 6
276 2799 358 2844 illo
380 2799 469 2844 LR
498 2813 550 2844 eo
580 2800 652 2844 ed.
748 2805 802 2844 12
835 2801 938 2846 licet
968 2814 1056 2845 0111.
1083 2801 1156 2846 ed.
1251 2804 1308 2844 14
1336 2799 1797 2868 evertitque—venti?

39 2862 53 2890 ’ῑ-
34 2870 304 2962 ntenfra
268 2861 394 2915 post
408 2864 530 2906 rates
558 2858 764 2903 inseruit
789 2859 861 2906 ed
959 2864 1015 2904 16
1046 2874 1100 2904 su
1124 2859 1212 2903 LR
1233 2859 1428 2915 sumpsit
1449 2870 1535 2902 1103
1563 2858 1814 2914 surripuit·

205 2918 409 2974 mipuit
430 2932 455 2964 1
484 2918 533 2965 111
556 2917 770 2988 margine
792 2919 958 2973 fratris
980 2919 1056 2963 sui
1080 2919 1152 2964 ed.
1242 2922 1298 2962 33
1322 2917 1547 2972 transfixo
1570 2916 1658 2960 LR
1681 2915 1789 2968 ed}
1785 2969 1787 2975 ἲ

43 2975 295 3044 fulmine
325 2975 378 3020 L
396 2978 445 3021 in
475 2979 508 3032 f.
541 2976 584 3021 R
615 2984 703 3021 0111.
738 2977 807 3021 ed.
838 2978 846 3035 Ι
867 2979 1021 3033 partis
1050 2976 1138 3021 LR
1169 2991 1283 3021 corr.
1315 2991 1339 3019 r
1370 2976 1440 3021 ed.

34 3061 52 3105 0?

30 3115 54 3226 ᾗ,
