2014 3226
213 142 279 193 12
285 142 316 193 8
676 139 909 183 DONATI
938 139 1218 182 INTERPR.
1250 139 1429 183 VERG.

209 283 424 342 Troiam,
465 282 552 329 has
593 282 765 342 utpote
804 279 1096 341 praecipuas
1138 295 1302 327 secum
1341 280 1543 327 sustulit
1580 295 1678 327 non
1716 279 1900 327 reditu-

210 372 317 404 ram
356 371 406 402 se
439 369 639 416 sperans
672 357 876 415 propter
907 353 1178 402 admissum
1210 353 1531 414 adulteriu1n3
1570 369 1686 401 nam
1718 353 1900 402 idcirco

210 431 430 492 positum
478 431 551 475 est
592 443 713 488 quos
752 428 842 474 illa
881 427 1118 488 Mycenis,
1156 427 1400 490 Pergama
1448 443 1558 475 cum
1599 431 1789 489 peteret
1826 429 1901 474 in-

211 517 558 563 concessosque
597 502 910 563 hymenaeos,
950 502 1210 549 extulerat.
1289 501 1483 549 addidit
1529 501 1680 549 etiam
1726 502 1902 549 matris

210 577 371 624 Ledae
419 575 646 622 mirabile
692 575 898 635 donum,
943 578 1000 622 ut
1045 578 1215 622 tantae
1262 574 1645 637 pulchritudinis
1686 578 1735 622 et
1772 575 1903 623 tanti
1948 591 1968 625 5

210 652 375 698 meriti
408 651 590 711 species
629 649 726 696 nisi
766 665 795 697 a
834 651 992 696 matre
1030 648 1206 696 donari
1245 666 1343 697 non
1382 648 1650 712 potuerint,
1690 651 1752 710 et,
1793 664 1905 696 cum

212 725 535 782 donarentur,
574 725 780 771 miratos
821 738 924 776 esse
959 724 1044 784 qui
1083 723 1325 771 vidissent
1372 739 1522 784 quam
1567 722 1771 771 laudare
1817 739 1905 786 po-

210 800 437 845 tuissent.
500 797 590 844 has
630 813 746 860 ergo
787 797 971 845 idcirco
1006 813 1115 845 eam
1147 812 1314 845 secum
1345 797 1472 844 dixit
1505 798 1740 857 avexisse,
1773 796 1906 859 quod

211 873 333 933 ipsis
373 872 618 930 uteretur,
664 872 892 932 quotiens
932 870 1132 920 volebat
1171 886 1276 919 esse
1314 871 1601 932 formosior,
1639 870 1761 932 ipsis
1801 870 1906 918 sine

212 945 360 993 dubio
401 945 552 992 etiam
592 944 818 992 adultero
859 960 946 993 suo
985 945 1162 993 melius
1202 945 1464 1007 placitura.
1526 961 1635 993 6666
1673 945 1907 992 meritum
1930 959 1972 995 ιο

212 1035 471 1066 munerum
520 1021 641 1079 quot
688 1019 949 1082 generibus
989 1018 1068 1067 vel
1107 1019 1266 1067 modis
1307 1034 1615 1081 expressum,
1663 1034 1788 1080 quae
1828 1033 1905 1067 su-

212 1092 454 1155 perabant
499 1092 712 1141 formam
759 1109 886 1154 quae
932 1093 1073 1157 pingi
1119 1109 1220 1141 non
1265 1093 1427 1141 valuit
1476 1093 1908 1156 pulchrioremque

213 1166 497 1214 reddebant.
575 1165 782 1214 dicendo
837 1183 953 1230 ergo
1009 1169 1213 1216 ornatus
1267 1167 1486 1230 Argivae
1541 1166 1762 1215 Helenae
1815 1166 1908 1215 hoc

214 1240 386 1289 sentiri
406 1240 658 1304 Vergilius
682 1241 856 1303 voluit,
882 1241 1138 1303 speciebus
1162 1243 1284 1303 ipsis
1318 1243 1606 1304 superatam
1635 1240 1770 1289 illius
1801 1257 1909 1288 mu-

214 1315 349 1362 lieris
375 1315 585 1362 formam
610 1314 954 1376 redditamque
977 1316 1323 1377 pulchriorem.
1363 1318 1623 1375 praeterea
1645 1318 1910 1375 sceptrum:
1933 1329 1979 1364 151

213 1389 328 1436 huic
375 1404 570 1450 quoque
617 1388 820 1436 additur
864 1390 1097 1437 meritum
1144 1391 1235 1437 sic:
1297 1390 1466 1437 Ilione
1520 1390 1647 1449 quod
1695 1391 1910 1449 yesserat

214 1462 343 1517 olim,
382 1465 601 1510 maxima
630 1466 865 1510 natarum
894 1464 1102 1511 Priami.
1166 1463 1299 1525 quod
1330 1463 1521 1524 habuit,
1552 1463 1734 1524 inquit,
1766 1478 1909 1525 prae-

217 1538 351 1599 cipui
391 1539 442 1584 et
479 1536 661 1585 nobilis
699 1537 831 1600 regis
870 1537 975 1585 fflia
1015 1540 1065 1585 et
1102 1540 1227 1585 natu
1273 1538 1513 1599 maxima3
1568 1537 1730 1586 solent
1777 1538 1910 1584 enim

215 1611 439 1673 religiosi
477 1609 709 1672 parentes
750 1627 876 1673 quae
915 1611 1101 1659 habent
1139 1612 1332 1674 optima
1368 1611 1486 1660 filiis
1526 1611 1715 1659 deferre
1753 1612 1908 1660 maio·

129 1687 215 1728 655
231 1684 381 1732 ribuS.
445 1685 654 1744 colloque
689 1685 868 1733 monile
909 1686 1134 1734 bacatum
1174 1689 1217 1733 et
1253 1686 1492 1745 duplicem
1527 1687 1728 1746 yem‘mis
1766 1690 1960 1733 auro-f

217 1773 307 1819 que
352 1772 604 1807 eoronam:
663 1759 786 1807 haec
842 1775 1038 1821 quoque
1092 1759 1386 1807 admiranda
1438 1758 1618 1807 debent
1670 1759 1910 1823 intellegi.

217 1848 317 1880 non
379 1833 512 1880 enim
572 1832 836 1882 dissimilia
889 1849 994 1882 esse
1047 1835 1251 1896 possent
1305 1849 1431 1895 quae
1484 1835 1654 1882 tantus
1706 1835 1911 1894 tamque

219 1900 623 1967 opulentissimus
654 1923 739 1954 rex
771 1909 822 1955 et
851 1907 1110 1956 benivolus
1148 1909 1294 1970 pater
1331 1907 1464 1955 filiae
1504 1910 1627 1956 natu
1666 1907 1911 1955 maximae

221 1980 486 2028 contulisse
524 1979 805 2029 docebatur.
867 1982 984 2030 haee
1022 1983 1237 2030 celerans
1273 1982 1365 2030 iter
1403 1982 1471 2030 ad
1506 1983 1653 2029 navis
1692 1981 1915 2030 tendebat

219 2051 451 2101 Achates:
506 2054 725 2102 celerans
770 2056 958 2118 inquit,
1003 2055 1178 2104 laudat
1216 2054 1431 2103 hominis
1471 2055 1787 2119 diligentiam
1825 2053 1930 2117 qui.

219 2127 459 2175 mandata
505 2143 616 2175 cum
661 2128 915 2178 celeritate
955 2128 1240 2192 conplebat,
1287 2145 1500 2191 quorum
1539 2129 1762 2190 effectus,
1801 2144 1913 2177 cum

221 2200 488 2262 praedictis
528 2203 691 2250 causis
730 2206 780 2250 et
817 2205 1012 2262 ratione
1052 2205 1289 2266 temporis
1328 2205 1611 2267 urgeretur,
1650 2203 1911 2252 maturita-

221 2278 323 2322 tem
360 2275 699 2336 plenissimam
736 2277 1034 2338 requirebat.

334 2347 403 2395 At
436 2348 681 2409 Cytherea,
713 2350 805 2398 hoc
844 2352 919 2399 est
950 2367 1061 2400 cum
1091 2351 1215 2400 haec
1246 2354 1547 2416 gererentur,
1577 2365 1731 2399 novas
1769 2353 1912 2405 artes,
1963 2365 1965 2370 ·

221 2435 351 2470 nova
379 2426 572 2482 pectore
607 2427 770 2472 versat
807 2426 1025 2482 consilia,
1053 2429 1110 2474 ut
1144 2426 1324 2486 faeiem
1360 2427 1576 2474 mutatus
1616 2428 1660 2472 et
1695 2439 1785 2473 ora
1818 2423 1915 2473 Cu·
1944 2424 1952 2483 ᾗ

347 2596 370 2636 7
403 2595 591 2638 miratos
614 2593 701 2636 LR
724 2596 883 2650 potius
904 2610 963 2639 m.
990 2610 1014 2638 r
1044 2590 1262 2653 in'marg.
1293 2595 1299 2654 Ι
1327 2609 1464 2652 quam
1497 2595 1688 2639 laudare
1713 2595 1963 2651 potuisse

223 2651 311 2695 LR
348 2667 488 2710 quum
525 2653 556 2697 l.
587 2653 695 2698 illas
731 2655 983 2710 potuissent
1019 2654 1091 2699 ed.
1133 2668 1270 2711 quam
1304 2655 1333 2698 l.
1369 2655 1625 2712 potuissent
1668 2667 1754 2697 nos
1793 2652 1840 2709 (i.
1873 2665 1912 2696 e.
1938 2653 1962 2706 t]

224 2713 454 2768 matrem).
568 2716 594 2756 8
626 2725 726 2756 eam
757 2726 846 2757 om.
871 2713 943 2758 ed.
1052 2717 1108 2757 10
1138 2715 1278 2758 etiam
1306 2715 1538 2770 transpos.
1571 2713 1643 2757 ed..
1752 2716 1806 2756 11
1839 2712 1964 2763 eze-'³7

216 2772 388 2826 pressit
418 2770 489 2815 ed.
593 2775 647 2815 12
677 2772 829 2816 valuit
856 2771 944 2815 LR
966 2774 1124 2829 potuit
1152 2772 1224 2817 ed.
1319 2776 1375 2815 14
1405 2773 1570 2816 sentiri
1597 2771 1685 2816 LR
1714 2770 1918 2828 intelleyi

226 2828 298 2872 ed.
452 2834 506 2873 16
537 2830 726 2875 Ilionae
754 2829 855 2875 LR.
1018 2835 1075 2875 23
1106 2832 1475 2888 opulentissimus
1504 2830 1592 2874 LR
1621 2830 1864 2886 opulentus
1892 2828 1971 2877 r‘t!

226 2887 310 2931 sed
341 2887 399 2933 of.
434 2894 504 2944 11,
528 2893 629 2933 226.
737 2893 794 2934 24
824 2889 1060 2936 dicebatur
1090 2890 1162 2935 ed.
1267 2894 1323 2934 2⁷
1355 2895 1398 2935 et
1426 2891 1606 2935 ratione
1635 2889 1671 2932 L
1701 2893 1745 2934 et
1773 2889 1915 2936 rat-‘o-
1933 2878 1972 2944 35

225 2959 328 2991 nem
357 2946 399 2989 R
429 2962 487 2992 eoe
514 2949 694 2994 ratione
724 2948 794 2992 ed.
1928 2964 1958 3095 3,

1915 3074 1941 3107 ‘J
