2014 3226
223 175 332 227 290
689 171 920 216 DONATI
951 169 1230 214 INTERPR.
1264 169 1443 213 VERG.

223 315 416 361 Aeneas
458 313 572 360 deos
612 313 886 373 praesentis
925 312 982 357 ut
1020 310 1234 373 vigilans
1283 312 1333 356 et
1375 309 1558 357 viderit
1597 312 1647 356 et
1686 310 1913 358 audierit.

224 390 429 447 corripio
471 402 493 433 c
530 388 695 433 stratis
734 399 931 444 corpus:
981 399 1138 444 usque
1179 384 1299 431 adeo
1340 383 1558 430 ostendit
1594 399 1748 445 prope
1787 385 1913 447 vigi-

224 463 433 520 lantem,
479 462 536 507 ut
576 459 758 506 diceret
798 458 1010 520 corripio
1051 473 1227 518 corpus
1268 473 1292 504 e
1333 457 1525 517 stratis,
1573 459 1788 505 ceterum
1827 473 1914 519 po·
1967 377 1991 542 ἑ

226 540 363 582 neret
417 534 785 596 expergefactus
841 548 948 580 sum
1004 534 1053 579 et
1107 533 1296 579 somnio
1349 530 1655 597 considerato
1712 532 1912 578 surrexi.
1966 521 1990 613 ἔ·

227 610 438 668 corripio
479 624 503 654 e
545 608 714 654 stratis
755 621 931 667 corpus
972 607 1213 666 expressit
1251 605 1593 666 festinantem,
1639 621 1743 651 rem
1783 607 1915 652 enim
1991 640 1993 642 -

226 684 346 730 satis
387 683 681 742 oportunam
721 682 1112 742 proventumque
1157 680 1260 725 eius
1301 679 1551 740 expletum
1590 695 1792 726 narrare
1833 693 1913 726 cu·
1968 676 1991 730 ἐἷ

224 758 441 818 pientem
479 770 577 802 non
618 754 788 802 debuit
827 755 897 801 sic
936 753 1209 800 describere
1250 755 1464 800 stratum
1501 752 1762 813 reliquisse
1794 768 1913 814 quo-
1982 799 1983 802 ,

224 830 369 876 modo
416 828 656 889 relinquit
702 828 789 875 ille
837 828 922 888 qui
968 828 1110 874 nulla
1158 827 1279 874 dicti
1326 828 1413 873 aut
1458 826 1579 874 facti
1622 828 1915 874 necessitate

226 903 592 965 constringitur.
686 903 851 963 rapio,
905 902 1090 962 inquit,
1147 917 1172 947 e
1228 902 1399 948 stratis
1454 915 1631 962 corpus
1686 901 1916 960 tendoque
1982 902 1985 914 ⁵

223 979 429 1036 supinas
469 976 534 1023 ad
574 977 759 1024 caelum
798 991 907 1024 cum
939 989 1049 1022 voce
1078 990 1281 1022 manus:
1319 975 1438 1021 licet
1470 974 1670 1022 aliunde
1702 975 1917 1021 venisset
1940 992 1974 1023 1

224 1050 529 1110 beneficium,
560 1052 729 1097 tamen
763 1049 988 1096 omnibus
1021 1048 1115 1096 diis
1147 1048 1393 1096 referebat
1424 1049 1640 1111 gratiam
1670 1047 1916 1096 tendendo
1983 1039 1984 1042 Ἴ

224 1139 398 1172 manus
439 1124 502 1170 ad
543 1124 749 1170 caelum.
829 1126 871 1171 et
906 1138 1112 1171 munera
1150 1123 1245 1170 libo
1283 1124 1568 1170 intemerata
1614 1122 1757 1181 focis:
1811 1139 1917 1169 mu-

224 1215 344 1246 nera
397 1199 512 1246 sunt
565 1198 737 1245 vinum
791 1199 840 1244 et
893 1200 995 1258 tus,
1049 1197 1172 1244 haec
1223 1191 1434 1244 tradidit
1487 1196 1624 1244 focis.
1701 1197 1917 1256 perfecto

225 1274 379 1320 laetus
417 1273 593 1319 honore
623 1269 870 1319 Anchisen
906 1272 1034 1330 facio
1075 1274 1255 1319 certum
1293 1285 1485 1329 remque
1523 1271 1692 1318 ordine
1722 1271 1916 1330 pando:

226 1346 481 1407 conpletis,
520 1346 698 1407 inquit,
739 1345 920 1393 divinis
962 1345 1209 1405 obsequiis
1248 1343 1499 1392 Anchisen
1537 1344 1665 1391 facio
1713 1346 1917 1404 certum,
1968 1376 1974 1389 ,

226 1422 413 1468 certum
451 1419 579 1479 ideo,
613 1421 730 1480 quia
769 1421 959 1481 primae
998 1418 1425 1480 interpretationis
1458 1418 1582 1465 vitio
1613 1417 1918 1479 probabatur

224 1496 454 1542 incertus.
533 1493 614 1541 hic
652 1493 908 1557 Vergilius
949 1492 1166 1540 ostendit
1205 1492 1399 1540 divinas
1441 1491 1804 1539 admonitiones
1842 1507 1918 1538 re-

224 1568 451 1615 ferendas
505 1583 605 1614 non
660 1582 786 1627 esse,
840 1568 938 1614 nisi
990 1567 1151 1628 primo
1205 1582 1295 1627 per
1349 1581 1601 1613 sacrorum
1655 1567 1705 1613 et
1757 1567 1916 1627 precis

226 1642 463 1703 obsequia
509 1641 603 1688 diis
650 1642 836 1688 fuerint
876 1641 1271 1701 commendatae,
1317 1642 1375 1687 ut
1412 1642 1764 1702 prosperentur
1801 1639 1918 1687 ube·
1970 1683 1971 1686 ,

225 1717 343 1775 rius,
382 1717 425 1763 si
462 1716 620 1762 bonae
661 1718 790 1775 sunt,
831 1716 874 1763 si
911 1715 1088 1775 malae,
1120 1715 1378 1761 mutentur
1415 1715 1468 1760 in
1506 1714 1696 1762 melius.
1756 1713 1917 1762 laetus
1948 1736 1963 1761 u

224 1791 442 1851 perfecto
481 1789 688 1836 honore:
726 1790 915 1837 laetum
953 1803 1212 1850 possumus
1250 1789 1552 1851 intellegere,
1591 1788 1752 1848 primo
1787 1787 1918 1848 quod
1981 1819 1986 1822 -

227 1865 298 1911 sic
328 1865 601 1924 pertineret
633 1863 696 1910 ad
727 1863 858 1923 deos,
891 1863 1067 1910 deinde
1101 1862 1231 1924 quod
1263 1862 1456 1910 labores
1497 1861 1740 1908 secundae
1778 1861 1918 1909 navi-

228 1937 443 2000 gationis
492 1936 763 1998 effugisset,
813 1940 1062 1998 postremo
1111 1936 1243 1998 quod
1287 1938 1562 1983 instructus
1609 1935 1917 1983 evidentibus

142 2016 225 2056 180
243 2013 293 2058 et
326 2012 600 2072 perspicuis
631 2012 836 2059 monitis
866 2011 993 2058 nihil
1024 2011 1126 2058 iam
1155 2009 1448 2058 formidaret
1477 2010 1670 2058 incerti.
1724 2010 1920 2067 aqnovit
1966 2047 1992 2055 -

218 2085 408 2144 prolem
447 2085 726 2144 ambiyuam
760 2087 1067 2145 geminosque
1088 2087 1321 2144 parentes
1355 2081 1525 2144 [seque
1554 2098 1676 2131 novo
1707 2087 1918 2131 veterwm
1994 2142 1998 2144 .

229 2158 473 2217 deceptum
506 2172 664 2206 errore
695 2157 961 2220 locorumJ:
999 2174 1214 2206 errorem
1245 2159 1430 2205 fecerat
1461 2158 1674 2219 exempli
1705 2156 1916 2218 duplicis
1993 2161 1999 2210 ’ς

227 2233 372 2290 ratio,
412 2247 559 2292 quam
591 2231 830 2280 Anchises
869 2234 984 2294 post
1023 2234 1241 2280 erratum
1279 2231 1520 2279 relatione
1558 2230 1631 2278 fili
1671 2232 1916 2294 cognovit.

229 2305 416 2352 Teucer
470 2305 600 2351 enim
654 2309 703 2353 et
756 2306 1021 2354 Dardanus
1074 2308 1127 2353 in
1183 2306 1372 2368 origine
1434 2307 1663 2367 parentes
1717 2305 1918 2352 fuerant

230 2379 571 2438 Troianorum,
603 2380 687 2427 sed
720 2381 974 2441 antiquior
1004 2379 1280 2428 Dardanus.
1335 2380 1464 2427 hunc
1497 2395 1613 2442 ergo
1647 2380 1784 2440 sequi
1815 2378 1916 2425 An-

230 2453 396 2500 chisen
428 2455 738 2514 convenerat,
769 2455 856 2515 qui
885 2454 1043 2502 Italus
1076 2455 1190 2516 fuit,
1221 2469 1320 2501 non
1353 2454 1594 2500 Teucrum
1621 2451 1914 2500 Cretensem.

351 2564 577 2607 lvideret
606 2569 648 2608 et
677 2564 857 2609 audirit
885 2564 973 2608 LR
1005 2569 1092 2608 -ret
1123 2565 1194 2609 ed.
1289 2569 1314 2607 2
1347 2578 1369 2608 e
1401 2577 1477 2607 om
1507 2563 1608 2618 LR,
1634 2563 1716 2607 sed
1739 2562 1945 2606 habent-2¹
1980 2603 1986 2612 ,

229 2568 373 2675 infral
400 2621 506 2665 add.
538 2636 574 2665 r.
706 2627 731 2666 6
764 2629 976 2680 oppotam
1005 2623 1092 2666 LR
1123 2629 1327 2679 optatam
1356 2638 1380 2666 r
1411 2623 1482 2666 ed.
1516 2598 1789 2678 opo'rtuwam
1818 2634 1915 2666 nos.
1934 2642 1935 2646 =

351 2685 374 2724 7
407 2685 624 2725 estratwm
655 2680 740 2724 LR
770 2687 964 2726 stratum
995 2697 1019 2725 r
1049 2688 1090 2727 et
1118 2690 1198 2728 εῖτ
1229 2682 1299 2726 ed.
1394 2685 1420 2725 9
1450 2683 1572 2726 ratio
1602 2681 1689 2724 LR
1719 2681 1916 2736 corripio

229 2755 253 2783 r
276 2740 347 2784 ed.
372 2740 507 2796 rapio
539 2754 636 2784 nos,
666 2744 670 2787 Ι
698 2742 815 2785 ratis
838 2741 925 2784 LR
955 2756 977 2785 e
999 2743 1158 2786 stratis
1179 2756 1203 2784 1·
1226 2741 1297 2785 ed.
1393 2744 1448 2784 14
1480 2741 1639 2784 ordine
1668 2740 1719 2783 in
1749 2741 1919 2784 ordone

231 2813 342 2843 corr.
369 2798 554 2855 Lquod
579 2798 770 2843 exhibet
792 2799 846 2842 R.
938 2805 993 2844 16
1011 2801 1238 2856 probatur
1261 2801 1332 2844 ed.
1426 2804 1483 2842 20
1506 2801 1600 2843 sint
1623 2799 1694 2842 ed.
1724 2800 1730 2856 Ι
1757 2798 1939 2844 melius·

229 2858 316 2901 LR
347 2859 511 2902 bonum
543 2858 614 2901 ed.
719 2862 891 2902 20-21
918 2861 1064 2904 laetus
1085 2861 1279 2915 perfecto
1302 2858 1388 2902 LR
1411 2858 1594 2902 inverso
1619 2857 1782 2901 ordine
1806 2856 1915 2901 edF.
1959 2858 1971 2879 †

321 2922 373 2959 21
402 2918 560 2974 prima
591 2916 677 2959 LR
709 2931 822 2960 corr.
854 2932 878 2960 1·
909 2918 979 2962 ed.
1075 2923 1130 2961 22
1159 2919 1404 2974 perteniret
1433 2917 1531 2960 LR.
1626 2921 1682 2960 25
1713 2926 1939 2973 seque-

231 2980 287 3019 26
321 2977 519 3021 locorum
550 2975 682 3020 deest
713 2976 762 3019 in
793 2976 892 3031 LR,
927 2977 1008 3021 sed
1040 2977 1315 3034 explicatur.
1855 2984 1871 2991 ”“

1977 3033 1983 3152 ἕ

1975 3153 1982 3208 l
