2014 3226
188 175 296 226 320
654 173 884 217 DONATI
915 173 1195 217 INTERPR.
1230 173 1408 217 VERG.

1964 223 1977 243 l·

186 317 360 361 rentur
399 330 525 375 quae
568 314 768 375 aliquod
806 314 989 360 bonum
1029 314 1107 360 vel
1146 314 1333 360 malum
1375 314 1782 376 demonstrarent,
1819 318 1879 363 ut
1959 348 1978 406 ᾖ

187 388 317 450 ignis
365 404 421 434 ex
469 391 630 449 capite
678 387 860 434 Ascani
914 383 1050 434 mitis
1103 389 1152 434 et
1201 388 1454 450 innoxius,
1509 390 1566 434 ut
1619 389 1671 434 in
1727 404 1877 436 causa
1961 398 1977 446 ,τ’

187 461 423 522 Polydori
462 463 663 525 sanguis
705 478 761 508 ex
796 460 961 523 lignis,
993 462 1050 507 ut
1082 461 1231 508 sudor
1262 477 1319 508 ex
1352 461 1554 509 deorum
1586 461 1876 524 simulacris,
1960 455 1976 548 i

188 539 243 581 ut
283 552 375 582 vox
415 536 631 582 humana
672 551 729 581 ex
768 534 1034 596 pecudibus
1076 537 1124 582 et
1163 535 1322 582 multa
1363 535 1462 582 alia
1495 551 1624 596 quae
1656 535 1876 584 extitisse
1965 555 1974 578 ο·

188 611 537 656 memorantur.
617 611 666 656 et
721 609 840 670 quia
895 608 1081 656 sciebat
1130 609 1333 656 Aenean
1387 609 1534 656 famis
1588 609 1875 659 inminentis
1922 579 1978 681 5³

187 683 446 729 formidine
500 683 815 730 vehementer
869 682 1038 746 adfligi
1094 685 1242 743 atque
1289 683 1436 730 huius
1484 684 1557 730 rei
1604 699 1752 731 causa
1797 684 1876 732 vel
1967 688 1977 739 ᾖ

186 756 398 803 maxime
431 758 684 804 consulere
717 757 946 816 voluisse,
970 770 1057 803 uec
1088 760 1153 812 tu,
1179 757 1358 817 inquit,
1382 771 1663 804 mensarum
1686 772 1877 806 morsus

186 831 400 878 horresce
446 832 652 890 futuros.
730 846 828 878 non
874 830 1123 892 praedixit
1167 830 1386 878 Helenus
1433 832 1626 878 futuros
1681 847 1876 880 morsus

186 920 479 964 mensarum,
520 905 604 952 sed
645 904 706 952 ab
745 905 958 966 harpyia
995 904 1274 965 praedictos
1313 904 1554 966 firmavit,
1594 921 1706 953 cum
1746 907 1876 953 enim

185 994 283 1024 non
322 979 609 1028 metuendos
650 979 786 1039 dicit,
827 979 1045 1026 ostendit
1084 994 1356 1026 emersuros
1399 979 1612 1040 quidem,
1653 979 1738 1026 sed
1776 995 1875 1027 non
1901 995 1943 1026 10

185 1053 437 1099 verendos.
515 1052 707 1100 Aeneas
754 1054 886 1100 enim
932 1053 1188 1100 consulens
1228 1053 1474 1100 Helenum
1519 1068 1667 1114 super
1705 1053 1877 1101 eadem
1986 1059 1989 1111 ζ

184 1143 236 1173 re
285 1126 376 1189 ait,
424 1143 534 1174 cum
580 1127 740 1174 multa
785 1142 1020 1188 responsa
1061 1126 1411 1187 acciperemus,
1458 1126 1584 1174 nihil
1630 1126 1771 1175 nobis
1817 1126 1875 1175 de
1987 1114 1990 1166 i

186 1201 337 1260 fame,
385 1201 509 1247 nihil
556 1201 616 1248 de
661 1216 945 1248 mensarum
991 1201 1252 1263 sacrilegio
1300 1201 1487 1247 dictum
1528 1203 1622 1262 est,
1666 1199 1874 1250 Celaeno

184 1274 527 1322 tantummodo
573 1275 696 1322 haec
742 1275 912 1322 futura
957 1274 1217 1336 praedixit.
1295 1290 1438 1322 nosse
1486 1274 1629 1336 cupio
1677 1290 1743 1322 an
1781 1276 1875 1323 soli
1988 1323 1991 1340 ³

185 1348 360 1395 debeat
407 1349 552 1396 credi.
636 1349 894 1410 respondit
938 1348 1158 1396 Helenus
1204 1349 1446 1410 harpyiae
1494 1348 1693 1410 quidem
1740 1349 1874 1396 dicta
1900 1365 1941 1398 15
1988 1349 1990 1354 ’

186 1422 512 1484 conpendiose
551 1423 861 1483 confirmans,
901 1422 986 1470 sed
1025 1424 1294 1470 extenuans
1333 1425 1536 1470 metum.
1599 1438 1710 1470 cum
1743 1423 1874 1470 enim

97 1500 181 1539 395
201 1497 322 1544 dicit
366 1498 474 1556 fata
514 1499 644 1544 viam
682 1498 946 1552 invenient,
985 1495 1097 1543 vult
1134 1497 1362 1560 intellegi
1399 1496 1504 1544 noli
1542 1498 1760 1544 metuere
1798 1497 1874 1544 fu-

184 1573 321 1618 turos
359 1586 641 1618 mensarum
678 1586 885 1632 morsus,
924 1586 985 1618 ne
1024 1571 1239 1618 formida
1276 1571 1605 1634 sacrilegium,
1636 1570 1876 1618 tenebunt

185 1645 291 1692 fata
330 1644 552 1692 ordinem
591 1661 733 1692 suum
773 1645 1020 1705 aderitque
1053 1648 1248 1692 vocatus
1279 1642 1479 1706 Apollo:
1519 1644 1736 1692 ostendit
1768 1644 1875 1707 qui-

186 1718 295 1766 dem
347 1719 590 1779 futuram,
646 1719 730 1767 sed
775 1735 875 1766 non
923 1718 1237 1766 obtenturam
1285 1719 1469 1766 famem
1522 1718 1873 1768 obsistentibus
1898 1735 1942 1767 20

184 1792 302 1840 fatis
341 1794 391 1839 et
428 1794 507 1840 vel
545 1793 757 1840 maxime
796 1792 1042 1854 Apolline.
1103 1794 1194 1840 has
1233 1796 1394 1840 autem
1424 1797 1604 1840 terras:
1641 1793 1772 1840 redit
1811 1793 1874 1840 ad

186 1882 244 1914 ea
283 1882 313 1913 a
352 1866 529 1928 quibus
569 1882 719 1929 supra
757 1868 1027 1915 recesserat
1065 1869 1130 1927 et,
1161 1882 1221 1914 ne
1258 1866 1313 1913 in
1352 1866 1652 1915 oblivionem
1683 1868 1874 1915 veniret

185 1940 314 1987 unde
359 1941 639 1988 recessisset
683 1941 921 2003 fieretque
967 1942 1123 1989 lector
1169 1941 1407 2002 incertus,
1460 1940 1643 2002 repetit
1693 1956 1874 1989 nomen

186 2014 282 2062 loci
320 2013 524 2062 dicendo
563 2015 652 2063 has
690 2017 864 2064 terras,
930 2014 1141 2074 Italique
1171 2016 1297 2063 hauc
1328 2016 1481 2062 litoris
1512 2029 1674 2063 oram:
1713 2016 1874 2076 aperit

184 2089 287 2135 iam
324 2104 450 2150 quae
491 2091 617 2136 esset
653 2090 763 2150 ipsa
803 2104 910 2137 ora:
942 2090 1174 2149 proxima
1213 2103 1335 2148 quae
1372 2091 1526 2136 nostri
1552 2089 1874 2148 perfunditur
1896 2104 1939 2138 25

187 2164 408 2222 aequoris
440 2165 575 2210 aestu
607 2165 772 2223 effuyc.
834 2163 956 2210 dicit
994 2178 1196 2211 causam
1233 2162 1483 2226 fugiendi:
1524 2165 1695 2210 cuncta
1725 2163 1872 2210 malis

184 2237 468 2284 habitantur
503 2238 695 2284 moenia
737 2236 911 2285 Grais:
949 2236 992 2284 si
1030 2252 1129 2284 non
1169 2236 1356 2284 diceret
1392 2237 1553 2297 malis,
1585 2236 1677 2284 hoc
1708 2235 1872 2298 ipsum

187 2309 318 2372 quod
357 2311 526 2372 posuit
565 2309 707 2358 Grais
747 2311 1039 2372 ostenderet,
1078 2312 1136 2358 ut
1174 2311 1306 2372 fecit,
1345 2326 1435 2372 per
1471 2312 1605 2372 ipsos
1635 2325 1736 2357 non
1768 2325 1870 2360 esse
1956 2333 1959 2338 ·

185 2383 541 2431 transeundum
596 2399 716 2445 quos
771 2399 874 2432 esse
930 2385 1190 2434 constabat
1237 2387 1426 2434 veteres
1471 2385 1711 2432 inimicos.
1788 2383 1873 2433 sed
1950 2431 1951 2435 ,

307 2514 328 2552 1
364 2510 543 2565 aliquid
574 2509 615 2552 R
646 2523 759 2553 corr.
784 2525 806 2552 r
830 2533 886 2547 =
911 2510 960 2554 L.
1055 2515 1080 2553 2
1112 2524 1254 2555 causa
1277 2510 1363 2553 LR
1393 2524 1504 2554 casu
1535 2509 1605 2553 ed.
1699 2515 1725 2554 5
1756 2524 1871 2554 com·
1990 2506 1995 2522 ⁸

185 2574 493 2613 memorantur
523 2569 594 2612 ed.
764 2573 933 2614 10-11
967 2582 1061 2614 uon
1090 2571 1322 2614 merendos
1351 2569 1438 2612 LR
1467 2583 1562 2613 uon
1591 2570 1805 2614 verendos
1834 2567 1870 2612 r'

185 2642 280 2672 ‘nou
316 2628 575 2672 metuendos
613 2627 693 2671 edI
737 2629 996 2673 metuendos
1033 2628 1129 2672 edF
1175 2628 1330 2672 locum
1377 2642 1466 2672 om.
1501 2628 1572 2671 ed.
1604 2627 1751 2672 Lucii.
1809 2677 1819 2688 ⁸
1952 2662 1954 2668 ,
1983 2658 1985 2662 f

190 2692 244 2730 14
275 2688 362 2732 soli
384 2686 469 2730 LR
500 2688 573 2730 illi
596 2687 667 2730 ed.
762 2691 815 2731 17
848 2689 946 2732 uolt
967 2693 1160 2732 metuere
1182 2688 1224 2731 R
1253 2688 1396 2733 ‘nolim
1419 2692 1461 2731 et
1482 2701 1586 2732 uere
1608 2687 1644 2730 L
1676 2701 1774 2731 vere
1797 2686 1868 2731 ed.
1948 2688 1950 2691 ’
1984 2702 1985 2707 ’

190 2750 244 2790 18
274 2759 330 2790 ue
351 2746 576 2800 formidas
599 2746 635 2788 L
659 2760 716 2790 ue
736 2747 959 2800 formidat
979 2746 1022 2790 R
1051 2747 1130 2791 sed
1158 2761 1215 2791 ‘ne
1243 2747 1459 2802 formidet
1488 2746 1560 2790 ed.
1584 2761 1640 2790 ue
1668 2746 1871 2801 formida
1988 2776 1990 2778 -

186 2819 270 2849 nos
302 2805 377 2862 (cf.
401 2819 458 2848 ue
479 2805 652 2862 naviya
675 2807 791 2863 456).
821 2807 826 2862 Ι
854 2807 1066 2850 tenebuut
1087 2805 1176 2849 LR
1198 2810 1228 2850 t.
1254 2807 1374 2851 euim
1406 2805 1477 2849 ed.
1577 2809 1633 2848 20
1666 2809 1868 2861 optentu·
1953 2822 1955 2827 ¹

186 2879 287 2908 ram
310 2863 396 2907 LR
425 2863 498 2907 vel
529 2865 792 2918 obfuturam
823 2865 1020 2909 adnotat
1049 2863 1086 2908 τ’
1111 2865 1262 2910 diram
1285 2865 1356 2908 ed.
1461 2868 1635 2908 21—22
1667 2865 1725 2908 ab
1756 2878 1810 2908 ea
1839 2877 1871 2908 a
1958 2887 1991 2924 ,¹

188 2923 222 2965 L
254 2923 395 2981 absla
427 2936 531 2966 cum
563 2923 711 2967 ras.R
742 2924 804 2967 ad
833 2938 887 2968 ea
917 2939 948 2968 a
978 2922 1015 2966 r'
1040 2939 1070 2968 a
1102 2938 1189 2968 om.
1209 2923 1279 2968 ed.
1372 2927 1428 2967 25
1457 2923 1762 2980 perfundetur
1783 2921 1891 2986 LR„

187 2996 299 3026 corr.
332 2996 366 3025 r.
489 2985 545 3025 28
573 2983 726 3038 potuit
754 2982 795 3026 R
827 2996 940 3027 corr.
972 2997 1006 3026 r.
1948 2985 1985 3002 ’“·
