2014 3226
220 173 326 225 398
686 171 918 214 DONATI
948 171 1230 215 INTERPR.
1264 171 1443 216 VERG.

219 314 369 361 velles
402 313 465 359 ad
496 315 600 360 tua.
663 326 797 359 mene
832 312 998 371 fayis?
1028 325 1122 371 per
1161 326 1242 371 eyo
1280 313 1371 359 has
1409 312 1641 359 lacrimas
1674 311 1911 360 dextram-

131 393 216 432 315
234 402 324 446 que
369 391 503 433 taam
550 390 592 433 te
641 381 859 448 (quando
905 386 1044 432 aliud
1089 386 1209 433 mihi
1253 388 1355 433 iam
1399 387 1605 433 miserae
1640 386 1765 433 nihil
1801 387 1912 445 ipsa

218 460 430 519 reliqui),
456 474 549 519 per
582 460 788 507 conubia
818 462 1000 515 nostra,
1024 474 1117 518 per
1147 461 1358 519 inceptos
1388 460 1689 520 hymenaeos,
1722 460 1766 506 si
1797 460 1911 508 bene

220 535 336 593 quid
377 534 433 580 cle
472 537 514 581 te
552 534 709 580 merui
746 534 843 592 fait
881 536 968 580 aut
1005 534 1090 581 tibi
1129 535 1387 593 quiequam
1425 533 1562 580 dulce
1599 548 1779 589 meam,
1822 535 1910 581 mi·

218 622 372 654 serere
417 609 587 654 domas
634 607 837 654 labentis
884 610 927 653 et
970 609 1134 662 istam,
1183 621 1287 662 oro,
1342 608 1386 654 si
1433 609 1541 666 qais
1595 608 1753 655 adhue
1796 622 1908 667 pre-
1955 602 1999 670 s}

219 683 350 728 cibas
390 682 533 736 loeas,
576 696 692 727 exue
732 685 953 728 mentem:
1001 696 1112 728 cum
1150 697 1265 741 non⁷
1303 682 1483 742 inquit,
1524 683 1722 743 superet
1761 681 1910 728 Troia

217 771 375 815 neque
424 755 486 802 ad
533 757 675 801 notos
724 755 789 801 sis
831 755 1099 816 aliquando
1139 757 1400 814 venturus,
1448 755 1666 803 ostendis
1707 754 1908 818 naviga·
1994 763 1999 814 ς

216 831 405 876 tionem
451 831 589 875 tuam
638 844 737 875 non
785 829 997 876 aliorum
1041 828 1154 876 duci
1193 828 1458 890 desiderio,
1506 829 1590 876 sed
1631 828 1744 876 odio
1783 844 1907 877 meo.

217 918 327 949 cum
367 903 490 949 dicit
528 918 670 949 mene
706 901 873 966 fugis?
913 903 1004 950 1100
1036 903 1426 966 intellegendum
1459 906 1554 950 est:
1595 904 1733 951 00108
1764 902 1907 950 bene·
1995 904 1999 957 ξι

215 976 328 1023 ficia
359 976 508 1023 habes
543 978 592 1023 et
623 976 786 1024 nullas
819 991 991 1024 causas
1025 977 1251 1024 offensae.
1317 977 1510 1039 colligit
1541 979 1707 1025 autem
1746 977 1908 1024 multa
1934 970 1998 1036 10}

217 1053 266 1097 et
313 1050 551 1112 quicquid
599 1050 662 1096 ad
708 1050 912 1098 Aenean
958 1050 1254 1098 flectendum
1300 1050 1478 1098 habuit
1525 1052 1674 1098 simul
1721 1050 1907 1098 effudit.
1995 1044 1997 1053 ⁴

218 1124 349 1185 quod
387 1124 552 1186 ipsum
590 1125 830 1172 nonnulla
869 1140 979 1171 cum
1020 1126 1321 1172 obscuritate
1360 1127 1622 1186 prosecuta
1662 1127 1750 1187 est,
1791 1126 1909 1186 quia

216 1198 420 1245 confusa
475 1215 532 1246 ex
585 1199 814 1260 plurimis
869 1198 1086 1246 motibus
1145 1199 1300 1246 animi
1353 1198 1663 1260 loquebatur.
1741 1200 1910 1260 posuit

215 1274 385 1333 itaque
426 1288 515 1334 per
555 1275 604 1320 et
644 1274 896 1320 contexuit
935 1274 1101 1320 omnia
1142 1276 1191 1320 et
1229 1274 1298 1320 sic
1334 1272 1461 1320 dixit
1493 1289 1594 1321 oro.
1656 1273 1778 1320 haec
1810 1272 1906 1320 duo
1992 1327 1993 1330 Ἴ

215 1362 313 1393 non
361 1349 477 1394 sunt
523 1347 674 1394 semel
722 1346 1030 1408 accipienda,
1083 1348 1142 1394 ut
1189 1363 1315 1408 quae
1363 1347 1497 1394 dicta
1544 1349 1659 1394 sunt
1713 1346 1906 1394 intelle·
1932 1364 1997 1396 15

213 1422 397 1483 gantur
436 1420 735 1468 evidentius:
782 1423 840 1468 ut
879 1422 944 1468 sit
984 1436 1070 1468 010
1109 1424 1159 1468 10
1199 1437 1288 1482 per
1325 1421 1415 1468 has
1454 1422 1686 1469 lacrimas
1727 1423 1777 1468 et
1816 1436 1906 1484 ego
1983 1471 1985 1475 ,

216 1510 314 1555 010,
356 1510 482 1555 quae
522 1494 702 1542 fiducia
740 1496 1096 1556 praestitorum
1136 1495 1289 1543 debeo
1327 1496 1579 1557 inpetrare
1613 1495 1747 1556 quod
1777 1495 1907 1556 volo,

215 1571 265 1615 et
302 1533 423 1615 liens
461 1584 597 1631 rogo,
631 1569 763 1630 quod
796 1570 872 1616 est
901 1585 1074 1616 verum
1106 1569 1290 1617 doloris
1323 1568 1576 1616 indicium.
1642 1585 1732 1616 1100
1762 1571 1906 1630 putes
1983 1607 1987 1612 .

212 1642 302 1688 has
348 1643 566 1690 inaniter
611 1642 776 1689 fundi:
837 1645 988 1691 testes
1034 1643 1161 1691 istae
1209 1646 1324 1690 sunt
1369 1659 1644 1704 poenarum
1692 1644 1906 1705 pectoris

212 1717 311 1763 mei
363 1719 415 1763 et
470 1717 709 1778 quicquid
762 1718 960 1764 interna
1014 1717 1283 1766 discruciat
1333 1718 1491 1765 celare
1538 1733 1638 1765 non
1683 1719 1906 1779 possunt,
1929 1732 1950 1764 2

211 1792 410 1837 tantum
447 1790 563 1838 fidei
602 1791 737 1838 oculi
775 1794 967 1855 gerunt,
1000 1793 1057 1838 ut
1087 1791 1290 1839 latentis
1323 1807 1532 1854 angores
1563 1791 1761 1838 fletibus
1791 1806 1904 1852 pro·
1978 1827 1991 1892 ς

211 1863 330 1911 bent
369 1866 418 1911 et
457 1865 709 1912 abstrusas
748 1865 956 1912 interius
996 1880 1171 1913 causas
1210 1866 1487 1914 manifestis
1526 1865 1904 1927 probationibus
1978 1899 1989 1921 .÷

210 1937 437 1998 prodant.
514 1954 604 2000 per
642 1939 890 1986 dexteram
932 1941 1075 1987 tuam
1111 1941 1162 1987 te
1196 1954 1280 1988 oro
1314 1939 1503 1987 dictum
1534 1939 1614 1987 vel
1644 1941 1753 1988 viro
1784 1938 1906 1988 forti

213 2013 506 2059 conveniens
538 2013 619 2060 vel
652 2014 830 2061 amori:
871 2014 944 2060 ait
975 2014 1107 2061 enim
1139 2028 1290 2076 supra
1321 2029 1440 2075 „nec
1470 2016 1519 2061 te
1552 2013 1670 2061 data
1702 2012 1904 2061 dextera
1982 2050 1985 2063 .

213 2084 502 2146 quondam“.
581 2102 671 2148 per
717 2087 930 2135 conubia
975 2089 1167 2149 nostra,
1214 2087 1307 2136 hoc
1355 2089 1430 2136 est
1468 2103 1558 2149 per
1594 2088 1904 2135 matrimonii
1927 2091 1989 2154 ssjj

210 2158 358 2206 fidem
403 2161 454 2207 te
502 2176 614 2221 oro,
662 2161 793 2222 quod
842 2163 917 2208 est
961 2161 1086 2208 mihi
1124 2161 1316 2223 tibique
1356 2177 1625 2210 commune.
1702 2177 1792 2223 per
1827 2162 1902 2208 in-
1980 2161 1986 2184 ‘²

211 2235 378 2294 ceptos
431 2234 731 2295 hymenaeos
786 2240 832 2282 te
886 2251 995 2296 oro,
1059 2234 1198 2297 quod
1253 2235 1502 2298 significat
1561 2251 1650 2297 per
1699 2235 1902 2298 nuptias
1981 2230 1985 2259 ²

210 2308 405 2354 nostras
447 2310 696 2355 communi
734 2324 974 2357 consensu
1012 2309 1248 2357 firmatas.
1313 2309 1500 2357 adserit
1530 2309 1661 2357 Dido
1697 2310 1901 2371 nuptias
1966 2371 1967 2374 Ἴ

209 2396 309 2428 non
355 2381 515 2429 solum
559 2381 674 2430 illas
722 2382 901 2444 quibus
950 2382 1130 2431 adsunt
1167 2383 1373 2445 plurimi
1413 2383 1510 2430 dici
1547 2398 1691 2445 posse
1730 2398 1903 2431 verum

331 2569 354 2607 1
387 2565 518 2609 velles
549 2567 611 2610 ad
642 2572 725 2610 tua
755 2567 796 2610 R
827 2568 950 2612 vellit
981 2569 1044 2612 ad
1074 2574 1158 2613 tua
1188 2569 1224 2611 L
1255 2570 1365 2613 velis
1397 2568 1497 2612 sine
1530 2569 1592 2612 acl
1623 2574 1707 2613 tua
1738 2569 1808 2612 ed.
1955 2612 1959 2619 ,

210 2628 235 2665 2
269 2625 426 2668 misere
455 2624 498 2667 R
529 2638 642 2669 0011.
675 2641 710 2668 r.
819 2630 844 2670 3
868 2627 1122 2685 hymaneos
1151 2627 1251 2671 LR.
1351 2632 1379 2670 4
1410 2633 1493 2671 aut
1523 2628 1841 2684 superscripta
1870 2629 1902 2672 h
1959 2654 1965 2661 —

209 2682 244 2725 L
275 2683 391 2727 haut
419 2682 462 2726 R
492 2689 574 2728 aut
603 2699 639 2728 r.
771 2689 797 2728 6
827 2691 1029 2742 superest
1057 2686 1144 2729 LR
1175 2687 1246 2731 ed
1279 2692 1456 2744 superet
1485 2699 1570 2730 nos
1600 2687 1794 2743 propter
1821 2687 1896 2732 sis.

301 2746 356 2785 12
387 2743 616 2787 nonnulla
647 2743 735 2786 LR
771 2759 948 2790 summa
979 2745 1050 2789 ed.
1206 2750 1261 2790 15
1296 2746 1441 2790 simile
1471 2745 1558 2789 LR
1595 2747 1735 2790 simul
1771 2759 1795 2788 1
1826 2745 1896 2790 ed.

207 2801 340 2846 semel
369 2814 466 2846 nos,
592 2806 646 2846 16
677 2803 762 2846 has
792 2816 879 2848 om.
907 2804 1016 2847 edF.
1046 2805 1053 2862 Ι
1087 2811 1172 2849 aut
1201 2818 1280 2862 eqo
1309 2804 1396 2847 LR
1427 2804 1497 2848 ed.
1531 2810 1574 2850 et
1603 2819 1680 2863 eqo
1710 2817 1807 2849 nos.

211 2863 265 2903 19
297 2861 381 2904 has
402 2859 490 2903 LR
513 2860 585 2904 ed.
611 2861 827 2906 lacrimas
857 2863 1085 2908 excidisse
1115 2863 1314 2908 videtur.
1343 2866 1350 2921 Ι
1377 2864 1468 2908 ista
1499 2863 1570 2908 ed.
1665 2868 1718 2907 21
1752 2876 1899 2921 arcyor
1938 2866 1979 2912 57

208 2923 272 2962 est
301 2918 533 3022 011αεῖ11.
568 2920 657 3022 edd
741 2924 796 2963 23
829 2922 1122 2980 dextramque
1153 2923 1224 2966 ed.
1319 2927 1374 2966 29
1407 2922 1476 2966 vel
1505 2927 1612 2967 sunt
1642 2921 1729 2966 LR
1760 2924 1896 2967 inter-

207 2983 317 3022 sunt
345 2992 368 3020 r
460 2984 569 3023 swnt
599 2992 624 3022 e
661 3014 670 3022 .
1854 2995 1859 2999 ·
