2014 3226
794 209 1096 253 AENEIDOS
1128 209 1169 253 Π
1727 210 1828 260 159

139 353 304 398 lentur
351 352 439 411 qui
487 366 544 397 ex
591 351 847 412 opulentia
893 351 944 395 in
992 350 1216 397 miserias
1257 350 1443 397 fuerint
1482 350 1624 411 lapsi.
1703 349 1832 396 redit

141 440 333 472 rursum
389 423 451 471 ad
505 424 727 471 fabulam
782 423 1128 472 commendans
1192 440 1279 484 per
1341 425 1509 470 omnia
1570 431 1831 484 personam

142 514 300 558 suam,
355 502 413 545 ut
469 498 699 546 ostendat
753 514 802 545 se
858 498 1041 545 bonum
1097 498 1306 556 socium,
1362 497 1545 544 bonum
1601 498 1830 558 amicum,

138 572 321 619 bonum
360 574 710 633 propinquum.
782 571 1094 619 commendat
1134 572 1286 618 etiam
1326 571 1608 618 Palamedis
1648 587 1829 617 memo—

31 650 37 656 “
97 664 115 695 5
139 647 266 692 riam
313 645 519 693 dicendo
567 648 685 707 quia
731 646 862 692 bella
910 644 1134 707 vetabat,
1182 647 1240 691 ut
1288 661 1344 692 ex
1392 661 1449 692 ea
1496 659 1645 692 causa
1689 660 1829 706 prae·

143 723 330 766 starent
365 721 522 767 amico
547 721 738 766 viventi
765 719 895 780 quod
919 718 1177 766 Palamedi
1202 719 1434 766 defuncto
1460 735 1558 766 non
1582 721 1829 780 poterant.

143 795 328 840 invidia
353 797 611 853 postquam
634 794 840 853 pellacis
881 793 1017 842 Ulixi
1048 792 1194 851 (haut
1222 794 1386 852 iynota
1419 793 1608 853 quzcor)
1640 794 1832 852 supere's

141 869 365 914 concessit
404 869 464 915 ab
505 870 627 914 oris:
665 871 1008 929 posteaquam,
1045 868 1227 928 inquit,
1267 867 1398 914 idem
1430 866 1734 927 Palamedes,
1771 870 1832 913 ut

142 940 367 988 omnibus
407 945 580 988 notum
620 944 709 1001 est,
748 942 950 989 recessit
990 957 1020 988 a
1061 942 1266 1003 superis,
1305 957 1403 989 non
1444 941 1570 988 dixit
1608 946 1831 987 mortuus

33 1022 38 1025 ’
76 1034 117 1064 ιο
142 1026 231 1075 est,
270 1015 355 1063 sed
394 1017 649 1075 concessit,
686 1018 747 1063 ut
784 1015 1026 1062 memoria
1064 1017 1168 1063 eius
1209 1015 1360 1078 digna
1401 1014 1538 1062 esset'
1562 1030 1688 1076 quae
1721 1018 1834 1076 post

141 1089 354 1137 hominis
400 1089 547 1136 finem
593 1089 759 1137 vivere
799 1093 1083 1137 mereretur.
1162 1105 1274 1152 ego,
1314 1090 1500 1150 inquit,
1546 1091 1660 1150 post
1698 1088 1832 1135 illius

142 1178 410 1223 excessum,
452 1164 531 1212 cui
571 1166 621 1211 et
659 1179 821 1211 comes
860 1163 938 1210 fui
977 1166 1026 1210 et
1066 1163 1436 1211 commendatus
1477 1179 1506 1210 a
1544 1166 1710 1224 patre,
1753 1162 1831 1209 cui

141 1254 218 1283 me
273 1236 532 1285 constabat
587 1253 689 1285 esse
746 1236 980 1299 adfinem,
1043 1238 1268 1295 adflictus
1321 1239 1471 1284 vitam
1523 1239 1574 1284 in
1631 1237 1833 1284 tenebris

142 1313 362 1370 luctuque
400 1312 660 1359 trahebam.
731 1312 823 1359 hoc
863 1311 972 1359 vult
1010 1311 1252 1375 intellegi,
1291 1315 1347 1358 ut
1385 1327 1486 1358 non
1524 1313 1594 1358 sic
1634 1310 1834 1358 duceret

78 1405 118 1434 ιε,
145 1387 298 1431 vitam
340 1385 584 1446 quomodo
627 1387 714 1447 qui
752 1388 930 1447 optant
968 1387 1151 1447 vivere,
1191 1385 1276 1432 sed
1317 1387 1402 1446 qui
1442 1386 1650 1446 cupiunt
1691 1386 1832 1431 mori.

142 1460 263 1506 haec
307 1475 406 1506 non
455 1462 598 1507 erant
643 1476 782 1520 vera,
831 1459 918 1508 sed
965 1461 1190 1520 quaesita
1237 1459 1301 1506 ad
1346 1458 1621 1507 fallendum
1661 1463 1732 1519 et,
1779 1463 1834 1505 ut

142 1535 381 1580 maiorem
412 1537 633 1581 moveret
663 1533 1068 1593 misericordiam,
1102 1533 1242 1581 addit
1273 1536 1530 1595 praeterea
1564 1532 1701 1580 aliud
1736 1548 1833 1593 quo

144 1608 321 1655 nimios
362 1608 499 1655 velut
538 1607 731 1655 dolores
772 1623 887 1655 suos
927 1609 1224 1670 exprimeret
1265 1607 1442 1668 quibus
1476 1609 1620 1669 quasi
1652 1623 1709 1654 ex
1741 1607 1835 1653 Pa-

143 1681 348 1728 lamedis
379 1681 521 1728 luctu
551 1682 716 1729 fuerat
745 1697 962 1744 pressus:
1002 1679 1076 1742 [et
1106 1696 1272 1730 casum
1302 1683 1509 1729 insontis
1539 1695 1721 1728 mecum
1764 1683 1835 1727 in·

42 1749 45 1754 ’
79 1756 387 1815 201li9nabar
418 1754 592 1817 ami-ci]
622 1770 709 1803 nec
738 1758 869 1803 tacui
901 1756 1094 1804 clemens
1126 1760 1167 1803 et
1197 1770 1285 1806 me.
1318 1758 1423 1816 fors
1453 1757 1597 1816 siqua
1636 1756 1834 1808 tule'sset,

143 1831 185 1876 si
227 1831 419 1889 patrios
468 1845 700 1890 umquam
749 1845 1035 1878 remeassem
1088 1831 1238 1877 victor
1291 1830 1357 1877 ad
1402 1828 1587 1889 Aryos,
1625 1831 1836 1890 promisi

145 1905 345 1950 ultorem
384 1907 427 1951 et
463 1905 621 1952 verbis
660 1905 774 1952 odia
804 1919 984 1964 aspera
1014 1906 1155 1951 movi.
1216 1903 1511 1968 cogitabam,
1542 1903 1721 1966 inquit,
1754 1903 1834 1950 de-

144 1977 443 2024 fendendum
467 1993 571 2026 esse
596 1978 811 2026 amicum
834 1980 938 2026 vim
960 1993 1164 2039 passum
1188 1994 1246 2026 ex
1270 1977 1558 2025 criminibus
1581 1977 1738 2036 falsis,
1755 1977 1834 2025 de-

144 2051 443 2098 fendendum
467 2067 572 2099 esse
594 2054 920 2113 innocentem,
947 2051 1033 2100 sed
1055 2051 1237 2100 nimius
1262 2052 1404 2100 dolor
1434 2055 1631 2100 tantum
1655 2052 1835 2113 potuit,

42 2109 122 2174 p'535
144 2129 199 2172 ut
238 2141 314 2172 me
354 2125 554 2173 fecisset
590 2126 835 2174 insanum.
914 2126 1127 2188 denique
1175 2125 1308 2188 quod
1353 2126 1623 2190 tegendum
1669 2127 1835 2174 animo

145 2199 261 2258 fuit,
318 2199 448 2260 quod
505 2199 606 2248 alto
661 2199 858 2248 silentio
912 2200 1227 2248 retinendum
1273 2216 1373 2248 non
1419 2200 1679 2248 voluntate
1726 2215 1837 2246 mea

147 2289 302 2334 neque
356 2274 552 2338 integro
607 2276 744 2322 statu
796 2276 977 2322 mentis
1031 2274 1198 2336 potius
1246 2274 1397 2322 effudi
1443 2290 1595 2336 quam
1639 2273 1837 2334 rettuli3

83 2361 86 2364 ·
147 2346 272 2407 (lixi,
327 2348 539 2395 clamavi
596 2348 728 2410 quod
782 2347 970 2410 pietate
1026 2349 1230 2412 cogente
1285 2349 1468 2396 nimius
1522 2348 1838 2410 disposuerat

147 2419 308 2482 dolor,
363 2421 553 2470 scilicet
606 2421 665 2469 de
719 2425 878 2470 morte
932 2421 1146 2470 insontis
1191 2424 1244 2469 in
1291 2421 1488 2470 sedibus
1534 2421 1712 2484 patriis
1759 2438 1837 2470 me

46 2471 68 2507 f.

268 2610 291 2648 1
332 2607 528 2651 *miseriis
565 2606 607 2648 R
649 2621 763 2651 corr.
797 2622 821 2650 r
844 2629 900 2644 =
926 2607 975 2651 L.
1127 2613 1155 2652 4
1195 2609 1446 2665 bonumque
1477 2621 1611 2665 prop.
1646 2607 1716 2652 ed.

150 2665 556 2768 {ttmmssiss
584 2666 868 2769 Qssw'ffl
897 2667 969 2779 ³3¹·
982 2685 991 2710 ²
1004 2666 1352 2771 ιζᾞιῖἱίῐθῆῗο
1386 2665 1839 2770 ᾶέἔἛῑξθῑ-ιῗῗὲἓ

86 2759 113 2784 '⁵
150 2795 189 2823 V.
223 2738 448 2827 effici?
467 2784 564 2840 ed.,
602 2740 741 2839 quegm
780 2760 996 2840 sequenti
1036 2741 1445 2842 petiusmlemffifi
1480 2741 1838 2843 ¹praefigendum

84 2904 86 2906 Υ
151 2853 251 2886 esse
281 2841 473 2899 interpr.
507 2843 657 2887 docet.
775 2848 829 2887 16
860 2849 914 2888 ut
942 2843 1030 2887 LR
1060 2849 1113 2888 ut
1143 2845 1207 2889 ad
1237 2845 1308 2888 ed.
1418 2849 1472 2888 17
1505 2844 1691 2888 addidit
1719 2843 1791 2887 ed.
1829 2844 1833 2898 Ι

54 2953 56 2960 .
108 2956 115 2963 .
150 2900 330 2956 aliquid
358 2901 402 2945 R
432 2902 566 2946 aliud
593 2917 619 2948 r
641 2924 696 2940 =
722 2902 772 2946 L.
925 2907 982 2946 23
1012 2903 1148 2958 falsis
1177 2902 1265 2947 LR
1293 2904 1329 2958 f.
1361 2909 1404 2948 et
1434 2903 1504 2948 ed.
1658 2906 1715 2946 26
1743 2903 1840 2957 fuit

54 2979 56 2984 ·
151 2957 242 3020 LR*
264 2959 300 3014 f.
331 2974 389 3004 ac
418 2961 490 3004 ed.
657 2966 712 3005 27
744 2962 904 3008 rettuli
933 2975 1022 3007 om.
1055 2962 1128 3008 ed.
1289 2967 1346 3007 28
1376 2963 1573 3008 clamavi
1602 2963 1724 3019 quod
1753 2961 1840 3005 LR.

152 3017 430 3075 clamavique
459 3019 532 3065 ed.
574 3023 581 3027 ’

1868 1836 1924 1874 95
