2014 3226
728 221 1031 266 AENEIDOS
1063 222 1126 265 111
1670 223 1778 275 353

90 363 302 423 fuerant,
334 377 447 408 cum
485 361 738 422 inciperet,
770 362 966 422 intenti,
1000 377 1110 409 cum
1141 362 1317 410 finiret.
1382 363 1608 410 omnibus
1641 361 1779 422 dixit,

90 438 147 484 ut
193 435 473 484 ostenderet
519 434 711 481 nullum
758 434 862 482 illic
909 435 1058 484 fuisse
1107 438 1192 497 qui
1238 452 1336 484 non
1384 436 1543 484 adhuc
1594 436 1778 484 deside-

90 511 225 557 raret
264 509 449 556 audire.
527 524 796 570 cursusque
835 508 1057 570 docebat,
1097 511 1313 557 fatorum
1346 511 1534 558 scilicet
1566 525 1779 557 suorum.

93 585 319 632 conticuit
378 583 572 631 tandem
631 584 851 643 factoque
906 583 983 630 hic
1035 586 1132 642 fine
1186 586 1387 644 quievit:
1454 583 1656 632 tandem
1719 583 1780 632 ad

47 673 68 707 5
92 658 257 720 ipsum
294 658 510 718 pertinet
558 658 645 718 qui
691 670 831 704 casus
880 671 992 704 suos
1039 656 1275 705 narrabat
1314 659 1520 719 invitm,
1565 660 1780 706 ceterum

93 731 344 779 auditores
375 732 561 778 intenti¹
588 731 787 778 fuerant
819 733 869 778 et
901 730 1060 778 adhuc
1100 730 1270 779 audire
1310 732 1589 794 cupiebant.
1649 732 1780 779 facto

93 807 259 852 autem
297 805 392 853 fine
431 804 669 853 narrandi
706 803 899 852 Aeneas
939 806 1139 853 secessit
1180 805 1242 853 ad
1280 807 1513 867 requiem.

214 966 237 1004 1
271 961 438 1005 intenti
467 975 569 1005 cum
597 961 753 1015 finiret
783 959 870 1003 LR
907 961 1095 1005 intentis
1133 975 1166 1005 c.
1200 962 1235 1014 f.
1269 975 1373 1005 cum
1411 974 1557 1017 prava
1588 961 1782 1004 distinc-

91 1019 222 1064 tione
254 1019 325 1064 ed.
470 1025 495 1063 3
528 1020 713 1064 docebat
744 1033 832 1062 om.
866 1019 938 1063 ed.
1086 1024 1108 1063 ‘1
1141 1022 1316 1065 secessit
1346 1020 1432 1063 LR
1465 1020 1544 1064 edI
1573 1021 1782 1064 successit

92 1078 202 1123 edF.
237 1105 292 1111 ——
326 1078 607 1135 subscriptio
638 1077 781 1135 plena
817 1079 970 1123 Tiberi
1000 1080 1085 1122 etc.
1114 1106 1168 1111 —
1201 1080 1365 1136 incipit
1404 1080 1479 1123 lib.
1512 1080 1634 1124 IIII
1666 1078 1782 1135 (sine

92 1137 310 1195 feliciter)
335 1138 370 1180 L
403 1138 636 1183 Tiberium
661 1137 911 1182 Claudium
935 1138 1201 1182 Maximum
1225 1152 1312 1182 om.
1332 1139 1373 1181 R
1404 1141 1526 1195 (cum
1550 1137 1779 1193 feliciter).

189 3111 291 3145 Don.
315 3110 472 3152 interpr.
496 3110 611 3153 Vei-g.
645 3110 720 3144 vol.
737 3110 769 3143 1.
1377 3100 1435 3142 28
