2014 3226
780 157 904 200 AEN
906 157 1081 202 EIDOS
1114 158 1177 201 VI
1710 164 1816 215 533

132 295 328 343 dictura
375 299 470 343 est:
532 295 616 342 sed
660 310 735 343 me
780 311 888 344 cum
934 298 1054 345 Zzaecis
1102 298 1282 346 Hecate
1319 302 1556 359 praefecit
1593 300 1815 351 Aramis.

133 372 244 429 ipsa
283 371 425 417 deum
454 383 643 429 poenas
673 370 834 416 doc-uit
855 385 1039 429 perque
1070 373 1233 419 omma
1265 374 1414 420 duoeit.
1474 374 1601 421 dixit
1635 391 1801 422 eorum
1822 381 1904 420 565

135 446 387 490 auctorem
442 458 568 504 quae
622 444 788 490 fuerat
843 447 1129 503 narratura,
1191 449 1246 492 ut
1307 447 1452 494 fidem
1511 448 1660 495 verba
1715 450 1817 496 eius

136 516 312 564 habere
366 516 656 578 potuissent.
743 518 815 563 ait
869 533 1005 581 ergo:
1069 519 1267 580 quando
1321 537 1399 567 me
1453 521 1638 569 Hecate
1693 522 1818 570 lucis

90 606 112 639 5
136 589 344 638 Avernis
391 591 701 652 praeposuit,
749 591 859 651 ipsa.
905 591 1073 639 docuit
1121 594 1285 640 omnia
1325 598 1373 641 et
1413 596 1643 643 universa
1683 612 1817 643 mon·

136 664 314 712 stravit
353 667 530 711 cuncta
568 679 657 725 per
698 664 918 712 ordinem
957 666 1234 726 referendo,
1281 667 1574 716 instructam
1612 669 1817 717 reddens

134 740 338 800 propter
384 752 465 786 eos
514 737 690 799 quibus
739 739 814 786 fas
854 742 981 786 esset
1019 739 1145 787 vivis
1186 741 1249 787 ad
1286 742 1480 788 inferna
1519 742 1816 803 pertendere.

133 811 311 874 incipit
349 827 468 874 ergo
498 811 562 858 ad
591 813 902 874 interrogata
932 813 1223 874 respondere
1255 818 1359 862 tam
1391 816 1547 876 plene,
1579 819 1636 863 ut
1668 818 1818 863 etiam

133 885 223 932 illa
261 885 529 948 coniungat
569 901 694 946 quae
732 887 1057 950 interrogatio
1098 903 1196 935 non
1227 889 1447 948 tenebat3
1486 905 1601 936 nam
1635 890 1818 938 frustra

65 976 112 1008 ιο
135 959 431 1007 describeret
468 960 604 1007 illius
644 960 741 1008 loci
781 962 918 1008 actus
958 963 1008 1008 et
1046 964 1200 1023 gesta,
1237 962 1277 1009 si
1317 978 1414 1009 non
1453 964 1612 1023 primo
1652 963 1817 1026 cogni-

132 1036 290 1082 torem
331 1034 591 1081 criminum
631 1036 681 1082 et
718 1049 990 1095 poenarum
1020 1035 1231 1082 iudicem
1265 1035 1636 1084 demonstraret.
1698 1037 1818 1085 dicit

132 1123 249 1170 ergo
285 1107 505 1169 primum
538 1107 753 1155 Gnosius
789 1109 906 1155 haec
934 1108 1340 1156 Rhadamanthus
1378 1111 1517 1157 habet
1554 1111 1818 1158 dur-Issum

132 1196 310 1241 requa:
371 1182 637 1244 potestatis
690 1182 849 1244 ipsius
911 1182 1084 1230 dehinc
1146 1182 1401 1246 subiungit
1462 1183 1816 1231 definitionem:

16 1310 30 1317 ‚
133 1257 426 1315 castiyatque
465 1255 696 1315 auditque
734 1255 867 1304 dolos
903 1257 1171 1316 subiyitque
1208 1257 1354 1315 fateri
1392 1271 1515 1317 quae
1544 1259 1652 1316 quis
1684 1258 1818 1317 apud

66 1344 108 1378 ιε
131 1343 333 1389 superos
384 1330 515 1388 furto
569 1329 776 1378 laetatus
828 1332 972 1378 immi
1024 1331 1211 1378 distulit
1255 1332 1307 1378 in
1353 1345 1512 1378 seram
1565 1333 1815 1379 commissa

123 1403 330 1463 piacula
366 1407 578 1451 mortem,
654 1404 806 1464 hanc,
851 1404 1037 1465 inquit,
1083 1404 1170 1451 ille
1209 1403 1359 1452 habet
1396 1406 1716 1466 potestatem,
1761 1407 1819 1451 ut

132 1477 416 1540 verberibus
475 1479 525 1524 et
584 1478 846 1525 tormentis
901 1480 1192 1539 extorqueat
1246 1479 1294 1526 et
1349 1478 1409 1525 ad
1465 1477 1817 1525 confessionem

131 1566 287 1612 usque
332 1551 574 1613 perducat
620 1551 752 1613 quod
799 1550 932 1613 apud
979 1567 1181 1612 superos
1229 1551 1463 1600 scelerate
1501 1553 1817 1599 commissum

130 1625 375 1673 vindicari
412 1641 512 1674 non
551 1627 716 1687 potuit
756 1628 805 1673 et
843 1626 1052 1673 dilatam
1091 1641 1302 1687 poenam
1339 1626 1502 1673 inanis
1547 1625 1816 1689 gratulatio

62 1714 109 1748 to
132 1703 394 1748 consecuta
433 1702 521 1760 est,
560 1715 673 1747 cum
706 1699 1071 1747 arbitrarentur
1102 1698 1329 1747 scelerati
1360 1714 1464 1747 sese
1494 1699 1678 1761 fugisse
1710 1700 1816 1746 vin·

132 1772 319 1821 dictam
356 1773 628 1822 nescientes
668 1773 940 1837 suffugium
978 1774 1111 1820 furto
1152 1774 1432 1834 quaesitum
1471 1788 1680 1834 poenam
1720 1787 1816 1819 non

132 1847 343 1907 delesse,
396 1847 481 1896 sed
533 1847 587 1895 in
641 1847 779 1895 aliud
830 1850 1027 1909 tempus
1080 1846 1204 1894 dura
1257 1845 1506 1894 distulisse
1556 1845 1815 1907 supplicia.

129 1923 356 1970 continuo
393 1923 544 1969 sontis
581 1921 734 1970 ultrix
771 1923 987 1970 accincta
1023 1921 1213 1981 flagello
1248 1920 1506 1979 Tisiphone
1543 1922 1698 1979 quatit
1726 1921 1800 1967 in·
1818 1922 1906 1962 570

9 2031 13 2041 ,
129 1995 321 2043 saltans
374 1998 610 2056 tortosque
660 1997 865 2044 sinistra
915 1996 1159 2043 intentam-s
1213 1995 1388 2054 anquis
1436 1997 1574 2041 vocat
1618 1994 1817 2054 aymina

62 2084 107 2118 25
130 2083 280 2118 saeva
323 2083 570 2117 sororum.-
624 2069 766 2118 adest
802 2068 954 2116 Furia
991 2068 1088 2116 reis
1127 2068 1282 2115 sontis
1322 2070 1372 2114 et
1410 2067 1581 2115 noxios
1619 2066 1816 2129 flagello

131 2144 503 2204 circumsecans,
539 2145 795 2192 intentans
833 2143 1025 2206 anguis,
1055 2143 1113 2189 ut
1148 2143 1509 2189 tormentorum
1546 2142 1682 2187 metu
1719 2140 1816 2187 for-

130 2217 265 2265 mido
319 2233 492 2266 eorum
543 2219 706 2280 magis
760 2232 817 2265 ac
869 2217 1029 2280 magis
1080 2214 1375 2274 ardesceret,
1429 2228 1611 2262 vocans
1666 2213 1817 2261 etiam

131 2306 357 2339 sororum
389 2291 801 2339 innumerabilem
831 2289 1046 2350 modum,
1077 2303 1189 2336 cum
1220 2288 1328 2336 sola
1357 2288 1476 2336 ferri
1506 2302 1605 2335 non
1636 2290 1815 2348 posset.

130 2356 239 2412 tum'
269 2366 464 2413 demum
499 2366 753 2414 horrisono
790 2365 1042 2412 stridentes
1079 2362 1279 2410 cardine
1316 2375 1487 2409 sacrae
1522 2360 1817 2421 panduntur

63 2454 108 2489 ιο
122 2442 320 2498 portae:
372 2441 497 2500 tum,
533 2439 628 2488 hoc
666 2442 742 2487 est
780 2436 908 2499 inde,
947 2435 1203 2485 horrisono
1242 2435 1456 2494 cardine,
1494 2435 1632 2483 cuius
1670 2446 1816 2481 sonus

132 2511 197 2560 ad
235 2514 370 2561 auris
410 2514 571 2574 venit,
608 2515 784 2575 portae
810 2526 991 2565 ,sacrae
1029 2508 1329 2572 panduntur.
1407 2508 1564 2556 cernis
1599 2505 1816 2555 custodia

253 2673 276 2712 1
315 2669 464 2713 hectm·
499 2681 586 2726 pro
618 2668 787 2713 Hecate
818 2665 874 2710 V.
1025 2669 1053 2708 4
1082 2678 1151 2708 me
1179 2665 1288 2708 haec
1317 2668 1388 2708 ate
1418 2661 1460 2704 V
1490 2676 1556 2706 me
1587 2663 1815 2718 transpos.

130 2727 203 2772 ed.
318 2732 345 2772 5
376 2729 482 2784 ipsa
510 2727 554 2771 V
584 2728 615 2772 i.
639 2739 708 2771 me
739 2724 809 2770 ed.
839 2726 846 2781 Ι
880 2729 922 2769 et
950 2723 993 2767 V
1022 2728 1065 2768 et
1093 2723 1207 2767 mihi
1236 2722 1307 2767 ed.
1426 2726 1479 2765 12
1509 2721 1618 2764 haec
1647 2733 1735 2763 om.
1760 2717 1814 2762 V.

222 2791 277 2830 13
307 2789 417 2843 poet
446 2785 754 2842 definitionem
782 2782 1002 2827 lacunam
1027 2780 1177 2826 habet
1198 2779 1241 2824 V
1263 2780 1412 2838 signis
1436 2777 1716 2835 quibusdam
1739 2790 1816 2822 ex-

130 2844 324 2902 pletam,
354 2858 478 2902 quae
508 2843 629 2888 nihil
660 2843 822 2887 deesse
851 2841 1062 2886 indicare
1091 2840 1321 2884 videntur.
1442 2843 1499 2882 26
1529 2838 1620 2883 reis
1647 2835 1691 2879 V
1718 2849 1817 2880 reos

131 2903 203 2949 ed.
311 2908 367 2948 27
399 2904 656 2949 arde-ecerat
684 2901 727 2945 V
758 2915 872 2946 corr.
905 2900 979 2945 ed.
1084 2903 1140 2944 29
1171 2899 1431 2944 Ιιονῆεσηοε
1461 2896 1513 2940 V.
1541 2899 1548 2953 Ι
1580 2895 1819 2942 stridentes

129 2974 221 3008 om.
245 2962 300 3008 V.
424 2967 479 3008 31
510 2963 635 3008 venit
663 2975 752 3006 om.
776 2959 832 3004 V.
