2014 3226
796 162 1094 207 AENEIDos
1128 165 1166 208 v
1722 175 1816 223 441

150 299 423 346 constituit.
501 299 629 346 uude
668 303 839 347 reverti
877 305 1052 349 scirent
1090 307 1132 351 et
1163 306 1324 364 Ionyos
1358 308 1437 353 ubi
1469 310 1827 366 circumflua-m·

149 387 348 428 cursus;
385 372 463 418 1111
502 372 692 420 30111001
733 375 816 434 qui
856 376 1094 437 regebant
1133 380 1273 426 navis
1313 383 1361 426 01
1401 381 1627 428 ductores
1661 399 1825 431 earum

148 445 365 506 fuerant,
420 447 476 492 ut
529 450 730 494 nossent
785 448 844 494 ab
899 450 986 496 illo
1039 453 1176 513 signo
1225 453 1318 499 sibi
1366 469 1468 501 esse
1516 456 1826 504 redeundum.

148 523 249 566 tum
288 521 391 566 loca
430 522 553 567 sorte
593 521 765 579 Ieyunt,
806 525 861 568 111
901 523 1007 570 fieri
1047 527 1301 572 consuevit
1339 529 1389 573 in
1431 529 1579 588 circo,
1620 547 1715 578 000
1756 535 1828 578 031

103 609 122 640 5
149 594 280 640 enim
319 594 450 640 idem
490 594 630 641 labor
669 596 720 641 in
762 596 969 657 singulis
1010 598 1128 646 locis
1170 602 1218 645 et
1256 599 1367 647 inde
1408 616 1510 648 sors
1555 603 1827 664 adhibetur,

146 683 206 713 ne
255 668 320 714 sit
366 667 417 714 in
465 668 775 716 ordinatione
832 672 1081 718 contentio
1133 676 1219 719 aut
1273 673 1537 721 humanum
1594 676 1825 724 iudicium

145 740 310 803 gratia
349 742 624 803 cuiuspiam
662 742 1028 791 transducatur.
1108 746 1289 805 ipse‘que
1328 749 1375 794 in
1409 751 1660 810 puppibus
1706 767 1826 797 auro

146 815 364 862 ductores
403 815 540 877 louge
579 816 805 877 effulqeut
842 821 1058 876 ostroque
1098 820 1276 866 decori:
1322 822 1418 882 ipsi
1458 823 1696 884 ductores,
1735 826 1826 873 hoc

146 891 220 935 est
260 890 348 950 qui
388 890 450 936 ad
490 891 647 937 vicem
687 891 972 952 aurigarum
1012 893 1210 940 fuerant
1258 895 1494 956 ordinati,
1543 898 1684 959 longe
1734 899 1826 945 ful-

78 979 121 1010 10
146 962 329 1024 gebant
375 979 495 1010 auro
542 965 761 1028 insignes
811 968 859 1011 et
912 982 1132 1026 purpura
1185 970 1422 1029 pretiosa,
1478 974 1532 1016 111
1588 973 1826 1031 qualitate

145 1036 353 1085 vestitus
394 1037 671 1086 evidentius
710 1040 909 1099 praeter
948 1043 1133 1088 ceteros
1174 1046 1479 1103 apparerent.
1558 1048 1708 1091 cetera
1740 1060 1826 1105 po·

135 1110 288 1170 pulea
326 1111 514 1158 velatur
551 1112 726 1172 fronde
764 1114 984 1160 iuventus
1023 1115 1320 1174 nudatosque
1362 1132 1546 1163 umeros
1579 1118 1674 1164 oleo
1699 1124 1916 1178 per-135

142 1184 260 1242 fusa
298 1187 505 1232 nitescit:
561 1187 722 1233 cetera
761 1187 1012 1247 iuventus,
1059 1188 1110 1234 id
1150 1191 1224 1236 031
1261 1193 1544 1250 nautarum,
1594 1196 1826 1239 coronata

143 1258 307 1305 fuerat
329 1259 555 1320 populeis
581 1259 836 1308 frondibus
871 1262 1075 1322 oleoque
1106 1264 1319 1323 perfusa.
1375 1279 1482 1310 cum
1516 1264 1635 1312 dicit
1667 1270 1826 1313 cetera

24 1324 38 1332 ⁶
76 1346 119 1379 15
142 1333 387 1394 iuventus,
427 1333 644 1381 ostendit
683 1335 834 1380 etiam
866 1335 1092 1383 ductores
1123 1337 1324 1384 iuvenes
1355 1338 1517 1385 fuisse.
1577 1340 1825 1386 considunt

143 1407 386 1463 transtris,
417 1407 537 1455 locis
571 1407 759 1456 scilicet
790 1409 1045 1472 remigum.
1106 1411 1377 1471 intentaque
1409 1413 1627 1459 bracchia
1662 1414 1826 1460 remis:

142 1481 365 1528 tenentes
398 1497 556 1530 remos
595 1481 909 1530 brachiorum
947 1486 1125 1544 parata
1164 1486 1346 1532 virtute
1384 1487 1552 1532 intenti
1585 1489 1827 1545 expectant

141 1555 335 1615 siquam
374 1556 732 1615 exultantiaque
770 1557 936 1604 haurit
973 1559 1119 1605 corda
1142 1573 1303 1618 pavor
1323 1559 1535 1618 pulsans
1572 1556 1826 1619 [laudum-

143 1643 233 1688 que
271 1633 461 1677 arrecta
500 1629 726 1692 cupidos·
782 1633 829 1678 01
869 1633 1064 1694 signum
1104 1632 1448 1693 expectabant,
1488 1649 1584 1694 quo
1625 1636 1823 1695 accepto

24 1714 26 1718 ’
75 1717 119 1749 so
143 1704 391 1750 certamen
433 1703 832 1767 adgrederentur,
873 1707 923 1752 et
961 1706 1210 1767 suspensis
1251 1706 1427 1753 animis
1466 1707 1664 1753 fuerant
1695 1708 1824 1770 cogi-

25 1771 31 1787 ”
142 1778 306 1824 tantes
346 1777 405 1824 de
443 1777 655 1826 victoria
695 1781 743 1826 et
782 1779 944 1839 laude,
978 1795 1185 1840 quorum
1225 1782 1426 1827 eventus
1466 1780 1628 1827 fuerat
1666 1781 1716 1827 in
1752 1780 1823 1827 in-

143 1853 289 1899 certo.
366 1851 493 1908 inde,
532 1852 626 1900 hoc
666 1855 740 1900 est
780 1853 969 1914 deinde,
1008 1855 1092 1901 ubi
1129 1855 1265 1902 clara
1296 1854 1427 1901 dedit
1454 1856 1663 1901 sonitum
1695 1854 1823 1907 tuba,

140 1925 323 1983 fiinibus
368 1939 552 1982 omnes,
603 1927 725 1975 haut
766 1942 926 1982 mora,
972 1928 1247 1987 prosiluere
1290 1929 1415 1982 suis,
1461 1928 1575 1986 ferit
1620 1928 1810 1975 aethera
1830 1931 1918 1970 140

26 2044 34 2067 ‚
143 1998 326 2047 clamor
362 2001 603 2057 nautica&
644 2001 866 2049 adduc-tis
904 2005 1133 2062 spumant
1168 2002 1296 2061 freta
1333 2015 1474 2049 versa
1512 2002 1725 2048 lacertis:
1774 2003 1824 2047 in

25 2071 37 2146 *ἶ
76 2086 119 2120 25
144 2072 318 2121 ardore
364 2074 595 2122 vincendi
639 2090 739 2122 non
785 2090 920 2123 more
972 2075 1117 2123 solito
1170 2074 1504 2138 remigabant,
1557 2074 1824 2136 plurimum

25 2147 37 2247 ff
141 2146 244 2195 illis
299 2147 559 2196 addiderat
612 2148 909 2197 desiderium
963 2149 1172 2213 gloriae,
1233 2150 1420 2211 pariter
1478 2148 1827 2196 incumbebant

28 2260 37 2284 s
141 2220 290 2269 remis
331 2225 379 2270 01
419 2222 566 2271 claris
598 2222 801 2271 vocibus
830 2223 1177 2285 personabant,
1208 2238 1364 2284 usque
1397 2221 1515 2269 adeo
1547 2224 1606 2269 111
1636 2222 1824 2269 caelum

72 2341 75 2343 ,
142 2295 307 2356 ipsum
337 2297 531 2360 ingenti
562 2297 775 2345 clamore
806 2298 1132 2359 percuterent.
1200 2294 1330 2358 quod
1362 2297 1435 2344 ait
1466 2296 1581 2343 ferit
1613 2295 1825 2355 aethera,

141 2369 236 2417 hoc
274 2369 385 2418 vult
422 2370 661 2435 intellegi,
695 2371 831 2419 ultra
867 2372 940 2419 ire
979 2371 1216 2419 clamores
1254 2371 1488 2432 potuisse,
1527 2370 1622 2417 nisi
1660 2383 1822 2417 occur·

75 2457 120 2491 ³0
142 2444 274 2491 reret
312 2443 518 2492 caelum.
592 2442 873 2506 [infindunt
899 2446 1091 2505 pariter
1126 2442 1312 2506 sulcos]
1357 2445 1595 2502 totumque
1631 2442 1826 2490 dehiscit

142 2518 424 2566 convulsum
461 2520 608 2567 remis
651 2519 914 2578 rostrisque
958 2518 1243 2566 tridentibus
1288 2531 1489 2579 aequor:
1540 2515 1822 2564 translatio·

263 2677 287 2717 2
306 2673 401 2718 illis
415 2673 504 2717 LR
519 2687 634 2718 corr.
645 2673 716 2718 ed.
795 2678 822 2717 5
839 2674 960 2718 vocis
974 2673 1016 2716 R
1033 2686 1146 2716 corr.
1155 2687 1190 2716 r.
1270 2677 1295 2716 ’1
1367 2672 1487 2717 atiae
1503 2669 1588 2713 LR
1603 2682 1716 2714 corr.
1726 2682 1760 2712 r.

142 2735 170 2775 8
201 2737 444 2789 austroque
467 2732 553 2776 LR
576 2746 743 2777 con-21.
831 2736 886 2776 10
918 2737 1002 2777 aut
1022 2731 1108 2775 LR
1138 2737 1190 2777 ut
1218 2745 1242 2775 1·
1265 2744 1291 2776 0
1327 2766 1336 2775 .
1422 2734 1477 2774 16
1508 2729 1691 2774 tra-stris
1711 2726 1770 2797 L.-

57 2837 63 2843 ,
131 2795 200 2835 ’18
224 2791 500 2848 laudumque
516 2818 572 2825 -
593 2795 646 2836 19
671 2792 838 2848 cupido
864 2791 996 2835 deest
1018 2790 1067 2834 in
1083 2790 1184 2846 LR,
1209 2790 1291 2835 sed
1314 2803 1340 2835 0
1404 2788 1586 2833 licatur.
1669 2790 1722 2830 21
1750 2799 1819 2830 m-

97 2875 100 2880 -
141 2854 260 2895 certo
281 2850 369 2894 LR
390 2851 444 2895 iu
466 2852 498 2895 i.
515 2865 600 2895 nos
622 2852 822 2896 incertus
845 2849 916 2893 ed.
1016 2853 1073 2893 28
1104 2849 1284 2894 aethera
1308 2848 1343 2892 L
1417 2861 1483 2893 ae.
1498 2846 1668 2891 clamor
1689 2844 1759 2889 ed.

56 2909 61 2946 ἶ
143 2912 200 2953 30
215 2910 676 2966 infindunt—sulcos
690 2909 824 2954 deest
838 2909 887 2952 in
901 2909 935 2952 L
945 2908 1000 2962 R,
1014 2908 1096 2953 sed
1113 2906 1386 2966 explicatur.
1459 2909 1512 2950 81
1529 2903 1822 2949 stridentibus

142 2969 304 3013 contra
326 2969 527 3014 metrum
543 2968 630 3014 LE
645 2968 716 3014 ed.
735 2968 926 3022 correxi,
943 2967 1055 3024 quia.
1076 2964 1462 3024 interpretatione
1484 2975 1574 3008 non
1597 2962 1821 3006 firmatur.
1883 3018 1891 3026 ·
