2014 3226
760 154 1063 199 AENEIDOS
1096 155 1116 197 1
1683 157 1783 208 127

93 298 278 345 dictum
318 299 405 355 est,
439 294 499 342 ob
532 295 659 342 hanc
692 309 892 342 causam
924 295 1264 356 praemiserat,
1296 298 1353 342 ut
1383 296 1557 344 horam
1589 297 1788 357 prandii

91 370 415 434 praeveniret.
494 370 685 431 gratior
732 370 864 416 enim
914 384 1184 430 pransurus
1241 369 1552 417 accumberet
1606 370 1786 418 oblatis

90 444 388 504 traditisque
442 443 727 490 muneribus
782 444 937 491 tantis
986 458 1042 490 ac
1087 443 1286 492 talibus.
1363 459 1622 491 munerum
1670 460 1786 508 ergo

91 521 313 581 ipsorum
345 517 454 564 laus
485 516 752 577 inducitur,
785 532 874 578 per
908 533 1032 578 quae
1066 518 1333 566 ostentatio
1366 521 1533 580 posset
1566 518 1787 579 existere,

49 610 68 642 5
91 596 147 640 ut
201 607 326 653 quae
380 591 582 638 fortuna
637 592 686 638 et
739 590 953 638 felicitas
1011 591 1339 640 Troianorum
1393 592 1567 640 fuisset
1620 595 1787 653 posset

91 665 283 715 ostendi
330 668 379 712 et
424 664 720 726 probaretur
767 666 961 712 animus
1010 665 1265 728 largitoris
1314 668 1400 727 qui
1439 667 1564 714 talia
1603 666 1785 714 habere

89 741 167 788 vel
209 739 390 786 donare
430 739 689 800 potuisset.
767 740 932 800 prima
972 754 1088 803 ergo
1128 741 1350 801 ipsorum
1390 741 1499 788 laus
1541 743 1613 788 est
1654 740 1787 802 quod

90 816 251 862 essent
307 815 477 874 erepta
532 811 591 860 de
645 813 803 860 ruinis
851 814 1068 874 patriae,
1120 828 1231 860 cum
1277 815 1504 862 incendio
1552 817 1786 876 superata

90 886 390 946 concideret,
456 902 582 947 quae
643 887 755 948 ipsa
817 886 1006 948 duplici
1066 889 1260 935 ratione
1315 889 1673 951 intelleguntur
1726 888 1785 936 de

25 978 66 1012 10
88 963 283 1025 magnis
324 963 494 1022 erepta
533 963 583 1008 et
621 961 863 1022 plurimis.
942 960 1154 1009 diximus
1204 964 1334 1009 enim
1381 964 1636 1010 occasione
1677 977 1784 1023 spe-

89 1037 273 1084 cierum
303 1036 527 1097 ipsarum
558 1034 763 1082 Aenean
794 1034 1003 1083 laudari.
1067 1037 1111 1083 si
1142 1037 1274 1084 enim
1307 1053 1423 1085 casu
1457 1037 1589 1098 quod
1619 1037 1786 1098 potuit

86 1110 269 1172 rapuit,
292 1109 615 1172 intellegetur
637 1109 866 1158 habuisse
891 1109 1100 1157 meliora
1123 1109 1240 1171 illis,
1267 1127 1392 1172 quae
1417 1110 1644 1159 incendia
1670 1126 1783 1159 con-

88 1185 403 1246 sumpserant
442 1184 530 1230 aut
567 1185 713 1231 ruina
752 1186 1088 1245 oppresserat,
1137 1186 1226 1232 aut
1265 1185 1308 1232 si
1346 1185 1523 1232 habuit
1570 1184 1785 1248 eligendi

88 1258 295 1320 copiam,
325 1259 384 1304 ut
421 1256 553 1318 quod
591 1258 742 1305 vellet
782 1259 1011 1319 eriperet,
1051 1274 1150 1306 non
1190 1258 1478 1307 abstulisset
1515 1260 1613 1306 nisi
1653 1258 1784 1321 quod

22 1348 65 1382 15
90 1335 217 1380 esset
254 1332 423 1379 meriti
460 1332 683 1392 potioris.
742 1333 953 1391 pallam,
984 1334 1165 1393 inquit,
1195 1335 1349 1394 siqnis
1382 1347 1596 1393 auroque
1628 1335 1784 1393 rigen-

87 1410 181 1455 tem
221 1410 263 1454 et
300 1407 662 1454 circumtextum
701 1421 860 1454 croceo
899 1407 1118 1454 ‘velamen
1164 1408 1390 1463 acantho,
1437 1411 1640 1454 ornatus
1670 1405 1768 1453 Ar·
1786 1414 1873 1454 650

82 1483 224 1542 yivae
263 1481 505 1528 Helenae:
551 1479 795 1528 Helenam
834 1481 1004 1528 ferunt
1039 1479 1285 1544 Argivam
1322 1484 1546 1530 veterum
1583 1481 1783 1529 fabulae

86 1558 136 1603 et
182 1556 404 1603 omnium
451 1569 713 1602 consensus
762 1556 1022 1603 auctorum
1069 1555 1221 1603 fuisse
1267 1556 1675 1618 pulcherrimam,
1728 1557 1783 1602 in

83 1632 281 1678 tantum
319 1631 376 1675 ut
415 1629 520 1675 eius
561 1629 723 1676 forma
760 1628 1067 1677 infinitorum
1098 1631 1348 1691 pictorum
1379 1629 1430 1677 et
1459 1631 1782 1691 peritissimo-

21 1717 63 1752 ιο
83 1720 194 1751 rum
231 1702 432 1750 redacto
472 1703 526 1749 in
564 1719 720 1750 unum
754 1703 971 1751 maximo
1003 1718 1223 1763 numero,
1254 1703 1555 1751 feminarum
1587 1719 1783 1766 quoque

84 1776 355 1840 propositis
397 1776 683 1838 corporibus
722 1777 869 1825 nudis
900 1779 1043 1841 pingi
1072 1777 1367 1839 nequiverit.
1430 1779 1600 1839 itaque
1634 1794 1781 1839 quae-

86 1867 298 1913 cumque
359 1851 546 1899 femina
606 1851 827 1900 formosa
894 1852 1061 1899 fuerat
1120 1851 1341 1900 Helenae
1401 1851 1782 1914 nuncupabatur

84 1927 307 1986 nomine,
361 1924 559 1972 etiamsi
607 1925 994 1987 pulchritudinis
1047 1927 1242 1974 ratione
1287 1926 1507 1989 Argivae
1559 1925 1781 1974 Helenae

86 2000 291 2062 aequari
327 2015 429 2047 non
458 2001 673 2062 poterat,
703 2001 760 2047 ut
790 2000 871 2049 vel
902 2001 1116 2048 nominis
1150 1999 1478 2048 similitudine
1508 2001 1781 2060 iuvaretur,

24 2085 62 2123 15
83 2076 142 2122 ut
194 2074 441 2122 diceretur
495 2087 599 2122 esse
651 2073 785 2135 quod
830 2090 931 2123 non
978 2076 1097 2122 erat.
1174 2073 1359 2122 idcirco
1406 2074 1659 2138 Vergilius
1707 2075 1781 2122 ait

85 2149 290 2197 ornatus
328 2147 548 2211 Argivae
578 2147 815 2214 Helenae,
846 2150 903 2196 ut
941 2149 1157 2212 regionis
1198 2150 1339 2212 signo
1378 2150 1680 2197 monstraret
1719 2148 1780 2196 de

38 2225 143 2271 -ea
181 2238 233 2270 se
270 2222 411 2284 loqui
448 2221 642 2270 Helena
689 2238 816 2284 quae
861 2222 1003 2286 pingi
1050 2238 1149 2270 non
1195 2222 1383 2284 potuit,
1431 2222 1615 2271 addens
1663 2223 1780 2282 alia,

83 2300 142 2344 ut
176 2298 391 2345 lecturos
429 2295 658 2344 redderet
698 2297 951 2345 certiores:
1006 2311 1125 2356 quos
1168 2298 1259 2345 illa
1300 2297 1545 2359 Mycenis,
1596 2297 1779 2358 inquit,

84 2370 327 2432 Peryama
365 2385 476 2418 cum
511 2373 694 2430 peteret
735 2372 1126 2430 inconcessosque
1167 2371 1477 2432 hymenaeo&
1532 2371 1780 2426 extulerat,

26 2445 62 2494 'n
81 2446 254 2493 mabri-s·
284 2443 452 2493 Ledae
488 2444 713 2492 mirabile
750 2445 944 2492 donum.
1011 2444 1226 2493 diximus
1266 2461 1383 2508 ergo
1422 2446 1640 2507 primum
1677 2460 1778 2492 me-

32 2559 43 2586 .·‘
82 2517 236 2566 ritum
271 2519 485 2566 istarum
527 2519 802 2580 specierum
849 2518 981 2580 quod
1026 2518 1127 2567 sint
1174 2522 1372 2581 ereptae
1418 2519 1479 2567 de
1523 2519 1680 2567 ruinis
1727 2519 1779 2566 et

31 2613 51 2650 ‘r
84 2592 277 2640 casibus
331 2592 538 2655 patriae.
618 2593 808 2640 accedit
862 2593 1020 2640 aliud:
1081 2593 1194 2656 ipsa
1248 2595 1380 2642 enim
1425 2592 1618 2641 Helena
1664 2607 1776 2639 cum

32 2667 58 2733 ζ
84 2669 210 2715 esset
254 2667 386 2730 regis
431 2682 556 2715 uxor
601 2667 904 2728 perindeque
950 2667 1365 2729 locupletissima,
1411 2682 1523 2715 cum
1567 2667 1665 2714 iret
1711 2664 1776 2713 ad

34 2818 59 2866 4
85 2854 140 2893 12
201 2795 228 2835 5
259 2797 312 2837 ut
331 2792 427 2894 {2ss
456 2798 501 2897 {st
530 2807 564 2836 r.
659 2793 1023 2906 1,ίῖίιὶῃῖοΐιῖνριιιοιηιὲ
1052 2793 1322 2897 6111119αὲ
1349 2792 1437 2895 111ιῆ
1426 2806 1581 2895 agga
1610 2790 1698 2894 6121ἱὶ
1720 2853 1775 2894 ω

33 2861 576 2956 ααὴὰᾞῆἦωᾶοῖῗ
597 2865 709 2955 {EF
758 2865 783 2896 ‘³
807 2865 1085 2956 ’.ὧοἜέοῷ
1101 2866 1366 2956 ¹221?ng
1398 2866 1559 2968 ἕψει
1579 2922 1669 2954 om
1698 2907 1773 2952 ed

34 2989 57 3003 υ
173 2972 226 3012 31
258 2971 506 3026 specierum
536 2984 626 3015 esee
658 2969 729 3014 ed.
