2014 3226
755 192 1056 237 AENEIDos
1088 195 1150 238 1v
1693 203 1796 252 417

115 332 340 380 exterrita
365 345 525 384 cursu,
552 332 795 390 uwyuz'bus
829 347 913 378 ora
945 348 1082 381 soror
1112 336 1317 395 foedans
1350 341 1391 383 et
1404 342 1599 396 pretor-(1
1619 343 1799 399 pugneis

105 420 200 465 per
244 406 424 451 medios
470 406 570 450 ruit
615 420 672 452 ac
718 407 989 453 ‘morientem
1038 412 1230 455 nomine
1276 410 1465 458 clamat.
1543 413 1700 460 audiit
1754 421 1798 461 et

115 494 225 527 cum
266 478 486 525 audisset
525 479 706 526 sororis
746 480 1024 540 interitum,
1073 498 1210 529 soror
1256 487 1494 532 exanimis
1544 487 1676 534 facta
1716 488 1798 535 ad-

114 553 306 600 volavit
351 551 554 599 turbata
601 551 746 599 ferali
795 555 968 602 nuntio
1010 557 1058 602 et
1097 557 1387 605 morientem
1427 574 1600 607 vocare
1640 562 1800 622 coepit

69 642 89 675 5
114 627 312 674 nomine
338 641 441 674 suo,
492 626 675 674 idcirco
708 628 1036 687 separandum
1068 629 1279 678 diximus
1314 632 1487 692 audiit,
1513 636 1631 694 quia
1656 635 1802 682 multi

116 699 274 748 audiit
314 701 554 747 exanimis
595 702 935 761 pronuntiant,
978 703 1109 762 quod
1150 709 1319 751 contra
1361 709 1455 753 est:
1497 723 1610 754 nam
1643 709 1801 755 audiit

115 777 166 821 et
211 777 413 836 accepto
462 774 636 821 nuntio
686 776 925 823 exanimis
974 777 1106 823 facta
1154 778 1427 838 advolavit,
1476 780 1564 828 hoc
1612 786 1801 829 rectum

115 851 211 908 est,
260 851 477 896 ceterum
525 847 684 894 audiit
733 850 972 897 exanimis
1020 866 1117 897 non
1161 855 1234 899 est
1274 869 1464 913 verum,
1519 870 1614 901 non
1656 857 1801 913 enim,

120 925 389 984 antequam
435 922 654 982 audiret,
704 923 943 970 exanimis
983 925 1099 983 fuit,
1140 940 1250 972 cum
1290 942 1386 973 non
1426 927 1601 975 fuisset
1641 944 1799 977 eausa.

50 1013 92 1044 ιο
117 1011 229 1044 eum
267 997 424 1060 igitur
463 995 683 1044 audisset
722 998 772 1043 et
812 1013 868 1043 ex
909 1013 965 1044 eo
1005 997 1136 1059 quod
1169 999 1326 1046 audiit
1359 1002 1595 1049 exanimis
1628 1003 1802 1050 fuisset
1863 1020 1880 1033 ·

117 1070 312 1132 effecta,
353 1073 410 1117 ut
448 1070 500 1116 in
540 1069 792 1118 doloribus
832 1070 938 1118 fieri
978 1072 1124 1133 solet,
1165 1074 1411 1135 unguibus
1452 1090 1537 1122 ora
1577 1091 1686 1136 sua,
1725 1079 1799 1123 ut—

115 1146 232 1205 pote
271 1145 521 1191 unanimis
562 1159 714 1204 soror,
756 1145 987 1193 foedabat
1028 1149 1076 1192 et
1114 1149 1315 1207 pectora
1355 1147 1546 1210 pugnis.
1611 1150 1683 1197 bis
1725 1166 1801 1197 ac·

115 1218 399 1279 cipiendum
453 1221 527 1265 est
580 1218 807 1278 foedans,
864 1222 919 1266 ut
966 1220 1032 1267 sit
1078 1220 1280 1268 foedans
1329 1237 1414 1268 ora
1462 1222 1706 1285 unguibus
1754 1227 1803 1271 et

23 1330 36 1338 .
114 1293 297 1355 pugnis
336 1291 540 1339 foedans
578 1294 796 1352 pectora.
859 1310 947 1354 per
984 1294 1170 1342 medios
1209 1295 1331 1342 ruit:
1371 1311 1466 1342 non
1499 1295 1623 1343 dixit
1654 1297 1801 1357 venit,

50 1381 92 1415 15
117 1366 203 1413 sed
226 1367 351 1427 ruit;
383 1365 475 1413 hoc
500 1367 631 1414 enim
655 1366 871 1414 faciebat
896 1367 1078 1415 doloris
1102 1369 1384 1416 inmanitas.
1441 1371 1490 1416 et
1514 1372 1803 1418 morientem

116 1441 314 1488 nomine
362 1440 567 1488 clamat:
619 1456 708 1488 nec
747 1442 800 1487 in
839 1444 1001 1489 totum
1039 1444 1237 1489 mortua
1276 1443 1370 1490 fuit
1411 1458 1498 1490 nec
1545 1444 1593 1490 in
1640 1447 1803 1492 totum

115 1514 362 1561 retinebat
401 1515 581 1562 vitam:
621 1516 692 1562 sic
731 1530 856 1576 earn,
890 1517 1125 1576 quoniam
1164 1532 1222 1563 ex
1260 1517 1445 1563 maiore
1478 1518 1650 1565 mortis
1683 1534 1802 1579 pon·

34 1638 38 1641 ,
117 1588 231 1636 dere
269 1588 601 1649 premebatur,
639 1591 839 1636 nomine
879 1589 1144 1637 vocitabat.
1209 1592 1463 1651 quaeritur
1501 1606 1586 1638 cur
1624 1591 1802 1638 dixerit

116 1663 314 1710 nomine
348 1662 533 1710 clamat
564 1664 614 1710 et
645 1677 732 1710 eur
763 1665 984 1710 secutum
1017 1665 1083 1712 sit
1117 1680 1216 1712 non
1248 1664 1456 1711 Didonis
1495 1664 1802 1723 vocabulum,

50 1752 94 1785 πο
117 1736 204 1784 sed
241 1737 326 1784 hoc
362 1737 501 1792 illud,
529 1751 780 1796 yermana,
812 1738 941 1797 fuit?
981 1741 1068 1785 aut
1108 1738 1222 1799 quid
1266 1754 1459 1786 neeesse
1499 1738 1649 1786 fuerit
1680 1754 1787 1786 eam
1804 1743 1891 1783 675

117 1810 324 1858 clamari
362 1826 476 1858 cum
514 1810 726 1859 nomine.
798 1826 912 1858 cum
949 1811 1147 1860 nomine
1186 1812 1340 1875 igitur
1378 1813 1545 1859 vocari
1583 1812 1803 1874 oportuit

117 1900 229 1931 eam
276 1899 402 1946 quae
449 1885 667 1932 maxima
705 1885 795 1933 leti
832 1887 975 1947 parte
1015 1901 1250 1947 oppressa
1288 1885 1660 1934 vanescentibus
1703 1886 1804 1932 iam

117 1961 276 2006 morte
323 1958 476 2007 oculis
524 1960 737 2007 nesciret
784 1975 912 2020 quae
955 1960 1262 2022 loqueretur,
1318 1959 1435 2022 quia
1473 1962 1640 2007 tamen
1679 1959 1802 2007 acci·

117 2048 234 2094 pere
274 2032 465 2094 aliquid
504 2033 706 2081 auribus
745 2035 924 2095 potuit,
964 2033 1081 2081 addi
1120 2033 1414 2083 vocabulum
1448 2033 1635 2092 debuit,
1666 2035 1802 2081 cuius

33 2117 95 2155 ‘25
119 2105 315 2170 integra
352 2107 482 2154 ratio
523 2110 611 2167 est,
644 2107 778 2170 quod
808 2123 905 2155 non
939 2107 1197 2167 Didonem,
1230 2107 1318 2155 sed
1347 2122 1633 2170 germanam
1665 2106 1802 2154 dixit.

28 2220 31 2222 .
118 2179 238 2228 bina
291 2182 423 2228 enim
476 2183 679 2230 nomina
733 2181 956 2230 homines
1010 2182 1215 2243 habent,
1277 2197 1433 2229 unum
1486 2184 1692 2228 naturae
1746 2196 1802 2228 ae

31 2266 41 2297 1
120 2256 402 2317 sanguinis,
450 2271 547 2317 quo
594 2271 644 2304 se
691 2254 870 2303 debent
917 2256 1170 2317 appellare
1217 2257 1505 2304 coniunctae
1551 2269 1803 2316 personae,

73 2345 76 2347 ’
119 2330 176 2376 ut
215 2330 290 2376 est
328 2343 507 2376 nomen
545 2331 720 2391 patris,
758 2331 950 2390 matria,
989 2331 1085 2391 avi,
1125 2330 1280 2390 aviae,
1321 2329 1501 2377 sororis
1541 2330 1590 2376 et
1619 2326 1804 2387 fratris,

31 2402 42 2467 ξ
119 2403 301 2464 patrui,
341 2404 540 2464 amitae,
578 2402 666 2465 fili,
704 2403 852 2464 filiae,
890 2405 1098 2467 nepotis,
1137 2403 1315 2465 neptis,
1346 2401 1593 2462 avunculi,
1624 2404 1802 2449 mater·

50 2491 98 2526 zo
118 2478 255 2524 terae
306 2479 355 2524 et
402 2479 586 2541 cetera,
642 2493 769 2540 quae
823 2477 1068 2540 conplecti
1122 2476 1467 2540 longissimum
1518 2477 1613 2535 est,
1667 2473 1803 2522 aliud

241 2593 267 2630 5
299 2589 517 2632 duximus
547 2588 619 2633 ed.
721 2592 746 2631 9
780 2587 961 2632 audiret
991 2602 1079 2632 om.
1106 2587 1147 2631 R.
1178 2587 1285 2631 add.
1310 2601 1345 2630 r.
1447 2590 1500 2629 12
1533 2591 1732 2641 tempora
1763 2583 1803 2628 R

30 2684 32 2686 .
114 2651 301 2749 pectpga
331 2660 609 2751 cori-‚Drilon-
658 2648 920 2750 {⁴6Rclamat
948 2661 1030 2750 nic
1058 2646 1256 2749 LRtleadI
1293 2642 1804 2747 quiaednoerpoboeggc

299 2719 629 2751 mutus
774 2719 1474 2750 nonensem-nse..

121 2762 209 2814 LR
239 2764 311 2808 ed.
341 2765 420 2810 sed
449 2765 492 2810 h.
525 2779 623 2819 nos,
655 2765 768 2821 quia
799 2767 848 2810 et
877 2721 980 2808 1300
1011 2778 1151 2821 quem
1179 2718 1487 2808 nonpci'btinet
1516 2761 1565 2806 in
1597 2760 1729 2805 codd.
1754 2761 1804 2804 et

121 2823 384 2868 sententiae
423 2824 720 2869 ordinatione
756 2825 835 2869 sed
865 2822 1143 2881 postulatur.
1295 2827 1349 2866 21
1382 2835 1482 2866 cum
1513 2821 1693 2864 nomine
1729 2817 1802 2862 bis

121 2881 210 2926 LR
239 2882 440 2927 alterum
471 2897 559 2927 om.
586 2883 658 2928 ed.
751 2887 808 2927 22
839 2882 1199 2928 vanescientibus
1229 2881 1278 2926 L.
1370 2884 1426 2925 23
1457 2883 1598 2924 mente
1620 2877 1705 2922 LR
1729 2877 1799 2921 ed.

121 2946 261 2986 nwrte
289 2956 387 2987 noe.
488 2947 544 2987 25
575 2942 820 3000 intem-atio
843 2941 931 2986 LR
954 2941 1024 2986 ed.
1050 2941 1229 2999 integra
1258 2940 1379 2985 ratio
1408 2951 1505 2983 noo.
1595 2939 1652 2980 2⁷
1683 2935 1804 2994 quod

122 2999 210 3044 LR
239 3014 328 3058 quo
359 2997 430 3046 ed.
553 3005 611 3046 28
640 3001 810 3046 eorm-is
837 3005 880 3045 et
909 3000 996 3045 LR
1025 3005 1068 3046 et
1096 3013 1186 3045 om.
1211 2998 1282 3043 ed.

212 3081 309 3116 Don.
332 3082 489 3124 interpr.
510 3083 626 3125 Verg.
663 3082 740 3116 vol.
762 3083 796 3116 1.
1394 3074 1450 3114 27
