2014 3226
199 204 307 256 532
668 201 899 245 DONATI
930 201 1208 244 INTERPR.
1243 200 1419 244 VERG.

198 343 340 403 bulo,
368 358 506 404 quae,
545 342 662 388 dum
694 357 784 389 sua
815 341 1013 388 feritate
1046 341 1316 403 plurimum
1350 357 1399 389 se
1431 357 1572 402 posse
1607 341 1892 402 arbitratur,

201 419 270 465 sic
324 419 524 464 incauta
579 416 685 462 ruit
738 417 787 462 111
845 415 1031 462 ferrum
1079 417 1127 461 et
1173 430 1381 477 poenam
1432 431 1548 462 suae
1594 416 1892 462 temeritatis

114 497 199 536 175
220 490 464 552 expendit.
547 503 653 549 erqo
703 504 864 536 omnes
910 503 1084 548 magmo
1133 490 1313 535 circum
1360 489 1566 536 clamore
1603 490 1895 548 fremebant:

201 565 491 623 fremebant,
525 563 705 624 inquit,
738 564 882 624 quasi
913 562 1179 609 irascentes
1208 564 1430 621 naturae,
1456 578 1583 623 quae
1615 562 1759 609 illum
1790 563 1895 610 tam

202 638 545 698 necessarium,
583 640 689 684 tam
729 638 971 698 optimum
1012 637 1189 696 virum,
1231 638 1459 683 comitem
1499 636 1643 699 regis,
1690 635 1894 698 indigna
1941 654 1960 688 5

201 714 360 759 morte
400 710 671 772 pressisset.
751 725 867 774 ergo
908 710 1138 771 planctus
1179 711 1380 757 fuerunt
1421 726 1520 757 non
1567 709 1764 770 usitati,
1811 709 1895 758 sed

203 786 381 847 quibus
424 785 669 846 querellae
719 800 914 845 quoque
963 784 1250 831 viderentur
1297 783 1558 831 admixtae.
1631 785 1898 844 praecipue

194 862 315 921 pius
362 857 582 906 Aeneas:
645 858 815 905 eadem
870 873 1018 906 causa
1074 857 1225 905 etiam
1280 859 1391 919 pius
1439 857 1631 905 Aeneas
1684 857 1896 918 dolebat,

204 934 288 982 sed
333 934 445 995 plus
494 949 645 994 quam
694 933 856 979 ceteri.
936 948 992 979 ex
1032 931 1366 993 superioribus
1409 933 1615 992 apparet
1655 931 1774 993 quid
1815 931 1897 978 do-

202 1008 388 1055 luerint
428 1022 618 1066 omnes3
659 1022 775 1053 nam
816 1021 966 1067 supra
1005 1006 1131 1052 dixit
1171 1005 1228 1052 de
1261 1004 1430 1052 Aenea
1462 1007 1509 1053 et
1543 1005 1733 1054 Achate
1768 1005 1898 1066 quod
1924 990 1991 1067 ιαξ

203 1081 340 1128 illius
372 1097 471 1128 non
504 1081 663 1128 solum
696 1082 904 1127 mortem
936 1096 1105 1126 verum
1140 1080 1291 1126 etiam
1323 1095 1476 1142 genus
1499 1080 1591 1127 leti
1614 1079 1898 1127 doluissent.
1987 1140 1989 1148 A

204 1157 263 1203 ut
301 1170 499 1215 venere,
538 1154 725 1215 inquit,
771 1154 943 1201 vident
980 1153 1188 1216 indigna
1234 1155 1392 1200 morte
1437 1155 1772 1214 peremptum:
1827 1153 1899 1200 in-
1969 1150 1989 1217 ξ

206 1230 358 1292 digna
399 1244 530 1276 mors
573 1229 647 1275 est
687 1244 812 1289 quae
852 1244 950 1275 non
990 1228 1221 1274 convenit
1251 1228 1358 1274 viro
1391 1228 1533 1288 forti,
1572 1228 1736 1275 nullus
1769 1228 1902 1274 enim

209 1305 295 1350 aut
341 1319 440 1350 non
486 1303 604 1349 talis
654 1303 884 1349 existeret
934 1301 1094 1363 dolor,
1143 1303 1184 1350 si
1229 1300 1282 1348 in
1328 1317 1497 1365 pugna
1545 1301 1800 1349 cecidisset
1853 1303 1902 1348 et

207 1392 397 1439 campo.
456 1379 577 1433 ,twm
623 1378 759 1423 mssa
798 1375 1031 1436 Sibyllae,
1077 1376 1197 1423 haut
1233 1389 1395 1431 mora,
1440 1376 1676 1434 festinant
1712 1376 1902 1433 flentes:
1926 1391 1995 1427 ιε)

208 1450 543 1499 festinandum
584 1450 698 1510 suit,
738 1451 795 1496 ut
833 1450 969 1496 iussa
1002 1449 1223 1511 Sibyllae
1262 1451 1455 1496 mature
1497 1452 1544 1496 et
1585 1450 1635 1496 in
1675 1448 1901 1497 omnibus

209 1525 571 1587 conplerentur,
600 1523 790 1572 scilicet
821 1525 878 1570 ut
909 1524 1201 1571 curarentur
1231 1523 1378 1571 funus
1413 1526 1461 1570 et
1493 1524 1596 1571 eius
1629 1523 1901 1571 sollemnia.

209 1613 444 1658 aramque
497 1597 745 1657 sepulchro
801 1612 1050 1657 congyerere
1108 1598 1365 1644 arboribus
1427 1598 1646 1658 caeloque
1707 1598 1904 1645 educere

211 1675 417 1721 certant:
454 1673 693 1719 maiorem
732 1671 792 1719 de
830 1671 951 1732 ipsis
992 1670 1303 1734 diligentiam
1336 1687 1392 1719 ac
1423 1671 1645 1719 laborem
1677 1671 1904 1734 exigebat

210 1747 443 1794 meritum
488 1746 697 1807 mortui,
750 1747 950 1807 praeter
993 1747 1193 1807 questus
1235 1745 1365 1792 enim
1405 1761 1461 1792 ac
1499 1745 1646 1793 fletus
1685 1746 1901 1792 matura—
1928 1759 1999 1806 ²⁰3*

210 1820 333 1868 bant
371 1819 534 1867 funeri
572 1820 859 1868 necessaria.
921 1819 1256 1881 properabant
1287 1820 1442 1882 igitur
1475 1835 1613 1866 aram
1644 1835 1742 1866 non
1775 1820 1903 1866 saxis

213 1897 423 1954 struere,
478 1893 564 1941 sed
610 1892 889 1954 arboribus,
936 1894 992 1940 ut
1037 1893 1148 1955 ipsa
1196 1895 1323 1941 esset
1371 1895 1419 1940 et
1466 1893 1802 1955 sepulchrum,
1851 1894 1905 1940 in

211 1970 411 2016 tantum
451 1970 618 2015 autem
656 1967 916 2015 roboribus
957 1967 1201 2030 congestis
1242 1983 1352 2015 eam
1384 1967 1570 2031 erigere
1602 1967 1905 2027 nitebantur,

212 2044 271 2090 ut
318 2043 509 2089 caelum
554 2043 760 2105 tangere
807 2040 1066 2103 potuisset.
1143 2041 1276 2088 ultra
1330 2041 1530 2088 modum
1587 2041 1776 2102 aliquid
1827 2057 1904 2088 ex-

212 2115 374 2163 hiberi
412 2120 609 2163 mortuo
648 2116 882 2162 meritum
920 2115 972 2162 in
1012 2116 1118 2162 vita
1150 2116 1446 2176 quaesitum,
1478 2131 1575 2162 non
1609 2115 1710 2163 alia
1741 2130 1905 2163 neces-

215 2191 338 2239 sitas
377 2189 521 2237 facit:
575 2189 666 2237 hoc
707 2188 948 2252 agebatur
985 2189 1038 2236 in
1076 2188 1255 2236 Miseni
1294 2205 1465 2249 causa,
1506 2205 1663 2272 quem
1693 2190 1907 2236 amicum
1966 2178 1983 2242 'j

215 2264 369 2312 fuisse
409 2263 638 2312 Hectoris
685 2263 812 2310 dixit
851 2265 900 2310 et
938 2263 1135 2311 Aeneae
1173 2264 1440 2324 posterius,
1479 2265 1537 2310 ut
1573 2263 1756 2311 virium
1794 2277 1906 2310 con·
1970 2262 1983 2320 ᾗ,

216 2337 479 2399 templatio
527 2338 576 2384 et
621 2336 853 2384 meritum
906 2338 1288 2398 monstraretur,
1343 2338 1558 2384 ceterum
1605 2339 1654 2384 et
1700 2335 1906 2384 modicis
1975 2338 1982 2387 ἒ

217 2411 369 2475 lignis
410 2426 496 2458 nec
535 2412 588 2457 in
626 2412 826 2458 tantum
857 2411 1105 2458 tumulum
1136 2411 1337 2459 structis
1370 2411 1517 2458 funus
1550 2410 1653 2458 eius
1685 2411 1907 2458 consumi
1976 2402 1980 2442 ἶ

217 2486 463 2548 potuerat.
521 2486 621 2531 itur
651 2486 703 2531 in
735 2486 988 2543 antiquam
1017 2485 1218 2532 silvam:
1254 2483 1437 2532 idcirco
1470 2484 1595 2531 dixit
1633 2485 1906 2545 antiquam,
1928 2497 1981 2538 w:

219 2560 338 2621 quia
385 2557 605 2605 dicturus
653 2558 727 2605 est
772 2557 970 2606 arbores
1009 2558 1114 2606 11116
1152 2558 1303 2607 fuisse
1341 2559 1558 2621 ingentis
1599 2560 1648 2606 et
1685 2573 1906 2620 magnas,

222 2647 344 2694 quas
384 2631 599 2680 solitudo
634 2631 882 2679 nutrierat
913 2634 963 2679 et
993 2632 1264 2679 multorum
1293 2632 1554 2694 prolixitas
1586 2631 1905 2679 saeculorum.
1952 2684 1954 2686 v
1996 2671 1997 2674 ,

221 2706 345 2755 dicit
390 2721 591 2754 causam
635 2706 839 2767 propter
883 2721 1034 2767 quam
1079 2706 1244 2754 nuHus
1290 2705 1396 2754 illic
1432 2705 1608 2753 habuit
1646 2720 1907 2766 accessum,
1955 2696 1957 2698 ’

1978 1852 1985 1882 '›

1941 2865 1992 2879 ..μ

342 2893 370 2933 4
400 2894 597 2934 ‘naturae
619 2889 662 2934 V
684 2890 737 2933 in
758 2895 977 2934 naturam
1000 2889 1070 2934 ed.
1166 2894 1191 2933 6
1216 2891 1400 2934 usitatis
1422 2888 1476 2933 V.
1567 2893 1592 2932 9
1616 2889 1771 2934 ceteris
1793 2887 1848 2932 V.

227 2953 282 2992 1⁷
313 2953 553 2994 curaretur
574 2948 618 2992 V
637 2948 708 2992 ed.
804 2953 858 2992 18
888 2949 1122 3004 sepulchro
1145 2948 1187 2991 V
1211 2949 1329 2994 -ehri
1358 2949 1429 2991 ed.
1521 2951 1573 2991 19
1607 2945 1909 3006 exiyeba‘ntV
1955 2979 1961 2982 >
1992 2966 1993 2971 ¹

224 3021 340 3052 corr.
365 3007 435 3052 ed..
529 3011 586 3052 24
616 3008 742 3053 ultra
773 3006 814 3050 V
844 3021 954 3052 ‘nam
985 3021 1030 3051 u.
1063 3007 1134 3052 ed.
1227 3012 1283 3051 30
1308 3012 1488 3063 poterat
1518 3007 1590 3052 ed.
