2014 3226
763 155 1068 200 AENEIDOS
1102 155 1143 201 V
1702 156 1812 209 485

116 296 372 358 religionis
414 311 562 344 causa
608 311 697 342 nec
743 295 920 343 habuit
967 295 1103 342 aliud
1150 311 1328 343 nomen
1369 295 1501 356 quod
1548 298 1813 356 paternum

116 370 545 434 transgrederetur
600 369 872 427 adfectum,
933 371 1006 417 est
1061 371 1192 416 enim
1250 371 1299 416 in
1356 370 1514 430 patris
1565 372 1812 432 potestate

118 443 352 505 quicquid
401 446 473 491 est
522 444 573 489 in
622 443 902 491 substantia
947 443 1184 503 filiorum,
1236 443 1312 490 illi
1363 445 1562 491 tantum
1609 443 1815 491 debetur

119 520 361 578 quantum
394 517 586 564 Aeneas
627 519 732 578 ipse
772 518 953 564 vitioso
995 518 1127 578 patri
1167 517 1260 564 hoc
1300 519 1375 564 est
1414 517 1566 564 debili
1614 533 1670 565 ac
1710 518 1813 565 seni

71 605 91 638 5
118 591 395 639 exhibuisse
434 593 754 639 monstratur.
833 591 1044 652 denique
1084 592 1214 638 hunc
1263 591 1389 638 collo
1440 593 1589 652 atquc
1630 593 1813 639 umeris

116 667 251 713 vexit
291 682 346 713 ac
388 665 662 727 desperatis
708 665 934 712 omnibus
982 668 1031 712 et
1070 681 1224 726 usque
1277 666 1341 712 ad
1387 665 1620 713 ultimum
1667 664 1815 712 finem

117 740 319 786 fortuna
382 741 634 787 saeviente
698 739 950 801 perductis
1012 742 1098 786 aut
1155 755 1268 786 cum
1319 742 1461 801 patre
1513 739 1815 786 desideravit

118 813 323 860 evadere
364 815 452 860 aut
491 829 599 860 cum
643 828 698 860 eo
738 812 886 860 finem
925 815 1147 861 invenire
1179 813 1392 861 vivendi.
1464 814 1533 860 sic
1566 814 1698 860 enim
1728 813 1814 860 ille

116 889 339 948 paternis
386 887 504 935 fatis
558 902 647 934 sua
689 902 884 948 quoque
924 888 1032 934 fata
1071 889 1348 947 coniunxit,
1395 889 1473 947 ut,
1514 887 1815 948 quicumque

50 975 92 1008 10
118 964 245 1009 esset
276 962 410 1008 vitae
442 961 522 1009 vel
553 962 727 1009 mortis
761 963 982 1021 eventus,
1021 978 1120 1009 non
1153 964 1437 1022 separatum
1471 961 1698 1022 alterum,
1730 959 1816 1008 sed

116 1037 385 1096 utrumque
425 1036 672 1083 inveniret
711 1035 923 1095 socium,
970 1038 1238 1097 utrumque
1278 1037 1606 1082 coniunctum.
1685 1037 1815 1083 certe

117 1125 268 1170 quam
310 1109 604 1157 conveniens
644 1109 760 1156 huic
791 1109 900 1157 loco
941 1125 1166 1170 persona,
1209 1111 1263 1156 ut
1302 1110 1343 1157 is
1376 1109 1590 1156 Acesten
1630 1108 1817 1156 diceret

116 1185 311 1244 patrem
343 1184 397 1230 in
430 1199 529 1244 quo
562 1185 721 1230 omnis
754 1184 953 1245 paterni
983 1185 1213 1244 nominis,
1254 1185 1406 1230 etiam
1436 1185 1551 1244 post
1582 1183 1816 1230 ultimum

29 1309 41 1315 ‚
117 1256 263 1319 diem,
304 1273 400 1318 quo
433 1259 637 1305 recessit
662 1273 691 1304 a
715 1259 919 1319 superis,
951 1257 1164 1305 inlibata
1196 1257 1475 1305 reverentia
1497 1256 1814 1318 perdurabat.

50 1346 92 1380 15
118 1333 249 1378 certe
290 1334 340 1378 et
377 1331 503 1378 illud
542 1331 747 1379 Aenean
785 1332 1075 1394 intellegere
1122 1347 1382 1393 possumus
1431 1331 1632 1391 dixisse,
1684 1330 1816 1392 quod

116 1405 206 1453 illo
245 1405 445 1452 nomine
483 1407 590 1452 tam
636 1407 830 1467 sanctO,
879 1409 982 1453 tam
1029 1406 1263 1470 religioso
1302 1406 1518 1453 Acesten
1564 1404 1816 1466 appellare

117 1479 371 1540 voluisset,
411 1481 550 1527 cuius
591 1479 842 1527 adfectum
880 1495 970 1527 nec
1001 1495 1133 1528 mors
1174 1479 1371 1527 abolere
1409 1479 1577 1541 potuit
1614 1494 1703 1526 nec
1742 1479 1814 1526 vi·

117 1553 266 1600 vendi
305 1552 417 1600 finis
459 1555 759 1617 extinguere.
828 1570 948 1602 nam
987 1558 1028 1602 te
1066 1555 1220 1602 voluit
1255 1569 1341 1602 rex
1378 1567 1588 1614 maynus
1622 1552 1817 1613 Olympi

117 1628 297 1675 talibus
338 1629 574 1687 auspiciis
613 1631 819 1676 ewortem
858 1629 1030 1676 ducere
1067 1629 1293 1676 honorem
1303 1646 1319 1675 .·
1365 1642 1472 1674 ecce
1521 1628 1572 1674 et
1615 1627 1696 1674 hic
1736 1642 1814 1674 ex-

51 1717 94 1749 20
117 1703 322 1763 ponitur
369 1701 489 1762 quid
536 1701 603 1749 sit
649 1717 808 1750 sume:
864 1703 1108 1764 auspicio,
1161 1703 1348 1763 inquit,
1403 1702 1641 1763 sagittae,
1689 1715 1815 1762 quae

117 1777 377 1836 repentino
419 1775 748 1839 conflagravit
786 1775 1036 1837 incendio,
1076 1776 1294 1824 ostendit
1332 1789 1542 1838 magnus
1584 1776 1634 1822 et
1671 1790 1815 1822 vene-

117 1849 291 1897 rabilis
337 1849 567 1911 Iuppiter
619 1849 856 1898 honorem
906 1853 956 1898 te
1012 1850 1187 1898 ducere
1242 1851 1409 1912 potius
1465 1848 1663 1909 debere,
1716 1863 1816 1896 non

117 1923 359 1971 traditum
398 1924 527 1972 ferre
566 1939 655 1972 nec
694 1925 940 1985 pertinere
981 1925 1042 1973 ad
1083 1924 1322 1972 iudicium
1363 1922 1533 1984 sortis,
1580 1922 1667 1970 sed
1712 1937 1816 1970 esse

31 1995 33 1997 ’
119 1997 463 2059 separandum.
550 1998 761 2059 denique
808 2014 921 2046 cum
968 2014 1132 2046 errore
1176 1998 1394 2046 humano
1444 2011 1623 2044 nomen
1672 1998 1817 2044 tuum

20 2111 30 2138 ,ἐξ
52 2087 94 2120 25
119 2071 265 2134 galea
311 2087 423 2119 cum
471 2074 646 2120 ceteris
693 2074 983 2132 sustineret,
1038 2088 1136 2120 non
1177 2072 1322 2120 existi
1368 2071 1426 2119 de
1475 2074 1626 2131 sorte,
1685 2069 1817 2131 quod

119 2144 278 2192 divini
324 2146 511 2194 favoris
562 2146 680 2206 fuit3
737 2162 895 2208 neque
950 2148 1081 2194 enim
1135 2149 1305 2194 tantus
1360 2161 1418 2194 ac
1467 2145 1585 2192 talis
1640 2145 1815 2192 ceteris

120 2221 326 2281 aequari
371 2219 611 2281 debuisti,
665 2222 723 2268 ut
767 2221 971 2269 ludicris
1020 2220 1212 2268 actibus
1260 2219 1590 2282 probarentur
1635 2218 1816 2266 merita

118 2296 222 2354 tua,
260 2295 540 2342 reservatus
573 2310 623 2342 es
657 2296 810 2342 sacris
848 2294 1011 2354 rebus,
1051 2298 1108 2342 ut
1146 2294 1287 2342 nobis
1327 2309 1416 2355 per
1452 2295 1596 2340 tuum
1627 2293 1815 2340 factum

119 2367 276 2414 futuri
314 2369 554 2429 temporis
594 2369 852 2416 commoda
889 2371 1297 2417 monstrarentur.
1367 2369 1525 2427 ipsius
1556 2364 1801 2414 Anchisae
1818 2368 1908 2409 535

240 2499 262 2536 1
290 2499 480 2550 propter
509 2495 772 2552 reliyionem
802 2494 858 2549 R,
892 2494 975 2538 sed
1005 2494 1054 2537 in
1086 2507 1232 2550 marg.
1264 2493 1502 2552 religionis
1531 2505 1674 2537 causa
1697 2512 1752 2528 =
1778 2489 1814 2533 L

119 2552 238 2608 (ipse
271 2566 330 2597 an
362 2555 445 2609 r?).
598 2559 626 2596 4
657 2554 818 2598 vitioso
851 2553 886 2596 L
916 2567 1000 2598 suo
1031 2553 1086 2607 R,
1119 2553 1202 2596 sed
1233 2552 1283 2596 in
1314 2566 1461 2608 marg.
1493 2552 1655 2596 vitioso
1694 2549 1817 2608 (ipse

121 2624 181 2655 an
213 2615 281 2668 r?)
313 2625 403 2656 om.
429 2612 501 2656 ed.
553 2615 559 2668 Ι
615 2613 698 2657 hoc
727 2618 791 2657 est
822 2626 910 2656 om.
936 2613 1008 2656 ed.
1163 2617 1188 2655 6
1220 2617 1262 2656 et
1292 2624 1383 2655 om.
1409 2610 1481 2655 ed.
1634 2619 1661 2652 ὅ
1693 2622 1743 2653 eo
1773 2607 1821 2651 R.

119 2685 220 2715 eum
250 2670 300 2715 L.
432 2675 457 2714 9
490 2685 839 2728 quocumque—
860 2676 914 2715 10
946 2677 1128 2716 eventus
1158 2670 1244 2714 LR
1276 2670 1347 2714 ed.
1481 2674 1532 2713 11
1567 2673 1611 2712 et
1639 2673 1818 2712 utrum-

119 2744 204 2787 que
235 2730 305 2774 ed.
416 2735 469 2774 12
501 2731 574 2775 his
603 2730 688 2774 LR
720 2731 794 2775 hic
825 2731 896 2774 ed.
929 2733 970 2775 is
1000 2744 1098 2774 nos.
1202 2734 1255 2773 13
1285 2731 1479 2785 fratrem
1508 2728 1558 2771 L.
1661 2731 1716 2770 14
1746 2740 1818 2770 re·-

119 2790 248 2834 cessit
279 2804 308 2833 a
338 2791 515 2846 superis
537 2789 626 2832 LR
656 2791 840 2835 accessit
869 2790 933 2834 ad
961 2803 1148 2846 superos
1179 2789 1250 2833 ed.
1388 2792 1443 2832 15
1468 2799 1714 2845 possumus
1743 2786 1814 2828 in-

121 2848 319 2906 telleqere
349 2847 403 2892 R.
557 2853 612 2893 22
647 2850 806 2906 potius
843 2849 996 2894 debere
1028 2848 1064 2892 L
1096 2849 1256 2906 potius
1293 2848 1455 2892 ducere
1493 2847 1536 2891 d.
1570 2845 1612 2890 R
1637 2859 1685 2901 p.
1718 2843 1813 2888 deb.

121 2920 210 2952 om.
243 2907 314 2951 ed.
468 2913 524 2953 25
556 2909 740 2953 exivisti
778 2907 850 2952 ed.
1004 2913 1058 2952 26
1099 2908 1255 2953 ceteris
1285 2906 1320 2950 L
1360 2907 1470 2952 aliis
1499 2905 1541 2948 R
1579 2903 1629 2948 in
1667 2916 1818 2959 marg.

120 2967 275 3011 ceteris
306 2966 424 3024 (ipse
456 2979 516 3010 an
548 2969 630 3024 τῖ’).
