2014 3226
734 131 857 174 AEN
862 131 1037 174 EIDOS
1070 131 1112 173 Π
1672 131 1774 180 149

81 274 257 322 Graeci
303 274 434 321 ultro
482 289 571 334 pro
618 287 734 319 vero
782 272 1135 335 vulgaverant,
1189 287 1249 318 ne
1297 270 1576 318 videntibus
1626 285 1777 318 causa

78 347 311 395 fabricati
343 348 458 407 equi
488 362 577 406 per
607 346 790 393 multas
825 349 873 392 et
905 345 1125 392 diversas
1151 346 1460 392 coniecturas
1485 347 1774 390 occurreret.

78 423 170 468 hoc
209 422 365 483 igitur
402 422 756 479 commentum,
799 420 1034 479 quoniam
1074 419 1127 464 in
1167 419 1357 465 occulto
1398 434 1487 479 pro
1527 419 1776 480 magnitu-

79 496 192 542 dine
232 510 320 542 sua
361 509 464 541 esse
503 509 600 541 non
642 495 822 554 potuit,
856 493 1048 554 accepit
1087 492 1406 539 verisimilem
1446 493 1690 538 rationem
1728 495 1777 538 et

33 588 54 618 5
79 569 393 632 divulgatum
433 571 519 614 est.
599 567 732 628 quod
780 570 943 613 autem
994 567 1162 627 potuit
1201 565 1406 613 insidias
1448 566 1694 626 decipere,
1734 566 1776 612 si

78 643 216 690 fieret
247 643 517 705 cognitum,
548 641 598 687 in
633 641 825 689 occulto
858 641 1130 701 perfectum
1166 644 1252 687 est.
1314 640 1525 700 denique
1557 639 1616 686 de
1650 654 1775 699 equo

78 716 203 763 dixit
250 731 307 762 ea
354 716 490 762 fama
536 718 771 777 vagatur,
834 714 919 761 ubi
966 715 1106 761 venit
1157 714 1219 761 ad
1275 714 1428 760 aliam
1481 713 1778 760 insidiarum

75 794 292 852 partem,
348 805 498 850 quam
549 789 704 836 latere
756 791 1077 847 convenerat,
1133 789 1208 835 ait
1250 788 1343 834 leuc
1390 789 1568 835 delecta
1614 789 1777 835 virmn

76 864 231 912 sortiti
260 877 466 923 corpora
495 864 668 922 furtim
700 863 956 909 includunt
985 876 1120 909 caeco
1153 862 1306 909 late-rel
1371 861 1542 922 quales
1574 861 1670 908 viri
1703 862 1775 907 in-

1 954 55 988 ·10
77 937 306 985 cludendi
347 941 509 985 essent
544 937 596 983 in
630 938 745 997 equi
777 937 976 984 secretis
1008 936 1089 983 vel
1121 951 1217 996 quo
1251 935 1423 982 ordine
1457 935 1515 983 de
1547 936 1775 996 plurimis

76 1011 315 1073 separati,
371 1011 605 1072 quoniam
652 1010 854 1071 publica
901 1010 1166 1058 necessitas
1214 1009 1311 1056 fuit
1359 1013 1408 1056 et
1453 1010 1601 1070 pleno
1649 1009 1775 1056 obti-

76 1085 223 1133 nendi
270 1084 434 1132 studio
482 1084 811 1143 ducebantur,
865 1087 1017 1145 poeta
1062 1086 1360 1144 pertractat,
1406 1084 1525 1130 licet
1571 1083 1776 1130 Aenean

75 1161 359 1220 loquentem
398 1158 662 1206 induxerit,
721 1159 830 1206 vult
863 1159 995 1205 enim
1028 1158 1306 1218 exemplum
1337 1157 1453 1204 hinc
1485 1157 1623 1204 nasci
1655 1156 1776 1218 quid

0 1224 1 1234 ¹
76 1233 355 1280 faciendum
394 1234 462 1280 sit
499 1234 553 1280 in
592 1232 778 1280 talibus
814 1234 991 1292 causis,
1021 1235 1078 1279 ut
1108 1247 1382 1293 paucorum
1413 1231 1634 1292 periculo
1666 1231 1774 1278 uni-

76 1307 229 1355 versis
268 1308 532 1368 proveniat
572 1307 705 1368 quod
744 1310 973 1368 speratur
1005 1305 1259 1353 commode
1291 1306 1622 1367 profuturum.
1687 1305 1774 1352 eli-

76 1385 280 1445 guntur,
328 1381 515 1443 inquit,
563 1382 763 1444 egregia
810 1380 1032 1429 virorum
1079 1381 1286 1428 fortium
1339 1394 1546 1440 corpora
1593 1384 1663 1439 et,
1720 1382 1776 1426 ut

75 1455 203 1516 ipse,
250 1471 361 1502 cum
406 1454 665 1516 patefieret
711 1470 891 1516 equus,
938 1454 1128 1514 docuit,
1176 1470 1276 1502 non
1315 1454 1645 1515 plebeiorum,
1689 1452 1776 1500 sed

76 1529 256 1576 ducum
286 1529 380 1576 1106
413 1532 488 1576 est
517 1530 782 1590 potiorum.
847 1532 898 1576 et
930 1530 1048 1589 quia
1079 1530 1273 1576 incerta
1303 1528 1571 1589 unicuique
1603 1527 1774 1575 formi-

40 1640 42 1642 .
75 1603 245 1654 dolosa
285 1607 400 1650 sunt
438 1619 527 1650 nec
566 1606 778 1664 possunt
817 1606 994 1664 sponte
1033 1601 1220 1664 adpeti,
1259 1618 1379 1662 sors,
1419 1601 1598 1662 inquit,
1638 1600 1776 1648 dedit

74 1693 131 1724 ex
176 1677 392 1725 fortibus
440 1678 615 1739 primis
662 1681 711 1724 et
758 1677 987 1738 plurimis
1035 1691 1158 1738 quos
1206 1691 1362 1737 equus
1410 1691 1584 1738 capere
1625 1678 1774 1736 atque

32 1750 320 1798 ‚occultare
380 1752 640 1812 potuisset.
725 1752 815 1798 hos
878 1751 1034 1814 igitur
1093 1750 1359 1797 includunt
1413 1765 1557 1797 caeco
1612 1749 1775 1810 lateri,

72 1825 331 1873 tenebroso
393 1825 584 1873 scilicet
639 1828 690 1872 et
742 1824 1163 1886 undiqueversum
1225 1824 1406 1872 clauso.
1484 1824 1775 1883 penitusque

32 1930 42 1958 3
73 1913 309 1946 cavernas
346 1900 554 1958 inyemis
591 1902 875 1959 uteru-mque
913 1902 1103 1946 armato
1142 1899 1292 1946 miliie
1324 1898 1566 1958 conplent:
1605 1913 1771 1946 caver-

38 1996 41 1998 *
32 1988 183 2034 nas,
229 1972 417 2034 inquit,
464 1976 514 2021 et
560 1976 781 2021 uterum:
837 1987 1072 2022 cavernas
1121 1972 1354 2020 debemus
1402 1972 1623 2033 accipere
1663 1971 1775 2020 loca

22 2045 62 2102 ὖ
74 2062 200 2108 quae
238 2050 439 2108 praeter
475 2050 675 2095 uterum
714 2062 820 2095 esse
858 2050 1153 2109 potuerunt,
1200 2046 1404 2094 cervicis
1443 2045 1656 2105 scilicet,
1697 2062 1774 2093 ar-

29 2123 265 2171 &morum
312 2124 361 2168 et
406 2121 664 2169 femorum.
740 2121 794 2168 in
838 2121 933 2170 1106
980 2120 1204 2182 exemplo
1253 2120 1405 2168 etiam
1443 2121 1537 2168 1106
1584 2119 1774 2167 discen-

31 2215 50 2244 z
73 2193 191 2242 dum
222 2198 310 2256 est,
341 2211 743 2257 unumquemque
775 2195 829 2242 in
861 2196 1025 2243 causis
1058 2194 1427 2242 difficilioribus
1453 2194 1775 2256 reipublicae,

44 2267 116 2316 {si
152 2270 228 2317 ita
263 2284 342 2317 res
381 2269 563 2332 exigat,
602 2270 756 2316 etiam
795 2269 1009 2317 salutem
1047 2284 1190 2317 suam
1228 2267 1405 2316 debere
1445 2271 1772 2317 contemnere.

44 2403 49 2407 Ι
75 2352 78 2356 ’
182 2342 278 2390 Est
313 2344 368 2390 im
405 2347 658 2402 conspectu
690 2342 922 2398 Tenedos,
953 2344 1209 2392 notissima
1247 2345 1388 2402 fama
1425 2343 1607 2397 insula,
1640 2341 1775 2390 dives

54 2428 233 2474 ‘Qum
265 2415 460 2465 Priami
489 2417 608 2464 dum
645 2431 799 2477 reyna
835 2417 1113 2472 mwnebant,
1153 2431 1286 2464 nunc
1324 2420 1514 2464 tantum
1551 2418 1692 2464 sinus
1732 2419 1776 2463 et

34 2484 214 2545 kstatio
259 2491 386 2538 male
430 2491 536 2549 fida
581 2492 779 2539 carmi-3.
855 2492 948 2539 huc
984 2505 1036 2538 se
1065 2491 1284 2551 provecti
1321 2491 1504 2539 deserto
1543 2492 1598 2537 >in
1635 2489 1774 2538 litore

37 2563 294 2628 icondwnt.
370 2578 460 2612 nos
507 2565 684 2613 abiisse
727 2566 827 2613 rati
873 2569 917 2613 et
960 2569 1099 2613 vento
1135 2565 1335 2624 petiisse
1370 2565 1635 2625 Mycenas:
1688 2562 1770 2611 de-

40 2636 277 2722 §scriptio
323 2638 422 2687 loci
459 2653 559 2686 non
596 2638 816 2687 inaniter
852 2640 1041 2702 posita3
1091 2638 1211 2687 talis
1252 2639 1385 2686 enim
1422 2639 1656 2686 inventus
1696 2640 1773 2686 est

59 2742 115 2755 5-1
133 2752 158 2755 --

94 2835 99 2839 ·
192 2826 220 2864 5
250 2821 452 2879 decipere
481 2822 569 2866 LR
594 2828 878 2879 praevenere
909 2822 980 2866 ed.
1160 2828 1212 2867 11
1244 2823 1457 2879 sepoerari
1486 2822 1523 2866 L
1555 2822 1773 2878 reparavi

33 2952 35 2969 ⁴
71 2875 248 2983 Βζᾱῑι
255 2882 520 2996 seipaggtgser
537 2883 764 2984 Ιτῇραναιὶ
794 2882 867 2926 ed.
898 2883 1020 2938 post.
1174 2886 1230 2925 32
1261 2883 1410 2927 abisse
1438 2881 1475 2924 L
1513 2883 1572 2926 ab
1601 2882 1698 2938 ipse
1730 2879 1774 2923 R

1807 1899 1864 1939 20

1804 2566 1863 2606 26
