2014 3226
191 191 299 242 314
656 188 887 232 DONATI
917 188 1198 232 INTERPR.
1231 189 1409 232 VERG.

189 331 247 378 de
297 331 453 378 salute
501 331 642 390 pueri
689 330 960 390 quaesivit,
1007 329 1168 376 voluit
1214 344 1356 376 nosse
1403 331 1571 376 utrum
1609 331 1878 391 temptaret
1955 310 1981 427 ἰ

187 404 288 451 13111
334 406 551 450 virorum
597 403 803 449 fortium
850 403 1006 464 partis
1054 402 1281 450 imitatus
1327 404 1485 464 patris
1541 406 1591 450 et
1645 403 1878 450 avunculi

189 479 436 525 virtutem.

101 557 185 595 345
305 553 448 598 Talea
494 550 729 609 fundebat
774 551 1041 598 lacrimans
1086 550 1343 609 lonyosqae
1389 551 1540 598 ciebat
1583 552 1637 598 in
1686 565 1879 598 casswm
1980 610 1981 616 1

188 628 351 683 slstus:
411 625 559 683 nihil,
599 625 785 685 inquit,
824 625 991 671 locuta
1031 626 1104 671 est
1144 624 1248 671 51116
1287 624 1506 672 lacrimis
1547 624 1766 672 excitans
1803 624 1876 672 lo-
1923 641 1945 674 5

190 699 380 760 quendo
433 662 564 759 quod
611 699 663 744 in
711 713 902 746 cassum
948 698 1221 761 plangeret
1301 698 1423 759 quid
1469 700 1600 745 enim
1646 698 1877 760 prodesse
1964 692 1981 730 π’

188 775 453 833 potuerant
499 772 755 833 lacrimae,
804 787 915 819 cum
954 772 1103 819 semel
1144 773 1326 819 amissa
1364 772 1589 833 reparari
1626 788 1724 820 non
1764 787 1877 833 pos-

188 845 330 894 sent?
407 861 514 892 cum
551 860 652 893 sese
691 861 723 893 a
759 845 1007 893 moenibus
1045 847 1182 894 heros
1219 846 1495 893 Priamides
1533 847 1698 893 maltis
1733 846 1876 894 Hele-

187 935 280 967 nus
320 921 656 968 comitantibus
695 920 879 980 adfert:
933 919 1127 967 dictura
1167 919 1326 967 adhuc
1371 919 1682 983 intellegitur
1726 919 1878 968 fuisse

188 995 424 1056 conplura
472 996 521 1040 et
565 1009 889 1055 responsurus
935 994 1109 1055 procul
1156 993 1304 1041 dubio
1351 994 1449 1041 fuit
1488 994 1680 1042 Aeneas
1725 994 1877 1041 inter·
1902 1012 1944 1044 10

185 1067 525 1131 rogationibus
571 1083 710 1115 mera
762 1068 1072 1130 benignitate
1127 1068 1358 1130 prolatis,
1407 1068 1493 1115 sed
1538 1084 1598 1115 ne
1644 1067 1697 1114 id
1737 1067 1878 1116 fieret

186 1142 362 1189 Heleni
387 1141 627 1190 adventus
652 1142 828 1202 effecit,
855 1142 939 1203 qui
967 1157 1079 1189 cum
1109 1157 1292 1205 magna
1325 1141 1646 1190 deductorum
1678 1144 1878 1189 caterva

184 1217 468 1277 insperatus
507 1218 826 1277 processerat.
886 1216 1008 1263 bene
1047 1216 1331 1263 interventu
1370 1215 1550 1263 Heleni
1586 1231 1878 1277 responsum

185 1290 381 1337 Aeneae
420 1293 568 1351 poeta
608 1290 875 1350 subtraxit,
915 1305 975 1337 ne
1013 1291 1067 1336 in
1105 1290 1345 1337 relatione
1385 1291 1488 1338 eius
1528 1291 1648 1338 nota
1689 1291 1738 1336 et
1775 1291 1877 1337 iam

185 1363 317 1411 dicta
362 1366 717 1425 repeterentur.
797 1366 1099 1424 aynoscitque
1145 1378 1256 1411 Saos
1304 1365 1551 1423 laetasque
1598 1364 1663 1411 ad
1702 1364 1877 1412 limina
1901 1380 1943 1413 15

185 1439 337 1486 ducit:
377 1439 495 1485 fecit
525 1437 744 1486 Helenus
787 1438 921 1499 quod
961 1439 1036 1485 est
1065 1439 1196 1485 inter
1225 1438 1447 1485 homines
1481 1453 1627 1500 saepe
1659 1437 1874 1484 difficile.

184 1512 412 1559 nonnulli
443 1514 574 1559 enim
604 1513 834 1560 fortunae
867 1511 1114 1574 suffragiis
1147 1512 1266 1559 fulti
1298 1511 1579 1573 despiciunt
1610 1527 1723 1560 suos
1754 1526 1876 1572 quos

185 1587 290 1633 fata
337 1585 624 1645 deiecerint,
678 1587 909 1633 nonnulli
953 1585 1142 1647 pudore
1192 1587 1360 1647 potius
1416 1602 1566 1647 quam
1618 1585 1876 1633 voluntate

183 1659 388 1707 humani
441 1663 568 1709 sunt.
645 1661 740 1707 iste
788 1659 838 1707 et
887 1661 1092 1723 agnovit
1138 1675 1251 1707 suos
1300 1662 1350 1707 et
1402 1660 1562 1708 laetus
1618 1659 1760 1706 duxit
1813 1659 1913 1726 311Ὶ

185 1733 398 1781 domum.
477 1737 519 1781 et
562 1735 768 1781 maltwm
815 1735 1045 1782 lacrimas
1091 1735 1238 1782 verba
1283 1736 1409 1782 inter
1454 1734 1651 1794 sinyala
1687 1734 1876 1793 fwndit:
1901 1750 1944 1783 2⁰

184 1810 241 1854 ut
278 1808 452 1856 modus
492 1807 755 1856 verborum
794 1809 1114 1856 lacrimarum
1154 1809 1299 1870 copia
1338 1809 1631 1856 vinceretur.
1693 1823 1791 1855 uno
1823 1807 1877 1854 in

185 1881 292 1929 loco
333 1882 454 1929 duos
492 1885 655 1930 motus
697 1883 853 1930 animi
892 1882 1075 1932 eodem.
1103 1884 1324 1943 tempore
1355 1881 1546 1929 Heleno
1586 1881 1736 1942 dedit,
1775 1881 1875 1928 lae-

185 1955 327 2003 titiae
375 1956 565 2004 scilicet
611 1959 660 2003 et
705 1957 966 2016 maeroris,
1013 1958 1099 2018 qui
1139 1958 1255 2004 sunt
1293 1956 1390 2004 sibi
1429 1971 1487 2003 ex
1511 1955 1722 2004 adfectu
1762 1970 1874 2003 con-

185 2029 349 2092 trarii,
389 2046 505 2076 nam
539 2030 784 2092 quomodo
814 2030 978 2079 laetus
1010 2031 1188 2091 fuerat,
1220 2032 1263 2078 si
1293 2029 1479 2092 iugiter
1508 2027 1692 2077 flebat?
1743 2028 1876 2091 quod

185 2102 372 2150 laetum
419 2103 546 2151 dixit
589 2106 639 2151 et
675 2103 896 2165 flentem,
945 2104 1158 2152 alterum
1196 2104 1295 2151 fuit
1334 2103 1468 2166 quod
1504 2102 1707 2151 videbat
1745 2117 1874 2163 suos,
1898 2114 1951 2153 25‘

186 2176 397 2224 alterum
445 2178 574 2239 quod
620 2178 867 2226 malorum
914 2178 1248 2227 communium
1293 2177 1571 2226 recordatio
1626 2177 1875 2226 dolentem

185 2250 390 2314 cogebat
438 2251 502 2299 ad
546 2252 791 2300 lacrimas.
859 2251 1092 2312 procede,
1145 2253 1332 2314 inquit,
1386 2252 1480 2300 hoc
1535 2253 1610 2299 est
1662 2251 1873 2299 ulterius

95 2327 182 2366 350
200 2324 391 2373 accedo.
469 2329 511 2374 et
538 2341 756 2385 parvam
796 2326 996 2374 Troiam
1033 2327 1357 2386 simulataque
1402 2326 1594 2386 maym's
1630 2326 1874 2386 Pergama

187 2401 229 2444 et
279 2402 494 2446 arentem
547 2399 736 2448 Xanthi
796 2402 1072 2460 coqnomtne
1131 2402 1292 2448 rivam
1347 2413 1550 2460 aynosco
1603 2398 1874 2459 Scaeaeque
1947 2429 1950 2435 ·

185 2473 442 2532 amplector
493 2473 667 2521 limma
706 2477 905 2533 portae:
971 2474 1243 2537 plurimum
1290 2473 1576 2538 derogasset
1619 2472 1874 2521 nobilitati
1894 2488 1941 2523 so
1995 2508 1997 2515 ι

183 2547 376 2607 patriae
423 2561 562 2607 suae,
613 2547 655 2595 51
702 2547 980 2596 6011511111113
1026 2547 1210 2596 diceret
1255 2563 1374 2596 cura
1412 2547 1591 2595 Heleni
1635 2545 1743 2594 fieri
1786 2562 1873 2608 po-

183 2619 337 2669 tuisse
369 2636 521 2682 quam
552 2621 704 2668 fuisse
736 2621 923 2669 sciebat
951 2621 1004 2668 in
1036 2622 1201 2669 Troia.
1250 2621 1435 2672 idcirco
1465 2620 1634 2683 posuit
1662 2635 1874 2682 parvam

185 2693 385 2742 Troiam
431 2695 762 2756 simulataque
808 2697 1004 2758 magnis
1042 2695 1286 2759 Pergama
1333 2697 1382 2743 et
1425 2696 1646 2743 arentem
1684 2693 1873 2742 Xanthi

303 2883 328 2923 5
360 2880 458 2923 sine
489 2879 738 2924 lacrimans
766 2878 809 2922 R
839 2892 953 2923 corr.
979 2895 1014 2923 r.
1131 2885 1157 2924 6
1190 2881 1309 2925 eni-m
1341 2893 1430 2925 om.
1455 2879 1528 2924 ed.
1648 2883 1703 2922 10
1735 2892 1872 2935 quam

175 2937 320 2993 plwra
349 2953 384 2981 r.
525 2942 576 2981 11
610 2952 734 2982 mera
764 2937 850 2981 LR
881 2939 1001 2982 mira
1030 2953 1055 2982 r
1084 2944 1216 2983 tanta
1247 2938 1319 2983 ed.
1456 2943 1511 2983 14
1541 2938 1678 2983 etia-m
1708 2937 1780 2982 ed.

185 2999 241 3040 28
267 2998 461 3053 procedo
493 2997 602 3041 ante
633 3002 675 3042 et
699 3011 896 3053 parvam
925 2996 1140 3054 interpol.
1174 2998 1245 3042 ed.
