2014 3226
123 626 144 659 5

104 997 146 1029 10

105 1365 147 1398 15

106 1736 150 1768 80

109 2105 151 2138 25

809 171 1113 217 AENEIDos
1145 172 1209 216 111
1754 175 1862 226 333

166 317 339 361 cuncta
383 316 518 360 notat
563 315 704 361 tacito
751 313 964 360 labentia
1015 314 1163 361 caelo:
1226 311 1495 361 Arcturum
1548 311 1864 374 [pluviasque

167 387 380 446 Hyadas
410 388 719 447 yeminosque
753 387 957 434 Triones
990 390 1235 435 armatum
1230 386 1354 448 Jque
1387 402 1509 435 auro
1542 390 1865 447 circumspicit

171 461 380 509 Oriona:
435 459 656 509 officium
703 460 909 508 solliciti
955 462 1200 522 peritique
1240 464 1290 508 et
1329 461 1582 524 diligentis
1623 461 1862 525 guberna-

167 535 290 583 toris
346 534 599 596 expressit.
690 534 823 596 quod
877 535 1009 580 enim
1062 535 1344 595 pertinebat
1397 535 1460 582 ad
1514 537 1618 583 eius
1681 551 1864 595 curam,

170 608 431 672 evigilavit
476 609 761 670 conpetenti
806 609 1048 670 tempore,
1106 609 1239 669 quod
1287 609 1348 656 ad
1396 610 1652 671 peritiam,
1703 609 1864 657 sidera

171 684 338 731 omnia
377 683 608 744 inspexit,
650 681 781 743 quod
819 697 936 730 vero
978 681 1040 729 ad
1080 682 1406 745 diligentiam,
1439 684 1718 744 exploravit
1755 684 1864 731 uni-

169 771 326 805 versa.
394 757 626 804 Triones:
668 755 871 817 quidam
902 756 1079 804 volunt
1112 757 1253 817 quasi
1277 757 1527 820 Vergilius
1568 757 1627 804 de
1667 758 1864 805 nomine

169 832 280 893 ipso
329 830 522 892 aliquid
567 830 859 891 detraxerit,
908 844 1018 877 cum
1064 829 1156 877 hoc
1197 831 1300 879 solo
1340 832 1538 879 nomine
1586 830 1867 879 vocitentur

171 905 466 969 signumque
504 904 723 952 habeant
763 920 820 951 ex
858 919 1063 951 numero
1104 905 1359 952 stellarum
1401 905 1626 953 additum
1661 906 1864 953 nomini.

172 980 274 1027 sive
306 979 464 1042 igitur
495 978 716 1026 dicamus
742 978 948 1026 Triones
980 979 1085 1025 sive
1119 978 1503 1040 Septentriones,
1535 995 1591 1026 eo
1623 979 1868 1042 redigitur

170 1069 268 1114 res,
323 1054 381 1100 ut
433 1054 697 1114 utrumque
752 1052 820 1100 sit
871 1053 1135 1115 integrum.
1205 1056 1465 1112 postquam
1516 1057 1687 1100 cuneta
1740 1054 1868 1101 videt

171 1128 300 1175 caelo
354 1129 575 1175 constare
627 1140 815 1182 serenO,
870 1127 957 1174 dat
1009 1126 1197 1174 clarum
1245 1142 1268 1174 e
1303 1129 1465 1187 puppi
1508 1129 1725 1187 siynwm,
1777 1140 1867 1174 nos

171 1204 334 1249 castra
386 1215 652 1256 movemuS,
707 1200 802 1248 hoc
848 1202 923 1248 est
968 1201 1187 1265 navigia.
1263 1203 1642 1263 temptamusque
1694 1203 1852 1249 viam:
1869 1203 1956 1244 520

170 1276 331 1336 primo
371 1275 504 1322 enim
543 1273 841 1336 quibusdam
879 1276 1254 1336 temptamentis
1294 1274 1495 1322 initium
1534 1276 1746 1323 sumitur
1779 1291 1865 1323 na-

171 1348 391 1412 vigandi,
429 1349 487 1396 ut
524 1363 676 1396 naves
714 1350 769 1396 in
809 1349 968 1396 altum
1005 1349 1357 1410 producantur.
1430 1353 1471 1396 et
1502 1350 1714 1396 velorum
1737 1364 1867 1409 pan-

172 1423 334 1471 dimus
374 1423 506 1471 alas:
558 1423 796 1484 velorum,
834 1424 1018 1485 inquit,
1057 1423 1222 1484 spatia
1261 1424 1311 1470 et
1350 1423 1558 1486 angulos
1603 1424 1865 1484 aperimus.

171 1498 467 1558 usurpatum
521 1498 618 1559 est,
671 1499 730 1544 ut
776 1497 886 1545 alae
936 1496 1166 1545 dicantur
1211 1498 1437 1555 velorum
1483 1497 1660 1559 quibus
1707 1497 1867 1546 volari

172 1571 331 1633 possit
362 1571 415 1619 in
445 1571 640 1636 pelago.
702 1570 817 1619 inde
859 1574 934 1620 est
974 1571 1106 1633 quod
1147 1571 1245 1619 alio
1284 1571 1392 1619 loco
1434 1563 1591 1637 (124)
1632 1572 1704 1618 ait
1744 1571 1867 1632 „lin-

175 1647 370 1707 quimus
433 1643 675 1709 Ortygiae
734 1647 911 1708 portus
972 1647 1251 1710 pelagoque
1313 1643 1583 1693 volamus“.
1675 1647 1869 1705 iamque

173 1720 453 1768 rubescebat
488 1721 638 1768 stellis
676 1734 863 1768 aurora
899 1720 1100 1780 fuyatis,
1134 1734 1242 1767 cum
1270 1720 1446 1779 procul
1480 1720 1706 1767 obscuros
1736 1719 1869 1766 collis

172 1795 492 1854 humilemque
521 1794 740 1841 violemus
770 1794 990 1850 Italiam,
1030 1810 1131 1842 non
1169 1793 1287 1855 quia
1325 1795 1508 1841 natura
1547 1808 1635 1841 sua
1665 1793 1868 1841 humilis

174 1870 282 1918 erat
329 1870 481 1930 atque
529 1867 781 1930 depressa,
822 1868 907 1916 sed
947 1869 1066 1930 quia
1106 1869 1258 1916 etiam
1296 1868 1388 1915 illa
1428 1883 1554 1929 quae
1595 1867 1700 1915 alta
1739 1870 1867 1928 sunt,

175 1958 286 1990 cum
317 1942 675 2006 navigantibus
706 1943 855 2006 longe
887 1943 1226 2004 apparuerint,
1251 1956 1355 1989 esse
1387 1941 1619 1989 videntur
1642 1941 1867 1988 humilia.

177 2017 382 2065 Italiam
411 2018 610 2076 primus
649 2017 919 2065 conclamat
953 2015 1178 2072 Achates,
1216 2016 1423 2064 Italiam
1462 2016 1583 2063 laeto
1621 2017 1740 2063 socii
1773 2016 1869 2062 cla-

176 2105 305 2138 more
343 2090 584 2138 salutant:
637 2090 1022 2154 gratulabantur
1061 2106 1112 2138 se
1150 2091 1424 2152 repperisse
1462 2088 1680 2149 Italiam,
1718 2103 1870 2151 quam

175 2180 265 2226 per
293 2166 373 2212 tot
404 2179 558 2213 annos
590 2166 870 2227 quaesitam
906 2165 1131 2213 invenire
1169 2165 1511 2225 nequiverant.
1578 2167 1679 2210 tum
1708 2166 1855 2222 pater
1871 2165 1956 2205 525

175 2237 413 2287 Anchises
458 2253 692 2299 maynwm
737 2242 928 2287 cratera
975 2253 1154 2287 corona
1197 2239 1361 2285 metuit
1403 2238 1694 2297 inplevitque
1738 2251 1868 2285 mero

175 2314 405 2372 divosque
441 2315 629 2362 vocavit
663 2316 801 2362 stans
840 2313 966 2361 celsa
1003 2315 1058 2361 in
1087 2313 1274 2373 puppi:
1314 2311 1376 2360 ob
1414 2311 1481 2372 id,
1518 2310 1699 2373 inquit,
1738 2309 1870 2372 quod

177 2389 286 2436 visa
316 2389 444 2435 esset
473 2386 641 2448 Italia,
670 2388 817 2449 pater
847 2402 985 2435 meus
1017 2385 1113 2434 diis
1154 2387 1272 2433 vota
1310 2385 1548 2434 solvebat.
1614 2385 1686 2432 du
1715 2386 1870 2433 maris

299 2577 322 2615 1
363 2572 633 2628 pluviasque
656 2598 712 2604 —
738 2576 763 2615 2
805 2576 1034 2616 amatum
1076 2585 1164 2615 om.
1197 2570 1295 2614 LR.
1479 2574 1504 2613 2
1552 2574 1871 2624 aretur-umque

179 2631 466 2689 scripserunt
494 2631 582 2675 LR.
620 2645 735 2676 corr.
769 2631 840 2676 ed..
1008 2633 1034 2672 9
1065 2630 1253 2674 numini
1281 2629 1369 2673 LR
1399 2628 1470 2672 ed.
1639 2632 1693 2672 12
1726 2642 1750 2672 e
1778 2641 1868 2671 om.

179 2691 250 2735 ed.
435 2694 489 2733 17
529 2691 682 2735 volare
719 2689 807 2733 LR
844 2703 958 2734 corr.
992 2689 1063 2734 ed.
1246 2693 1301 2733 21
1341 2690 1454 2745 quia
1490 2687 1532 2731 R
1570 2701 1662 2743 qua
1700 2686 1750 2731 L.

179 2754 238 2794 24
268 2749 459 2794 Italiam
497 2749 571 2793 bis
603 2750 676 2794 ed.
709 2748 909 2793 alterum
949 2748 1039 2792 del.
1073 2748 1144 2792 ed.
1176 2749 1297 2804 post.
1479 2750 1535 2790 28
1574 2747 1626 2790 in
1659 2751 1764 2791 vota
1795 2758 1869 2790 vo·

179 2810 302 2853 cavit
337 2808 425 2852 LR
462 2807 543 2853 edI
589 2809 642 2852 in
685 2813 790 2852 vota
843 2807 933 2851 del.
973 2808 1068 2852 edF
1115 2820 1202 2851 nec
1248 2806 1460 2864 sequitur
1498 2818 1555 2849 ex
1591 2805 1869 2861 interpreta-

178 2867 308 2912 tione
346 2869 401 2912 ut
429 2866 547 2912 Don.
580 2867 751 2925 legerit
781 2866 909 2922 quod
938 2879 1096 2911 versus
1127 2866 1323 2923 respuit,
1354 2864 1513 2922 potuit
1541 2869 1644 2908 vota
1674 2864 1871 2908 solvebat

179 2929 373 2984 propter
401 2940 620 2985 maynum
649 2930 827 2972 cratera
859 2927 947 2970 etc.
981 2924 1203 2970 scribere:
1250 2925 1410 2982 spuria
1440 2922 1585 2967 verba
1624 2935 1680 2966 ex
1720 2926 1761 2978 ’1,
1782 2926 1867 2966 471

181 2985 481 3043 irrepserunt.
