2014 3226
210 166 317 218 612
676 166 909 210 DONATI
941 165 1221 209 INTERPR.
1256 166 1434 210 VERG.

119 311 205 350 820
223 321 410 354 secares
465 308 666 366 accipiet
718 309 947 365 natosque
993 309 1137 365 pater
1190 321 1317 355 nova
1371 308 1495 355 bella
1549 309 1779 355 moventis
1834 309 1899 355 ad

198 395 412 441 poenam
443 382 655 440 pulchra
685 394 781 438 pro
822 381 1035 427 libertate
1074 381 1282 428 vocabit:
1336 381 1435 441 hic,
1476 382 1661 443 inquit,
1706 377 1899 443 primus

206 471 296 515 pro
343 454 572 501 libertate
620 455 811 514 patriae
859 453 1183 515 parricidium
1237 454 1458 502 facturus
1507 458 1582 502 est
1635 455 1898 502 mactando

207 528 334 575 filios
376 543 503 587 suos,
546 529 631 588 qui
670 528 787 575 novi
827 527 1023 574 sceleris
1063 526 1195 575 bella
1238 529 1460 576 molituri
1509 530 1639 576 sunt.
1715 529 1899 588 infelice,

207 605 462 661 utcumque
515 603 670 660 ferent
724 616 779 648 ea
833 603 966 661 facta
1019 603 1250 657 minores,
1311 604 1465 650 vincet
1518 617 1656 650 amor
1701 604 1900 662 patriae
1947 617 1966 650 5

207 677 504 734 laudamque
549 677 772 723 inmensa
819 676 1020 734 capide:
1075 676 1428 737 apostropham
1476 677 1618 738 quasi
1659 676 1721 723 ad
1759 691 1898 738 prae-

207 752 393 797 sentem
442 749 582 810 fecit,
632 750 717 810 qui
763 749 1075 809 tractabunt,
1122 749 1312 810 inquit,
1353 750 1541 798 factum
1579 752 1744 810 tuum,
1784 750 1900 798 licet

207 839 289 871 eos
339 823 507 871 vincat
554 823 865 871 commodum
911 822 1186 883 publicum,
1234 826 1401 871 tamen
1448 824 1697 872 infelicem
1739 826 1787 872 te
1826 840 1898 871 re-

205 898 411 959 perient,
453 898 540 959 qui
579 899 684 944 tam
726 912 899 944 saevus
938 898 991 943 in
1029 899 1140 944 tuos
1173 897 1353 945 liberos
1386 898 1611 957 extitisti,
1643 900 1699 945 ut
1732 913 1901 945 eorum

206 986 295 1018 nec
343 972 494 1019 saluti
542 987 630 1019 nec
677 972 910 1033 sanguini
949 972 1224 1032 pepercisse
1264 971 1490 1019 videaris.
1568 974 1687 1032 quin
1724 972 1899 1020 Decios
1925 987 1968 1020 ιο

118 1049 203 1087 825
222 1046 506 1104 Drusosque
542 1046 721 1104 procul
766 1060 1055 1104 saevamque
1099 1047 1257 1092 secari
1304 1048 1464 1105 aspice
1514 1046 1813 1105 Torquatum
1860 1048 1903 1093 et

206 1121 487 1178 referentem
524 1121 667 1179 siyna
703 1118 987 1166 Camillam:
1027 1118 1169 1166 Decii
1201 1121 1250 1167 et
1282 1119 1432 1168 Drusi
1471 1119 1661 1167 nobiles
1700 1120 1901 1167 fuerunt

206 1195 258 1240 in
306 1193 561 1255 republica
609 1195 658 1240 et
703 1192 972 1254 plurimum
1013 1193 1319 1255 profuerunt.
1396 1209 1693 1255 saevumque
1740 1195 1902 1241 securi

157 1260 162 1264 ”
207 1267 371 1328 aspice
420 1268 730 1328 Torquatum
786 1269 834 1314 et
887 1267 1180 1314 referentem
1237 1268 1378 1331 signa
1431 1266 1719 1315 Camillum:
1781 1267 1898 1315 Tor-

208 1343 387 1402 quatus
426 1341 537 1388 ideo
578 1357 769 1400 saevus,
811 1342 929 1402 quia
967 1340 1127 1388 filium
1167 1357 1310 1389 suum
1350 1341 1531 1389 dicitur
1570 1341 1802 1389 occidisse
1836 1341 1898 1389 ob
1925 1356 1968 1390 15

205 1416 445 1463 iniustam
477 1431 691 1473 causam,
726 1414 966 1463 Camillus
1000 1417 1170 1462 autem
1200 1415 1436 1463 liberasse
1472 1415 1719 1463 adseritur
1757 1416 1899 1479 signa

206 1504 331 1551 quae
371 1489 584 1537 Romani
622 1489 951 1551 perdiderant.
1028 1489 1144 1537 illae
1183 1491 1343 1537 autem
1372 1491 1584 1550 paribus
1630 1504 1754 1550 qaas
1801 1490 1898 1548 fal—

202 1577 313 1623 9ere
352 1565 509 1612 cernis
548 1566 602 1611 in
641 1565 809 1619 armis,
849 1563 1103 1611 concordes
1143 1565 1338 1611 animae
1375 1579 1507 1612 nunc
1545 1567 1588 1612 et
1619 1564 1736 1611 dam
1765 1567 1900 1611 nocte

196 1641 514 1697 premantur,
563 1639 654 1686 hen
693 1640 928 1697 quantam
965 1639 1093 1686 inter
1129 1652 1180 1685 se
1205 1637 1415 1699 belham,
1461 1640 1505 1685 si
1546 1639 1733 1685 lamina
1771 1639 1899 1685 vitae

116 1714 203 1754 830
222 1713 480 1771 attc‘qerint,
513 1715 723 1771 quantas
755 1713 883 1759 acies
912 1714 1214 1772 strayemqae
1245 1712 1446 1768 ciebant,
1479 1712 1733 1772 ayyeribas
1766 1725 1899 1759 socer
1922 1725 1966 1760 πο

204 1783 405 1845 Alpinis
444 1789 586 1846 atque
624 1801 736 1833 arce
774 1786 999 1833 Monoeci
1037 1786 1338 1840 descendens,
1374 1800 1521 1846 yener
1559 1786 1777 1834 adversis
1822 1786 1896 1833 in-

203 1862 414 1907 structas
461 1861 585 1908 eois!
659 1859 819 1920 vides,
866 1859 1052 1921 inquit,
1097 1860 1211 1908 illas
1260 1860 1450 1907 animas
1490 1875 1616 1921 quae
1656 1875 1794 1907 arma
1834 1860 1897 1907 si·

204 1933 344 1981 milia
383 1937 576 1997 gerunt.
639 1949 768 1982 nunc
807 1933 1041 1981 videntur
1079 1948 1183 1982 esse
1223 1934 1500 1995 concordes,
1541 1933 1659 1996 quia
1696 1933 1776 1980 hic
1816 1933 1896 1980 de-

205 2009 331 2071 gunt
370 2010 420 2055 et
459 2008 750 2056 contendere
791 2023 874 2055 eas
915 2006 1052 2055 sedes
1083 2007 1277 2056 inferna
1309 2023 1408 2055 non
1438 2009 1647 2069 patitur,
1681 2010 1896 2055 ceterum

205 2096 317 2128 cum
358 2081 420 2128 ad
459 2097 660 2144 superos
699 2082 942 2142 venerint,
982 2083 1170 2143 quanta
1207 2082 1286 2130 illi
1324 2081 1536 2130 dolenda
1582 2082 1963 2129 committentes

205 2155 499 2203 exercitibus
547 2172 604 2204 ex
649 2157 757 2205 toto
806 2155 922 2204 orbe
962 2155 1230 2203 contractis
1277 2157 1327 2203 et
1374 2172 1429 2203 eo
1477 2155 1713 2216 deterius,
1763 2155 1896 2216 quod

205 2243 344 2276 socer
383 2232 432 2277 et
471 2246 621 2293 gener
651 2230 772 2278 haec
802 2231 935 2278 inter
966 2245 1016 2277 se
1047 2229 1187 2291 inpia
1218 2231 1510 2291 funestaque
1543 2229 1734 2292 gesturi
1765 2230 1894 2276 sunt.

203 2318 286 2359 ne,
328 2306 498 2363 paeri,
552 2319 614 2351 ne
659 2307 797 2352 tanta
843 2305 1023 2352 animis
1070 2303 1333 2352 adsuescite
1387 2305 1509 2351 bella
1562 2318 1658 2351 neu
1697 2304 1896 2362 patriae
1983 2307 1988 2323 ³·

204 2377 399 2425 validas
436 2379 490 2425 vin
526 2379 715 2426 viscera
753 2379 918 2426 vertite
955 2379 1101 2426 viris:
1153 2392 1476 2439 personarum
1523 2377 1641 2425 fecit
1680 2391 1893 2424 commu-

203 2452 467 2511 tationem3
523 2451 641 2500 dum
686 2453 817 2500 enim
864 2451 924 2499 de
964 2451 1076 2500 aliis
1122 2451 1367 2513 loquitur,
1413 2452 1656 2499 convertit
1703 2449 1767 2498 ad
1811 2465 1893 2498 eos
1917 2446 1990 2510 so}

324 2626 351 2664 4
383 2622 550 2676 infelix
581 2621 658 2665 hic
681 2621 825 2665 habet
850 2621 891 2664 V
915 2621 1210 2665 adsentiente
1233 2619 1641 2677 interpretatione3
1675 2619 1736 2664 ad
1764 2621 1893 2663 ante·
1981 2653 1986 2661 .

203 2679 374 2727 cedens
404 2679 576 2724 lemma
607 2680 842 2725 revocavit
873 2681 959 2736 ed„
997 2680 1080 2724 sed
1109 2679 1226 2724 Don.
1258 2679 1326 2724 sic
1363 2678 1549 2724 videtur
1587 2678 1892 2735 coniungere:

202 2743 443 2795 utcumque
472 2740 621 2794 ferent
651 2740 737 2784 etc.
769 2745 1010 2810 atcumque
1039 2740 1185 2784 vincet
1216 2741 1303 2783 etc.
1468 2742 1496 2782 5
1527 2738 1719 2782 minoris
1746 2737 1802 2781 V.

205 2801 232 2841 8
263 2798 482 2852 infelicite
514 2798 566 2842 V.
730 2803 783 2842 13
816 2800 868 2843 in
893 2800 966 2843 rei
988 2799 1180 2855 publica
1210 2803 1252 2842 et
1281 2797 1324 2842 V
1355 2804 1395 2842 et
1424 2797 1699 2853 reipublicae
1730 2796 1804 2840 ed.

208 2861 381 2900 15--16
413 2858 466 2902 ob
498 2858 734 2902 iniustitia
762 2871 951 2903 causam
982 2857 1024 2901 V
1055 2871 1169 2901 corr.
1202 2857 1274 2901 ed.
1449 2859 1506 2900 20
1537 2856 1807 2912 attinyerint
1836 2854 1892 2900 V.
1950 2851 1986 2863 '⁴

296 2921 348 2959 21
383 2930 532 2961 arcem
562 2917 758 2961 menoeci
788 2916 1053 2962 discendens
1082 2915 1137 2960 V.
1239 2920 1295 2959 23
1326 2921 1488 2974 yerwnt
1505 2941 1561 2947 -
1578 2916 1689 2972 quia
1719 2916 1892 2960 temere

203 2976 307 3023 mut
345 2975 417 3021 ed.
541 2980 596 3020 24
621 2981 810 3033 patetne·
838 2975 893 3019 V.
1017 2979 1072 3019 30
1103 2975 1323 3020 convertit
1351 2974 1394 3019 V
1422 2988 1468 3019 se
1500 2973 1608 3018 add.
1633 2973 1704 3019 ed.
