2014 3226
784 175 1088 219 AENEIDOS
1119 176 1182 219 111
1730 178 1832 228 271

140 317 335 365 visurus
398 331 496 364 non
560 319 687 364 esset
750 318 1088 377 quantumque
1144 316 1258 363 filiis
1315 317 1618 378 consumptis
1674 332 1838 364 secum

142 390 368 438 omnibus
408 392 583 451 postea
622 390 786 437 fuerat
827 390 1127 449 conlaturus,
1159 393 1407 451 postremo
1446 393 1641 438 tantum
1685 407 1837 451 quan-

139 467 247 511 tum
295 464 511 511 amicum
556 466 609 511 in
647 463 930 525 perfidiam,
979 466 1220 524 quantum
1259 465 1310 510 in
1352 465 1617 511 avaritiam
1655 480 1838 527 regem,

142 540 384 600 quantum
431 539 749 586 miseratione
797 539 981 584 reiecta
1029 538 1210 585 veteris
1260 538 1509 585 amicitiae
1565 538 1838 586 debitorem

44 614 49 631 ⁰
97 613 192 662 5111
231 628 401 660 necem
440 613 584 673 pueri
621 613 790 673 potuit
826 626 1111 672 provoca-re.
1166 612 1246 658 hic
1280 628 1474 673 quoque
1506 613 1683 672 locum,
1716 614 1837 660 tem-

42 699 47 743 !
142 702 237 748 pus
284 701 644 748 personamque
691 687 942 733 tractavit.
1022 685 1217 733 funesta
1265 701 1322 732 ac
1375 687 1591 734 nefanda
1645 687 1837 734 facturo

145 763 391 822 oportuna
431 763 545 808 sunt
583 761 715 808 visa:
769 775 886 806 nam
925 759 1060 806 locus
1103 762 1328 819 quamvis
1371 762 1623 820 proximus
1670 763 1838 807 tamen

26 801 36 921 ,f
142 836 427 882 interventu
458 834 626 898 pelagi
666 835 926 894 separatus
966 832 1065 879 fuit
1099 850 1126 879 a
1159 833 1340 880 finibus
1374 834 1566 894 Troiae,
1598 849 1838 895 personae

27 935 30 975 3
143 924 260 956 vero
306 911 551 956 tractatus
599 909 718 967 fuit,
768 907 899 968 quod
942 906 1089 954 facile
1129 923 1337 969 puerum
1378 910 1427 955 et
1465 908 1624 956 solum
1663 923 1838 955 necare

27 989 30 1037 ξ
77 999 119 1032 10
144 984 410 1044 potuisset,
459 982 764 1030 defensorem
813 983 978 1029 autem
1027 996 1325 1028 emersurum
1375 981 1604 1028 credebat
1646 982 1839 1028 nullum

145 1058 231 1118 qui
277 1056 522 1104 ultionem
567 1056 829 1104 moliretur
876 1057 1046 1116 occisi,
1092 1055 1272 1102 idonea
1318 1071 1433 1102 vero
1476 1057 1714 1116 temporis
1754 1055 1838 1103 da-

144 1131 293 1178 batur
332 1131 523 1178 occasio
564 1129 760 1177 Iliensis
800 1129 1000 1191 imperii
1037 1128 1278 1177 felicitate
1318 1128 1519 1177 deiecta.
1597 1130 1716 1178 fecit
1753 1129 1838 1177 ille

145 1204 277 1266 quod
331 1204 503 1251 infelix
559 1203 618 1251 de
671 1204 812 1251 hoste
866 1203 1095 1251 Priamus
1150 1203 1341 1250 metuit.
1433 1218 1540 1251 ecce
1587 1202 1838 1266 Vergilius

145 1279 289 1326 docet
325 1280 378 1325 in
419 1277 639 1327 adversis
678 1293 768 1325 nec
808 1279 981 1325 amicis
1013 1277 1291 1324 habendam
1323 1277 1484 1337 fidem,
1515 1277 1601 1324 ubi
1631 1279 1840 1339 possunt

77 1370 118 1402 16
145 1353 324 1400 scelere
378 1353 518 1400 lucra
572 1352 780 1414 captari.
865 1350 1067 1398 difficile
1123 1353 1198 1398 est
1252 1353 1383 1398 enim
1438 1352 1625 1399 servari
1676 1350 1838 1411 fidem,

145 1442 255 1474 cum
299 1427 519 1475 fatorum
566 1427 800 1488 primitus
847 1425 1001 1473 fuerit
1047 1427 1231 1486 fracta3
1284 1425 1488 1486 perinde
1535 1425 1665 1472 enim
1708 1425 1839 1472 inter

23 1466 42 1610 1
144 1500 328 1549 amicos
367 1500 487 1548 fides
527 1503 604 1548 est
642 1503 700 1548 ut
738 1501 968 1548 fortunae
1008 1502 1057 1547 et
1095 1500 1313 1548 fatorum
1354 1514 1522 1546 cursus
1562 1514 1666 1547 sese
1698 1514 1839 1561 prae-

142 1575 354 1622 buerint.
431 1574 547 1622 hinc
586 1577 737 1636 poeta
779 1574 1043 1636 conpulsus
1084 1590 1141 1621 ex
1180 1589 1389 1635 persona
1430 1573 1533 1620 eius
1576 1589 1721 1634 quem
1767 1573 1837 1620 lo-

145 1651 378 1711 quentem
437 1648 702 1696 induxerat
764 1650 836 1696 sio
897 1647 1188 1710 cupiditatis
1251 1649 1360 1694 auri
1421 1647 1838 1708 vituperationem

24 1722 27 1731 ’
77 1739 120 1772 20
144 1723 338 1783 clausit,
369 1724 427 1770 ut
466 1723 687 1786 generali
727 1723 1082 1770 exclamatione
1116 1721 1301 1768 diceret
1333 1721 1450 1780 quid
1478 1735 1578 1768 non
1612 1722 1839 1769 mortalia

133 1801 334 1857 pectora
372 1798 514 1857 coyis,
548 1799 662 1845 auri
701 1811 846 1845 sacra
884 1797 1069 1856 fames!
1119 1811 1230 1843 cum
1270 1795 1392 1842 dicit
1430 1795 1550 1856 quid
1588 1810 1701 1854 non,
1739 1809 1839 1842 non

142 1873 341 1918 tantum
380 1870 439 1918 de
478 1872 732 1933 praesenti
764 1885 915 1919 causa
946 1871 1113 1931 sensit,
1147 1869 1231 1917 sed
1264 1869 1323 1916 de
1356 1870 1492 1916 omni
1523 1884 1699 1931 genere
1730 1884 1838 1930 per-

143 1960 376 1994 sonarum
430 1947 480 1993 et
539 1945 961 1992 necessitudinum
1023 1946 1072 1992 et
1133 1943 1192 1990 de
1255 1942 1543 1990 criminibus
1598 1942 1837 1990 omnibus.

145 2019 291 2067 sicuti
330 2020 463 2066 enim
502 2019 686 2067 lectum
725 2021 922 2068 constat
954 2021 1003 2066 et
1035 2017 1259 2079 exempla
1298 2019 1521 2065 veterum
1553 2015 1839 2077 docuerunt,

78 2109 120 2142 25
143 2093 262 2141 fecit
309 2094 420 2141 auri
466 2093 715 2155 cupiditas
761 2094 956 2155 patriae
1010 2091 1309 2154 proditores,
1366 2090 1571 2152 aurique
1624 2090 1838 2152 pondere

131 2166 291 2215 'fidem
330 2182 475 2229 saepe
514 2167 735 2215 militum
774 2167 1010 2227 fractam,
1048 2165 1261 2213 fractam
1301 2166 1588 2228 coniugum,
1627 2164 1838 2212 fractam

143 2243 424 2302 nautarum,
455 2242 667 2289 fractam
698 2241 1053 2303 proximorum,
1083 2240 1296 2286 fractam
1327 2238 1596 2300 foederum,
1627 2239 1839 2286 fractam

266 2401 287 2440 1
322 2411 510 2453 cumque
539 2397 645 2442 illos
675 2401 963 2452 consumptos
992 2409 1139 2439 secum
1164 2394 1252 2437 LR
1282 2409 1318 2439 c.
1345 2394 1425 2438 illo
1456 2397 1719 2449 consumpto
1748 2407 1783 2437 s.
1817 2408 1839 2436 r

145 2455 215 2499 ita.
253 2455 520 2510 emendavi,
566 2457 622 2500 ut
661 2455 719 2500 de
758 2455 1024 2499 hereditate
1063 2453 1278 2497 omnibus
1317 2452 1428 2496 filiis
1475 2452 1713 2496 destinata
1759 2465 1787 2495 a
1822 2451 1838 2494 i

145 2513 471 2572 intellege-tun
503 2515 709 2572 praefixo
743 2515 884 2570 „dare
914 2513 1101 2570 potuit“
1133 2511 1317 2569 reliqua
1347 2513 1402 2555 ut
1425 2511 1512 2555 LR
1534 2510 1734 2555 tradidit
1758 2524 1784 2556 0

145 2573 304 2630 inepte
334 2576 449 2618 mut.
476 2574 585 2618 edF'.
687 2578 715 2617 4
746 2574 914 2618 misera
937 2578 1111 2618 coner-et
1134 2577 1247 2616 tecta
1271 2570 1358 2614 LR
1381 2585 1437 2614 m.
1462 2571 1650 2615 condere
1671 2574 1786 2614 tecta
1816 2583 1840 2612 r

145 2633 432 2678 miseratione
461 2634 626 2678 reiecta
665 2646 750 2676 nos
790 2632 871 2690 (ad
908 2633 1074 2677 reiecta
1113 2629 1170 2675 cf.
1205 2631 1309 2688 260)
1347 2630 1593 2675 miserrimi
1621 2633 1768 2673 status
1798 2634 1840 2672 et

146 2691 218 2736 ed.
246 2692 254 2750 Ι
281 2692 521 2737 debitorem
544 2691 632 2736 LR
655 2693 804 2736 debito
833 2705 980 2749 reyem
1011 2690 1082 2735 ed.
1189 2694 1215 2733 6
1245 2690 1432 2744 funesta
1455 2688 1543 2732 LR
1565 2702 1680 2745 quae
1702 2687 1739 2742 f.
1764 2687 1835 2731 ed.

266 2754 293 2794 8
323 2752 588 2797 interventis
617 2750 705 2794 LR
736 2756 808 2796 -tu
838 2764 922 2794 nos
954 2749 1298 2806 interpositione
1328 2748 1399 2792 ed.
1436 2749 1443 2805 Ι
1476 2751 1716 2804 separatus
1743 2746 1839 2800 fuit

145 2808 232 2852 LR
261 2816 504 2867 superatus
533 2815 633 2855 erat
662 2810 771 2855 edF.
927 2812 983 2852 12
1013 2809 1124 2863 ferit
1154 2808 1225 2852 ed.
1380 2811 1435 2851 15
1465 2819 1643 2851 servare
1673 2804 1744 2849 ed.

147 2872 202 2911 16
227 2870 448 2925 pn‘mitns
469 2869 616 2925 fuerit
634 2870 765 2924 facta
787 2867 875 2912 LR
891 2882 966 2925 pr.
990 2868 1026 2922 f.
1050 2867 1204 2922 fracta
1228 2867 1270 2910 R
1292 2866 1394 2924 ipse
1419 2864 1495 2910 vel
1523 2879 1549 2908 r
1579 2866 1659 2922 (sc.
1681 2863 1837 2919 fides);

147 2939 207 2971 an
234 2929 445 2984 pravitas
480 2942 566 2986 pro
594 2928 814 2986 primitus
853 2927 910 2972 cf.
943 2927 1129 2971 deomm
1154 2926 1430 2983 pravitatem
1459 2939 1501 2969 v.
1527 2928 1585 2968 2?
1645 2924 1839 2968 adversa

34 2987 57 3009 ³
145 2986 181 3040 f.
213 2988 342 3041 facta
371 2988 601 3034 conversio
632 2987 704 3031 ed.
830 2990 885 3030 19
917 2986 1252 3042 vituperatione
1282 2984 1353 3029 ed.
