2014 3226
201 185 310 236 380
669 183 899 227 DONATI
930 182 1210 226 INTERPR.
1245 182 1424 226 VERG.

199 325 435 384 Hiarbas,
490 327 545 370 ut
591 323 843 386 Vergilius
897 323 1086 383 posuit,
1140 326 1287 370 natus
1343 337 1400 368 ex
1450 322 1566 370 Iove
1617 322 1893 371 Hammone

203 394 420 463 (constat
467 399 597 444 enim
636 397 778 443 Ioves
826 397 1066 458 plurimos
1105 390 1279 461 fuisse)
1327 395 1503 444 habuit
1543 395 1895 444 Garamantem

200 487 425 530 uxorem,
480 487 578 518 non
632 470 825 532 legibus
878 472 1154 531 acceptam,
1210 470 1292 517 sed
1339 473 1488 531 raptu
1533 470 1893 518 interveniente

204 547 498 606 quaesitam:
555 544 755 591 Africae
805 545 989 605 quippe
1035 543 1214 591 finibus
1262 543 1475 604 proximi
1521 544 1748 591 feruntur
1791 558 1894 592 esse
1985 600 1987 605 A

203 619 542 667 Garamantes.
620 618 701 664 hic
740 619 792 664 in
833 617 1031 665 sedibus
1072 619 1173 665 suis
1215 632 1272 664 ac
1310 634 1400 678 per
1439 619 1597 665 omnis
1636 619 1779 680 regni
1818 619 1897 665 sui
1942 635 1988 668 52¹

201 694 359 754 partis
393 694 589 739 centum
620 693 810 753 templa
840 691 1028 739 formae
1062 691 1398 754 amplissimae
1433 692 1758 738 constituerat
1787 691 1896 738 Iovi
1983 706 1988 739 1

203 770 351 826 atque
394 781 504 812 aras
542 765 754 813 totidem
794 765 1094 828 vigilemque
1134 767 1317 827 ignem,
1348 765 1442 812 1100
1483 768 1556 812 est
1590 764 1674 826 qui
1706 780 1898 827 semper

202 840 519 887 nutrimentis
560 839 849 886 necessariis
889 840 1023 886 fotus
1066 840 1288 902 extingui
1327 855 1426 886 non
1463 842 1634 900 posset
1671 838 1898 908 perinde-

203 931 295 975 que
353 913 583 961 excubias
638 913 808 960 divum
863 915 1123 961 continuas
1180 912 1443 960 exhiberet.
1530 913 1670 960 illius
1734 904 1897 960 autem

202 990 346 1034 tanta
385 987 640 1034 veneratio
680 987 798 1046 fuit,
841 990 899 1034 ut
936 987 1213 1035 hostiarum
1254 1002 1425 1035 cruore
1467 986 1674 1034 adsiduo
1712 988 1898 1049 pingue
1922 1003 1989 1036 10

203 1063 330 1108 esset
384 1061 557 1108 solum.
634 1061 788 1108 variis
842 1061 1070 1108 florentia
1124 1062 1300 1107 limina
1355 1062 1522 1108 sertis:
1583 1076 1684 1107 non
1729 1063 1899 1108 tamen

203 1135 328 1182 dixit
383 1134 658 1183 cuiusmodi
714 1136 880 1194 sertis,
953 1135 1036 1182 sed
1094 1150 1205 1182 cum
1261 1135 1387 1181 dixit
1439 1134 1670 1182 florentia
1723 1124 1900 1181 limina

201 1211 444 1256 varietate
485 1211 745 1268 sertorum,
787 1208 1044 1270 splendido
1076 1224 1194 1257 usus
1226 1208 1493 1256 locutionis
1527 1224 1705 1270 genere
1738 1210 1898 1256 osten-
1980 1211 1991 1278 ‘l

202 1283 276 1330 dit
333 1285 488 1330 sertas
545 1299 601 1329 ex
655 1282 858 1330 floribus
913 1282 1066 1330 fuisse
1121 1283 1343 1331 diversis.
1430 1296 1598 1329 amens
1651 1275 1805 1330 am‘fmi
1859 1285 1902 1328 et
1986 1286 1991 1341 ξ

202 1371 393 1404 rumore
441 1371 667 1404 accensus
715 1373 790 1404 am
799 1371 885 1403 aro
927 1357 1102 1404 dicitur
1141 1360 1253 1403 ante
1293 1371 1411 1404 aras
1449 1356 1608 1403 media
1646 1357 1772 1403 inter
1807 1371 1897 1403 uu·
1923 1354 1991 1418 15⁴5

115 1433 198 1472 205
217 1433 353 1478 mina
394 1431 558 1478 divum
597 1431 751 1477 multa
783 1431 949 1478 Iovem
983 1431 1211 1478 manibus
1249 1432 1451 1490 supplex
1489 1444 1654 1478 orasse.
1685 1431 1901 1489 supinis:
1989 1421 1991 1440 ³

201 1505 366 1551 media
426 1506 559 1552 inter
619 1505 848 1563 numina,
911 1504 1053 1566 quasi
1115 1504 1461 1566 praesentibus
1522 1503 1734 1552 testibus
1789 1503 1898 1552 diis.

200 1579 426 1638 Iuppiter
472 1580 790 1638 omnipotens,
840 1580 918 1625 cui
963 1593 1094 1626 nuuc
1131 1579 1405 1626 Maurusia
1426 1570 1428 1572 ’
1442 1580 1592 1638 pictis
1630 1592 1749 1638 qens
1787 1592 1900 1638 epu-

203 1654 303 1700 lata
358 1655 476 1700 toris
521 1653 774 1700 Lenaeum
829 1653 950 1699 libat
999 1653 1247 1708 honorem,
1304 1655 1484 1712 aspicis
1527 1653 1678 1699 haec?
1729 1667 1796 1699 au
1842 1655 1898 1706 te,
1972 1706 1973 1709 Ἴ

198 1728 398 1786 ρεηίΐον,
438 1741 546 1774 cum
582 1727 797 1786 fulmina
836 1730 1040 1785 torques,
1071 1729 1391 1785 nequicquam
1427 1727 1712 1774 horremus?
1751 1728 1899 1773 caeci·
1922 1744 1957 1776 ε

116 1802 200 1841 210
218 1815 307 1859 que
344 1803 398 1848 in
435 1801 646 1848 nubibus
679 1803 815 1860 iynes
846 1802 1115 1859 terrificant
1145 1803 1334 1848 ammos
1366 1804 1410 1849 et
1437 1802 1612 1848 inania
1642 1814 1900 1847 murmura
1973 1789 1982 1822 ⁴·

203 1875 431 1921 miscent?
506 1874 753 1936 Iuppiter,
798 1875 984 1936 inquit,
1034 1891 1180 1936 quem
1221 1876 1381 1923 omnis
1419 1874 1541 1922 haec
1578 1875 1716 1938 regio
1754 1889 1899 1922 vene·
1974 1878 1982 1930 ’ζ

203 1951 358 2008 ratur,
390 1949 433 1996 si
470 1949 609 1996 vides
649 1949 784 1996 mala
824 1964 950 2010 quae
990 1950 1230 2011 geruntur
1267 1951 1319 1996 in
1359 1949 1522 2009 terris,
1555 1963 1644 1995 cur
1674 1947 1770 1995 tibi
1799 1963 1898 1995 non
1970 1946 1985 2004 ,ξ
2000 2002 2002 2005 y

205 2020 504 2083 displicent?
551 2037 638 2070 cur
673 2023 796 2070 haec
834 2021 943 2070 fieri
982 2020 1140 2070 sinis?
1188 2025 1276 2069 aut
1315 2024 1358 2070 si
1395 2037 1495 2069 non
1535 2021 1672 2069 vides
1713 2024 1762 2069 et
1798 2037 1900 2069 non
1971 2046 1980 2054 ··

205 2111 262 2141 ex
293 2099 342 2143 te
374 2095 643 2143 mittuntur
673 2096 901 2156 fulmina,
930 2112 1056 2158 quae
1087 2097 1312 2144 homines
1343 2099 1544 2158 terrent,
1570 2111 1657 2143 cur
1688 2093 1897 2143 coleris?

205 2183 292 2216 cur
328 2185 428 2216 non
465 2171 515 2217 te
553 2171 773 2218 universi
813 2168 1208 2218 contemnimus?
1265 2164 1387 2218 haec
1418 2170 1620 2218 fuerunt
1651 2170 1898 2232 principia

205 2244 308 2290 eius
340 2244 429 2305 qui
458 2243 758 2304 loquebatur
785 2259 954 2293 amens
979 2240 1137 2291 animi
1162 2246 1212 2292 et
1233 2260 1431 2292 rumore
1455 2258 1687 2292 accensus
1713 2258 1898 2292 amaro.

205 2331 314 2364 ecce
347 2316 651 2366 ostendimus
685 2310 842 2383 (197)
874 2317 1105 2366 habuisse
1139 2318 1523 2366 amaritudinem
1555 2318 1723 2379 animi,
1749 2332 1900 2379 quam
1962 2331 1965 2333 ·

205 2390 545 2438 cumulaverat
575 2391 751 2438 Fama:
783 2391 988 2453 perinde
1019 2391 1208 2453 duplici
1237 2394 1432 2439 ratione
1465 2394 1753 2450 commotus,
1782 2391 1900 2438 tali-
1974 2398 1978 2399 ⁷

203 2462 294 2511 bus
343 2478 454 2511 cum
491 2463 624 2512 Iovis
669 2465 862 2512 invidia
899 2466 1159 2528 principiis
1197 2466 1398 2528 positis,
1443 2467 1607 2528 ipsam
1644 2466 1747 2512 iam
1782 2480 1897 2527 pro·
1930 2499 1933 2502 -

326 2637 348 2674 1
382 2637 545 2677 mamm
576 2633 663 2676 LR
693 2640 832 2678 natus
861 2639 928 2680 est
955 2649 978 2678 r
1007 2640 1149 2680 uatus
1179 2635 1250 2679 ed.
1302 2638 1309 2694 1
1366 2636 1544 2680 hmm'ne
1574 2635 1611 2678 L
1644 2635 1828 2680 humine
1857 2634 1903 2678 R.
1946 2690 1949 2691 ⁷

204 2705 319 2734 corr.
344 2705 380 2734 r.
483 2696 509 2734 2
539 2698 855 2750 yarama‘ntem
884 2693 972 2737 LR
1002 2695 1142 2739 -idem
1173 2695 1245 2738 ed.
1345 2700 1373 2738 4
1402 2695 1583 2739 sedibus
1612 2693 1700 2737 LR
1729 2693 1903 2749 finibus

207 2750 278 2793 ed.
374 2754 400 2793 8
426 2756 574 2807 potest
595 2750 683 2794 LR
706 2752 777 2796 ed.
798 2758 949 2808 posset
977 2766 1076 2797 nos.
1170 2758 1196 2798 9
1229 2755 1358 2798 dium
1381 2753 1418 2796 L
1448 2754 1605 2798 divum
1629 2753 1672 2796 R
1702 2754 1795 2798 diis
1824 2752 1898 2797 ed.

266 2811 321 2852 18
353 2811 617 2854 varietatem
649 2810 719 2854 ed.
830 2817 885 2855 14
915 2818 1060 2857 sertas
1089 2812 1177 2856 LR,
1208 2826 1298 2857 om.
1325 2812 1397 2858 ed.
1426 2814 1433 2869 Ι
1471 2826 1626 2857 amens
1655 2811 1744 2856 LR
1773 2813 1901 2869 isque

204 2882 247 2911 a.
282 2868 353 2911 ed.
486 2873 540 2912 19
574 2870 742 2914 lebeum
771 2883 856 2926 pro
888 2866 1124 2917 Lenaeum
1154 2871 1254 2915 LR.
1385 2876 1438 2915 21
1473 2873 1596 2929 iynis
1625 2871 1676 2915 L.
1719 2874 1725 2930 Ι
1773 2878 1899 2916 mio?-

195 2935 334 2971 ·mora
363 2926 463 2971 LR.
595 2932 651 2972 28
682 2928 894 2974 habuisse
923 2928 1010 2972 LR
1042 2930 1113 2974 ecL
1145 2931 1188 2974 h.
1217 2935 1346 2974 eum?
1467 2934 1524 2974 30
1554 2932 1688 2976 cuius
1717 2929 1900 2974 invidia
1947 2979 1950 2981 Α

198 2986 451 3043 principiis
480 2986 568 3030 LR
596 3000 700 3032 cum
730 2988 856 3032 Ioms
885 2989 916 3032 i.
943 3003 1018 3045 pr.
1050 3002 1136 3034 nos
1166 2992 1342 3034 temere
1371 2991 1487 3033 mut.
1519 2989 1590 3033 ed.
1946 3007 1954 3025 ι
