2014 3226
749 142 1050 186 AENEIDOS
1083 142 1124 186 H
1677 144 1784 195 215

96 285 377 331 cerneretur
422 283 575 329 oculis
624 282 743 344 quid
789 282 996 330 interius
1045 286 1285 345 ageretur.
1364 285 1571 343 apparet
1616 284 1787 330 domus

97 360 228 405 intus
268 360 310 404 et
347 358 478 404 atria
516 357 659 416 {onya
691 360 961 416 patescunt,
1004 361 1245 416 apparent
1273 358 1467 405 Priami
1505 361 1549 406 et
1578 360 1788 404 veterum

88 431 365 491 penetralia
388 446 556 490 requm
580 433 885 490 armatosque
914 432 1078 478 vident
1107 434 1281 478 stantis
1311 434 1365 478 in
1397 433 1562 479 limine
1584 433 1773 491 primo:
1790 436 1876 474 485

97 506 314 553 fenestra
359 505 451 551 illa
496 507 655 551 totum
707 504 837 565 quod
877 505 1217 566 prospectibus
1256 505 1476 553 hostium
1514 504 1791 568 negabatur

53 595 74 627 5
100 579 328 626 ostendit.
406 578 668 625 videbatur
715 579 898 639 quippe
947 579 1185 639 quicquid
1231 581 1440 627 interius
1488 580 1609 640 fuit,
1656 578 1790 627 vide-

28 643 32 647 ’
97 652 280 700 bantur
332 653 385 699 in
435 653 544 714 ipso
592 651 837 700 vestibulo
887 652 1203 700 observantes
1252 655 1446 701 armati.
1525 658 1577 701 at
1621 654 1793 700 domus

98 728 298 774 interior
332 728 513 786 yemitu
543 728 809 785 miseroque
839 728 1048 774 tumultu-
1078 728 1304 774 miscetur
1326 730 1616 787 penitusque
1645 742 1793 775 cavae

100 801 408 862 clanqoribus
438 801 579 848 aedes
610 801 830 859 femineis
861 801 1069 855 ululant,
1095 802 1208 860 ferit
1232 816 1385 849 aurea
1409 802 1572 849 sidera
1597 803 1791 849 clamor.

100 878 202 922 tum
238 875 458 933 pavidae
503 876 632 922 tectis
678 877 856 922 matres
901 876 1174 934 iugyeutibus
1222 878 1389 923 errant
1438 877 1779 935 ampleoeaeque
1794 879 1882 919 490

34 965 76 998 10
102 951 259 996 tenent
285 952 448 1008 postes
488 952 629 1008 atque
667 950 833 996 oscula
870 950 1052 1009 siglam.-
1092 952 1337 997 crescente
1370 949 1712 1011 desperatione
1746 950 1795 996 et

99 1024 375 1084 intercepta
415 1037 499 1084 spe
549 1016 741 1088 (clausa
781 1023 914 1069 enim
954 1025 1100 1070 antea
1141 1023 1313 1071 domus
1352 1017 1542 1088 patuit)
1589 1024 1794 1086 plange-

98 1097 221 1144 bant
259 1097 472 1144 feminae
514 1112 697 1156 omnes,
739 1113 863 1158 quae
903 1098 1112 1145 interius
1153 1098 1450 1146 clamoribus
1491 1100 1639 1158 atque
1686 1097 1794 1144 ulu-

100 1170 284 1218 latibus
338 1170 615 1232 prodebant
669 1171 894 1218 hostibus
951 1174 1222 1219 extremam
1276 1171 1591 1219 formidinem
1638 1187 1796 1231 suam,

103 1260 228 1306 quae
274 1260 352 1292 res
399 1246 572 1306 utique
625 1245 925 1293 accendebat
978 1245 1135 1293 hostis
1192 1248 1248 1293 ut
1301 1245 1591 1307 perficerent
1636 1247 1796 1293 inten-

26 1315 78 1376 f15
102 1320 290 1367 tionem
329 1335 482 1367 suam.
561 1318 772 1381 denique
813 1321 1037 1380 sequitur
1081 1321 1234 1367 instat
1270 1322 1319 1367 vi
1349 1321 1522 1379 patria
1560 1319 1796 1379 Pyrrhus.

104 1394 213 1454 quis
246 1393 374 1440 enim
409 1409 508 1441 non
539 1395 895 1454 provocaretur
926 1393 990 1440 ad
1014 1393 1242 1441 effectum
1266 1394 1609 1456 plenissimum
1633 1409 1799 1441 rerum

104 1467 348 1514 audiendo
386 1468 513 1515 talia
549 1469 600 1515 et
630 1466 878 1515 videndo?
942 1467 1208 1529 descriptio
1243 1471 1410 1515 autem
1443 1467 1615 1515 domus
1650 1470 1799 1529 atque

103 1541 207 1590 eius
255 1541 532 1603 amplitudo
584 1558 684 1590 non
723 1543 910 1590 frustra
949 1544 1155 1589 narrata
1194 1545 1282 1604 est,
1321 1542 1375 1589 in
1415 1558 1513 1603 qua
1551 1559 1651 1590 non
1688 1544 1798 1589 tan-

103 1617 212 1663 tum
251 1615 591 1663 aedificiorum
631 1615 838 1664 ambitio
871 1616 1245 1677 praeferebatur
1276 1632 1447 1664 verum
1479 1617 1631 1664 etiam
1661 1631 1799 1662 mon-

14 1705 82 1743 320
106 1689 358 1738 strabatur
395 1689 632 1738 nobilitas
675 1693 722 1737 et
756 1691 981 1752 superior
1012 1690 1224 1738 felicitas
1256 1690 1458 1738 Priami.
1511 1690 1638 1737 dixit
1669 1690 1802 1736 enim

106 1767 349 1825 apparent
387 1763 579 1811 Priami
618 1766 667 1811 et
706 1765 929 1812 veterum
967 1765 1243 1826 penetralia
1289 1781 1486 1828 regum,
1535 1766 1593 1811 ut
1640 1765 1803 1812 osten-

106 1837 244 1885 deret
289 1853 499 1901 regnum
546 1838 680 1899 quod
718 1838 946 1887 Priamus
993 1840 1157 1886 tenuit
1202 1855 1290 1900 per
1334 1838 1548 1886 maiores
1595 1837 1700 1885 eius
1741 1836 1804 1884 ad

107 1928 219 1960 eum
273 1911 574 1960 succedendo
627 1914 923 1974 pervenisse.
1015 1914 1192 1974 quanti
1245 1915 1414 1960 autem
1467 1912 1652 1960 doloris
1706 1911 1804 1958 fuit

107 2001 207 2033 una
267 1987 410 2033 nocte
475 1986 745 2035 concidisse
807 1987 1006 2048 penitus
1062 1987 1194 2049 quod
1246 1990 1335 2049 per
1387 1986 1610 2034 infinitos
1663 2000 1804 2049 reges

27 2074 85 2116 ,25
107 2060 279 2108 multis
320 2061 473 2108 etiam
512 2061 722 2109 saeculis
761 2061 1006 2110 floruerit!
1074 2063 1389 2122 armatosque
1421 2060 1594 2108 vident
1625 2061 1804 2108 stantis

28 2126 31 2131 ’
109 2134 162 2181 in
199 2134 371 2182 limine
411 2135 595 2196 primo:
634 2136 735 2196 ipsi
774 2138 892 2183 sunt
931 2135 991 2183 de
1033 2135 1211 2196 quibus
1250 2134 1377 2182 dixit
1414 2136 1542 2182 imas
1575 2133 1805 2183 obsedere

109 2209 252 2256 fores.
329 2208 486 2256 instat
539 2210 591 2256 vi
643 2210 811 2270 patria
861 2209 1102 2270 Pyrrhus:
1162 2223 1250 2256 uec
1306 2209 1522 2257 claustra
1574 2223 1662 2257 uec
1708 2209 1806 2268 ipsi

70 2326 74 2330 .
111 2283 324 2337 custodes
362 2284 568 2342 sufferre
605 2284 788 2339 valent,
829 2284 964 2332 labat
1001 2285 1150 2331 ariete
1188 2284 1352 2331 crebro
1389 2284 1548 2331 ianua
1587 2285 1632 2330 et
1668 2283 1808 2330 emoti

103 2357 430 2416 procumbunt
481 2358 681 2406 cardine
725 2361 903 2418 postea
981 2373 1094 2404 cum
1147 2373 1204 2406 eo
1258 2357 1420 2420 magis
1466 2355 1685 2418 Pyrrhus
1732 2357 1807 2402 in-

44 2444 91 2478 ³0
114 2431 322 2493 sisteret,
349 2432 467 2492 quia
498 2430 692 2479 viderat
724 2434 942 2479 armatos
972 2432 1199 2491 interiuS,
1228 2433 1278 2478 et
1309 2430 1586 2479 evertendis
1617 2429 1808 2478 foribus

31 2547 36 2551 .
115 2519 314 2566 operam
354 2505 511 2566 daret,
551 2505 790 2554 maiorem
827 2506 932 2553 vim
970 2521 1058 2553 nec
1091 2505 1310 2554 claustra
1340 2520 1431 2553 nec
1463 2504 1688 2553 custodes
1722 2503 1810 2565 qui

33 2659 44 2725 ξ
234 2665 287 2703 11
321 2661 503 2705 clausae
534 2661 570 2704 L
603 2661 674 2704 ed..
714 2661 873 2706 clausa
906 2675 1011 2704 cum
1041 2673 1207 2704 rasura
1236 2660 1278 2703 R
1316 2662 1476 2704 clausa
1507 2661 1627 2703 enim
1664 2671 1762 2702 noe.
1799 2658 1805 2717 Ι

32 2734 46 2780 22
116 2723 220 2763 ante
244 2733 297 2763 ea
320 2719 407 2762 LR
430 2725 568 2765 antea
590 2735 614 2763 r
638 2719 709 2764 ed.
739 2719 745 2779 Ι
766 2721 927 2776 patuit
951 2733 1039 2763 om.
1060 2719 1130 2763 ed.
1227 2725 1280 2762 12
1314 2733 1464 2764 omnes
1487 2732 1602 2775 quae
1626 2716 1713 2760 LR
1736 2717 1809 2762 ed.

31 2795 62 2838 g
115 2790 350 2835 omnesque
379 2793 414 2821 r.
525 2784 579 2823 16
612 2780 816 2834 effectum
847 2779 947 2833 LR,
980 2778 1063 2822 sed
1093 2778 1143 2822 in
1173 2780 1384 2834 affectum
1416 2791 1529 2822 corr.
1562 2777 1604 2820 R
1634 2776 1749 2835 ipse.

118 2839 176 2879 25
199 2837 417 2893 floruerat
432 2838 504 2882 ed.
591 2843 644 2882 27
673 2839 783 2882 ante
798 2852 880 2882 ‘nec
894 2838 1101 2883 claustra
1118 2839 1380 2882 atramento
1397 2836 1652 2894 repetitum
1668 2835 1814 2880 instat

32 2846 65 2988 ἑ
118 2896 167 2940 vi
183 2898 344 2951 patria
365 2897 577 2954 Pyrrhus
600 2897 688 2940 LR
712 2911 800 2941 om.
820 2897 891 2941 ed.
1015 2901 1071 2940 28
1097 2902 1237 2942 emoto
1261 2896 1338 2941 edi
1441 2901 1495 2940 31
1522 2895 1738 2939 maiorem
1754 2920 1813 2927 —

32 2991 73 3226 l
119 2957 221 3009 216,
247 2959 270 2997 1
304 2957 508 3000 custodes
537 2957 765 3000 mutando
794 2958 843 3000 et
865 2969 1113 3013 perperam
1139 2955 1474 3012 distinguendo
1507 2953 1715 3010 corrupit
1739 2953 1811 2996 ed.
