2014 3226
201 154 309 205 5⁸26
670 153 901 197 DONATI
931 153 1210 197 INTERPR.
1246 153 1424 197 VERG.

202 294 380 356 pelago
422 297 508 340 aut
549 293 793 354 quomodo
834 293 1017 341 multos
1058 293 1274 355 decipiat
1312 295 1411 342 ista
1441 295 1782 355 tranquillitas
1814 297 1893 343 vel

202 367 450 428 deceperit
505 382 649 428 saepe
705 369 754 414 et
809 367 1065 414 arbitraris
1120 383 1196 414 me
1256 367 1454 415 incertis
1518 369 1892 416 commissurum

200 441 424 502 Aenean,
479 457 569 502 pro
626 442 763 487 cuius
820 441 979 489 salute
1038 442 1231 488 tantam
1294 441 1679 488 sollicitudinem
1742 441 1893 505 gero?

200 530 307 562 ecce
348 515 544 561 Aeneae
584 515 838 561 meritum:
892 514 1200 577 navigabant
1239 515 1390 577 tanti,
1430 515 1700 577 navigabat
1741 517 1892 563 etiam

197 590 304 650 ipse
351 587 616 635 Palinurus
664 591 733 650 et,
790 604 900 635 cum
954 588 1143 635 incerta
1197 591 1462 649 metueret,
1516 605 1603 636 nec
1655 589 1751 636 sibi
1801 605 1890 638 nec
1935 607 1956 640 5

199 663 395 722 ceteris,
445 661 528 709 sed
576 662 669 708 soli
707 662 904 710 Aeneae
944 662 1250 723 providebat.
1331 678 1442 709 cum
1480 663 1636 725 igitur
1674 679 1889 724 pronun-

196 737 403 796 tiamus,
457 734 649 797 pondus
697 735 841 783 debet
887 735 1066 783 habere
1117 752 1195 800 me
1251 752 1545 797 pronomen,
1600 737 1723 783 item
1775 737 1888 784 huic

196 812 438 870 monstro,
486 809 617 871 quod
672 809 857 871 decipit
910 810 1092 857 multos
1147 809 1297 857 infido
1344 810 1544 874 ingenio
1593 812 1642 857 et
1687 814 1889 872 repente

195 883 382 932 mobili.
453 883 576 930 bene
615 885 784 944 posuit
822 885 1059 944 monstro,
1101 884 1216 945 quia
1257 884 1493 945 quicquid
1533 883 1585 930 in
1626 884 1778 932 aliam
1815 885 1888 933 fa-

197 958 320 1005 ciem
376 959 601 1004 mutatur
654 960 931 1005 monstrum
985 961 1073 1005 est.
1158 973 1236 1004 me
1293 959 1479 1019 autem,
1534 957 1627 1006 hoc
1682 960 1755 1005 est
1809 960 1889 1006 cui
1914 975 1972 1008 10

195 1031 482 1080 commissus
524 1033 598 1078 est
635 1032 981 1079 universarum
1019 1031 1225 1079 navium
1265 1047 1459 1092 cursus,
1499 1048 1599 1091 me,
1640 1031 1724 1093 qui
1764 1047 1888 1079 sem·
1967 1023 1993 1102 J

194 1121 281 1167 per
329 1107 382 1152 in
427 1106 504 1152 his
553 1105 766 1168 diligens
813 1106 909 1166 fui,
956 1121 1055 1167 me,
1105 1106 1184 1153 cui
1232 1121 1335 1154 esse
1383 1068 1528 1152 debet
1581 1121 1671 1167 pro
1727 1105 1887 1154 salute
1967 1094 1992 1174 J}

193 1178 391 1227 Aeneae
437 1179 651 1242 pervigil
698 1195 837 1241 cura,
883 1195 983 1240 me,
1032 1181 1118 1240 qui
1157 1195 1301 1241 saepe
1342 1178 1750 1241 conprobaverim
1787 1195 1887 1228 non
1971 1171 1991 1224 ³3

192 1253 471 1301 habendam
503 1253 655 1301 etiam
693 1253 979 1315 tranquillis
1018 1253 1249 1301 fiuctibus
1287 1253 1447 1313 fidem,
1488 1270 1581 1313 me,
1622 1253 1887 1301 amabilem
1975 1226 1991 1302 i

191 1328 300 1390 regi
332 1330 380 1374 et
411 1326 705 1375 fidissimum
735 1329 866 1391 regis
898 1328 1054 1389 ipsius
1087 1329 1372 1375 amatorem.
1435 1326 1639 1374 Aenean
1674 1327 1883 1389 credam,
1910 1344 1952 1378 15
1986 1305 1990 1350 ἶ

191 1401 243 1447 1(1
283 1403 356 1449 est
397 1417 535 1462 spem
574 1402 826 1450 Romanae
865 1401 1189 1463 reipublicae,
1237 1402 1439 1462 fortem,
1478 1401 1639 1463 pium,
1686 1401 1885 1465 religio·
1966 1373 1990 1451 4

193 1490 315 1557 sum,
346 1475 589 1523 invictum
621 1477 675 1522 in
706 1476 852 1536 bello,
879 1477 932 1523 in
962 1491 1084 1538 pace
1116 1477 1455 1536 praestantem
1486 1476 1654 1537 patiar
1683 1475 1884 1524 incertis

192 1548 536 1597 circumveniri
591 1549 847 1596 turbinum
895 1552 943 1597 et
989 1550 1319 1611 procellarum
1367 1548 1531 1597 subire
1587 1549 1884 1597 discrimen?
1973 1555 1988 1601 ῥ’

192 1638 301 1671 6666
349 1622 542 1671 addidit
588 1623 890 1686 experiundo
939 1639 988 1671 se
1029 1623 1258 1672 didicisse
1308 1622 1441 1685 quod
1488 1622 1715 1685 cavebat,
1765 1623 1885 1685 quid
1976 1664 1982 1676 ,

191 1698 336 1758 6111111,
369 1697 455 1758 ait,
486 1697 716 1746 fallacius
749 1699 931 1745 austris
973 1700 1023 1744 et
1062 1696 1235 1746 caelo?
1297 1699 1442 1759 quasi
1481 1696 1708 1745 fallacius
1749 1697 1883 1759 quic·
1907 1715 1950 1747 so
1981 1742 1984 1747 .

192 1786 343 1832 quam
389 1771 597 1834 reperiri
642 1773 802 1834 possit
841 1771 1022 1820 austris
1063 1773 1113 1819 et
1152 1771 1304 1832 caelo,
1345 1772 1579 1833 quoniam
1616 1771 1882 1832 insperatis

190 1844 408 1893 motibus
463 1849 512 1893 et
566 1846 758 1894 caelum
811 1848 1036 1894 mutatur
1088 1847 1143 1893 in
1195 1845 1370 1893 nubila
1424 1847 1473 1892 et
1534 1845 1586 1892 in
1638 1845 1881 1907 procellas

189 1920 327 1966 venti
351 1934 496 1981 saepe
521 1922 783 1968 vertuntur
805 1920 1082 1982 interrupto
1109 1919 1321 1968 silentio.
1378 1934 1486 1967 ecce
1517 1921 1714 1981 praeter
1745 1934 1880 1967 mare

187 1993 506 2041 metuendum
545 1993 740 2042 dicebat
779 1996 828 2042 et
867 1994 1068 2042 caelum.
1147 1995 1268 2042 talia
1308 1993 1437 2041 dicta
1475 1993 1626 2041 dabat
1670 1993 1880 2040 clavum·
1979 1995 1981 2003 '

189 2081 278 2127 que
317 2068 514 2126 adfixus
553 2071 596 2116 et
630 2069 835 2116 haerens
872 2082 1117 2128 nusquam
1156 2068 1425 2115 amittebat:
1464 2067 1534 2114 sic
1568 2066 1879 2129 loquebatur,
1903 2056 1982 2172 »εἰ

188 2142 248 2187 ut
294 2140 433 2189 clavo
479 2141 532 2188 id
580 2144 655 2190 est
700 2141 1032 2206 gubernaculo
1080 2140 1332 2190 videretur
1379 2140 1566 2189 adfixus
1616 2142 1703 2188 aut
1740 2143 1878 2189 tena-
1967 2143 1981 2216 “3

189 2213 291 2262 cius
338 2215 621 2264 inhaesisse.
698 2231 942 2278 nusquam
991 2215 1254 2264 amittebat
1300 2216 1550 2275 oculosque
1602 2215 1691 2262 sub
1742 2217 1879 2263 astra

187 2289 397 2335 tenebat:
449 2305 539 2337 nec
579 2290 842 2338 amittebat
881 2291 982 2338 suis
1028 2289 1256 2338 manibus
1304 2289 1500 2336 clavum
1544 2287 1682 2336 cuius
1729 2304 1878 2336 causa
1964 2279 1966 2283 ’

187 2361 432 2426 vigilabat
469 2378 557 2410 1166
598 2363 765 2412 oculos
805 2363 1036 2412 flectebat
1075 2379 1105 2411 a
1143 2363 1300 2411 stellis
1343 2378 1551 2424 quarum
1591 2377 1760 2410 cursus
1793 2362 1876 2411 ob-

307 2553 329 2591 1
347 2560 396 2580 ‘—-
409 2552 434 2591 2
468 2548 536 2592 vel
563 2547 782 2604 deciperet
812 2548 899 2592 LR
929 2563 967 2593 v.
994 2548 1213 2605 deceperit
1242 2562 1266 2591 r
1297 2562 1412 2603 quae
1443 2561 1510 2591 me
1541 2547 1712 2604 decepit
1742 2547 1813 2591 ed.

187 2611 213 2650 3
245 2607 436 2651 salutem
467 2607 553 2650 LR
591 2621 635 2651 m
667 2607 756 2651 del.
782 2623 817 2651 r.
983 2613 1012 2652 4
1043 2607 1327 2665 navigabant
1357 2607 1494 2650 etiam
1525 2606 1612 2649 LR
1643 2607 1741 2651 -bat
1770 2621 1804 2650 e.
1837 2621 1872 2650 r.

188 2670 242 2709 11
276 2667 559 2711 commissum
591 2666 662 2710 cd.
692 2669 698 2723 Ι
725 2679 971 2711 concursus
995 2667 1065 2710 ed.
1161 2671 1214 2709 19
1239 2665 1424 2732 cavebat
1445 2665 1481 2707 L
1506 2666 1639 2709 -bant
1659 2664 1702 2708 R
1724 2680 1819 2708 r=
1837 2665 1872 2708 L

185 2729 359 2769 caveret
389 2725 460 2768 ed.
579 2728 636 2768 20
666 2726 917 2780 fallacibus
947 2727 1078 2770 amis
1108 2724 1207 2779 LR,
1240 2724 1323 2768 sed
1353 2724 1403 2767 in
1433 2723 1624 2780 interpr.
1655 2724 1875 2778 fallacius

185 2785 372 2838 austris,
397 2797 540 2840 quare
571 2783 661 2827 hoc
691 2787 817 2828 recte
847 2785 1027 2842 recepit
1058 2784 1128 2828 ed.
1223 2788 1276 2827 21
1305 2783 1453 2840 possit
1474 2782 1561 2826 LR
1590 2796 1685 2827 non
1710 2798 1757 2839 p.
1783 2783 1871 2838 ed,

187 2843 267 2887 sed
301 2845 436 2900 quasi
464 2843 640 2887 ironice
672 2843 851 2887 dictum
882 2845 966 2887 cst.
1060 2846 1115 2886 25
1149 2843 1350 2899 loquitur
1373 2841 1443 2886 ed.
1461 2843 1580 2898 post.
1675 2846 1730 2885 27
1762 2855 1871 2886 rius-
1939 2845 1975 2896 ἦ

186 2916 322 2958 quam
354 2902 587 2948 amittebat
619 2903 727 2946 ante
757 2901 930 2946 lemma
958 2904 1104 2959 repet.
1130 2901 1219 2945 LR
1248 2915 1336 2945 om.
1363 2901 1434 2945 ed.
1573 2905 1627 2944 28
1660 2901 1872 2945 manibus
1956 2923 1967 2927 -

184 2962 282 3005 suis
311 2960 366 3006 R.
1947 2981 1971 3053 Ji

1942 3053 1967 3070 Υ·

1922 3077 1970 3226 ᾖ
