2014 3226
791 186 1094 233 AENEIDos
1125 190 1167 233 v
1722 196 1822 246 431

145 342 311 374 sumus
352 325 667 372 Dardanidae
716 328 766 372 et
811 328 917 373 iure
964 331 1265 389 pertinemus
1306 331 1368 378 ad
1408 331 1609 379 deorum
1650 349 1829 393 curam,

143 402 318 462 utpote
365 400 608 462 originem
653 399 715 446 ab
756 400 877 460 ipsis
918 400 1147 451 ducentes
1188 407 1237 451 et
1275 421 1443 467 genus.
1522 422 1716 453 annuus
1756 423 1830 454 ea*-

144 475 263 522 actis
310 474 554 533 conpletur
600 474 844 520 mensibus
891 476 1041 530 orbis,
1090 492 1145 523 ex
1186 493 1277 536 quo
1315 480 1548 537 reliquias
1586 482 1831 538 divinique

21 587 23 610 ξ
144 562 255 595 ossa
284 549 511 606 parentis
542 547 844 594 condidimus
876 551 1005 596 terra
1036 555 1334 610 maestasque
1365 555 1668 600 sacravimus
1700 569 1828 601 aras.

99 639 120 670 5
144 623 338 680 viamque
376 622 492 676 dies,
523 623 623 668 m’si
660 620 823 679 fallor,
858 623 1005 676 adest,
1039 639 1176 681 quem
1215 640 1400 684 semper
1438 628 1675 675 acerbum.
1711 642 1829 674 scm·
1862 633 1917 671 50

135 710 230 755 per
275 696 563 742 howoratum
611 693 703 753 (sic
749 695 819 742 da·
867 696 1107 756 voluistis)
1157 699 1358 746 habebo:
1422 716 1599 760 annus,
1653 701 1830 762 inquit,

145 769 473 829 concluditur,
514 785 571 816 ex
610 785 710 830 quo
750 768 973 816 divinum
1012 773 1204 831 patrem
1244 789 1428 833 meum,
1475 774 1567 821 hoc
1607 778 1679 821 est
1719 790 1828 821 con-

146 844 420 891 secratione
468 843 674 906 dignum
719 846 854 890 terra
903 843 1225 892 condidimus.
1303 863 1401 894 non
1442 847 1588 907 dixit,
1636 863 1690 894 ex
1733 864 1828 909 quo

143 919 370 964 mortuus
410 919 485 965 est
522 919 668 978 pater
705 932 868 976 meus,
916 916 999 964 sed
1040 934 1096 965 ex
1146 935 1241 979 quo
1288 923 1420 967 terra
1471 925 1544 968 est
1590 921 1827 969 conditus.

23 984 27 1045 ξ
77 1008 121 1039 10
145 991 237 1038 hoc
291 992 423 1038 enim
476 991 704 1052 intellegi
756 990 923 1052 potius
975 991 1134 1039 voluit
1182 1008 1329 1054 quam
1376 994 1494 1053 dici3
1556 1011 1653 1042 non
1701 995 1828 1042 enim

145 1067 288 1112 vivus
329 1065 472 1112 obrui
510 1065 689 1127 potuit.
757 1067 806 1111 et
847 1065 1082 1125 quoniam
1119 1068 1219 1112 iam
1260 1067 1361 1114 dies
1394 1068 1532 1115 adest
1564 1071 1612 1115 et
1643 1071 1828 1130 quanto

143 1139 303 1186 tristis
342 1141 498 1190 tanto
526 1139 630 1186 suis
671 1138 1098 1187 observationibus
1137 1140 1464 1202 honorandus,
1503 1142 1723 1205 religiosi
1759 1142 1828 1188 fili

145 1227 406 1274 personam
444 1212 640 1259 induxit
679 1212 888 1260 dicentis
928 1230 1074 1275 quem
1114 1229 1303 1275 semper
1343 1215 1592 1274 acerbum,
1638 1231 1830 1277 semper

23 1280 42 1347 g
142 1287 443 1335 honoratum
481 1280 574 1353 (sic
615 1286 687 1332 dii
724 1281 979 1353 voluistis)
1018 1287 1222 1335 habebo.
1301 1289 1508 1349 optabat
1547 1291 1690 1348 enim,
1733 1290 1828 1337 m'si

78 1377 121 1409 15
147 1360 220 1408 dii
258 1360 582 1420 obstitissent,
622 1360 787 1408 officia
824 1362 1029 1422 pietatis
1068 1363 1182 1409 vivo
1220 1364 1386 1423 potius
1426 1362 1647 1410 exhibere
1681 1378 1828 1423 quam

24 1426 29 1450 ³
144 1437 340 1483 mortuo
389 1436 439 1482 et
484 1434 595 1482 ideo
644 1434 707 1482 ad
755 1434 870 1482 deos
918 1435 1036 1482 fecit
1076 1437 1426 1497 apostropham
1468 1451 1576 1483 cum
1616 1436 1828 1497 quadam

144 1507 349 1569 invidia,
389 1524 516 1570 quae
554 1508 748 1556 veniret
787 1525 845 1555 ex
884 1509 1066 1556 dolore.
1129 1509 1315 1557 sciebat
1354 1511 1483 1556 enim
1523 1526 1828 1558 communem

145 1584 366 1631 omnium
419 1582 759 1631 condicionem
815 1599 843 1629 a
890 1583 1224 1644 superioribus
1278 1584 1558 1631 institutam
1612 1584 1827 1645 apertius

145 1658 368 1705 accusari
405 1673 505 1705 non
542 1672 700 1718 posse.
762 1657 970 1718 proinde
1009 1658 1079 1705 sic
1118 1657 1189 1704 dii
1226 1657 1453 1705 voluistis
1492 1674 1589 1705 non
1622 1657 1684 1704 ad
1716 1672 1826 1705 cau-

37 1771 42 1775 ,
77 1746 121 1779 so
144 1746 251 1779 sam
296 1732 457 1792 patris
503 1731 849 1779 tantummodo
897 1747 1069 1779 verum
1109 1733 1260 1779 etiam
1306 1731 1370 1779 ad
1416 1732 1633 1779 omnium
1671 1731 1826 1778 homi-

143 1821 263 1852 num
308 1805 504 1852 rettulit
542 1807 748 1867 sortem,
797 1807 941 1866 quasi
979 1806 1022 1854 si
1062 1805 1246 1852 diceret
1281 1805 1437 1852 feram
1475 1805 1660 1853 invitus
1699 1803 1828 1865 quod

145 1893 427 1942 expugnare
457 1895 558 1927 non
588 1881 745 1942 potui.
809 1895 1002 1940 semper
1033 1878 1277 1939 acerbum,
1309 1895 1499 1940 semper
1533 1879 1828 1926 honoratum

143 1952 278 2014 ideo,
327 1953 445 2014 quia
491 1953 633 2002 dolor
678 1953 838 2001 omnis
893 1968 1092 2001 accessu
1144 1954 1381 2015 temporis
1435 1953 1735 2000 consenescit
1779 1954 1829 1998 et

145 2027 452 2075 sollemnitas
485 2027 644 2075 omnis
677 2027 1004 2075 diuturnitate
1034 2028 1285 2087 tenuatur,
1310 2026 1442 2088 quod
1473 2025 1605 2087 apud
1628 2025 1827 2072 Aenean

78 2117 120 2150 25
144 2116 244 2150 non
278 2101 457 2162 fuerat,
489 2101 623 2163 apud
661 2117 810 2163 quem
847 2101 1010 2149 luctus
1049 2100 1206 2163 patris
1246 2115 1437 2162 semper
1474 2114 1640 2147 recens
1680 2098 1826 2146 offen-

145 2174 355 2223 debatur
393 2177 443 2222 et
480 2191 651 2224 novus.
713 2175 905 2222 interea
943 2175 1190 2222 edicturus
1224 2174 1366 2222 ludos
1397 2173 1476 2221 illi
1505 2173 1638 2235 parti
1668 2171 1827 2234 primo

145 2250 360 2297 occurrit
407 2265 506 2311 qua
542 2251 710 2311 potuit
746 2249 1060 2311 reprehendi,
1099 2250 1177 2311 ut,
1230 2262 1341 2295 cum
1379 2247 1438 2295 de
1476 2249 1634 2294 morte
1671 2244 1826 2308 patris

75 2342 79 2346 ·
143 2326 364 2371 maestus
404 2338 508 2371 esse
549 2323 795 2384 debuerit,
839 2323 964 2371 velit
1000 2321 1168 2384 potius
1206 2321 1340 2370 laeta
1379 2321 1570 2369 sectari.
1644 2319 1825 2368 idcirco

144 2396 273 2445 dixit
311 2413 455 2460 quem
496 2413 690 2460 semper
728 2396 972 2458 acerbum,
1008 2411 1200 2458 semper
1235 2395 1554 2444 honoratum:
1594 2394 1826 2455 quoniam

76 2486 123 2520 so
143 2469 354 2519 feriebat
393 2472 612 2519 animum
654 2473 757 2520 eius
797 2471 939 2520 dolor
977 2485 1035 2518 ex
1073 2484 1222 2518 causa
1260 2471 1311 2517 et
1348 2467 1576 2532 exigebat
1607 2465 1826 2514 defuncti

143 2546 377 2592 meritum
423 2544 851 2594 honorificentiam
897 2559 1050 2593 suam.
1126 2558 1225 2591 11011
1273 2558 1388 2606 ergo
1435 2541 1561 2589 dixit
1604 2541 1822 2587 futuram

266 2706 288 2744 1
316 2682 599 2757 pertinemus
628 2700 716 2744 LR
745 2702 920 2744 temere
949 2699 1064 2742 mut.
1090 2697 1163 2742 ed.
1259 2701 1285 2740 3
1316 2697 1567 2753 conplector
1595 2692 1682 2737 LR
1709 2706 1822 2737 com·

69 2806 71 2810 .
135 2760 294 2815 metm
321 2773 358 2804 r.
490 2765 519 2804 4
550 2765 673 2805 terra
702 2759 791 2802 LR
820 2764 967 2804 terrae
997 2756 1069 2801 ed.
1120 2759 1127 2813 Ι
1181 2761 1438 2812 mactusque
1467 2754 1503 2798 L
1534 2758 1755 2808 metasque
1781 2749 1826 2794 R.

72 2830 74 2833 ’
143 2818 414 2875 meritasque
440 2817 493 2863 τ’.
646 2823 702 2862 16
734 2818 844 2862 deus
873 2817 960 2861 LR
990 2817 1053 2862 ad
1081 2816 1186 2874 deos
1214 2829 1239 2858 r
1266 2828 1351 2860 nos
1383 2827 1469 2859 om.
1495 2811 1566 2856 ed.
1710 2813 1764 2854 18
1794 2823 1826 2853 a

143 2878 398 2934 superiores
426 2879 686 2923 institutam
717 2876 804 2921 LR
834 2890 949 2921 corr.
971 2890 998 2919 r
1027 2890 1083 2920 ac
1110 2875 1349 2931 superiora
1385 2873 1598 2918 instituta
1627 2866 1721 2913 ΗΠ
1750 2866 1822 2912 ed.

207 2941 262 2981 19
292 2938 336 2982 si
364 2937 452 2981 LE.
481 2939 548 2982 sic
576 2952 602 2980 1·
630 2936 704 2982 ed.
811 2940 865 2980 21
899 2936 942 2980 si
971 2948 1059 2979 om.
1085 2933 1158 2979 ed.
1272 2934 1328 2976 23
1358 2930 1627 2977 emem'soet
1654 2927 1692 2972 L
1719 2939 1822 2971 con-

65 2972 73 2976 l
143 3001 335 3041 senescet
362 2995 418 3041 R.
541 2999 598 3040 30
627 2995 780 3040 dolore
809 3009 866 3039 ex
894 2994 944 3038 L.
