2014 3226
805 152 929 195 AEN
933 153 1109 198 EIDOS
1145 154 1182 196 V
1739 162 1845 212 425,

159 291 370 339 aliorum
417 290 542 338 flatu
587 290 790 338 Troiani
838 292 1035 340 liberati
1083 294 1356 342 videantur.
1436 299 1647 358 utraque
1697 301 1849 362 igitur

159 365 401 426 expositio
441 365 592 412 habet
630 366 875 412 rationem
915 382 1076 414 suam:
1117 371 1172 415 ut
1210 370 1310 416 iam
1350 371 1455 431 ipse
1496 371 1662 432 aquilo
1704 389 1847 420 verus

159 438 331 499 fuerit,
384 440 470 499 qui
508 441 675 499 posset
715 438 937 498 quolibet
977 440 1174 501 ducere,
1223 445 1310 490 aut
1349 444 1437 490 sub
1479 446 1724 506 aquilonis
1765 462 1846 493 no-

158 514 290 559 mine
338 512 551 559 alterum
600 511 805 571 diceret,
858 514 942 574 qui
994 515 1286 578 suffragium
1335 518 1637 579 fugientibus
1685 520 1847 566 ferret.

115 604 135 636 5
159 587 280 633 item
332 586 458 633 dixit
504 579 578 651 (4,
614 578 744 651 310)
786 588 867 646 „et
905 588 1079 635 mediis
1119 605 1353 650 properas
1395 592 1708 652 aquilonibus
1747 593 1848 640 ire“

160 662 210 708 et
249 652 345 725 (ge.
378 662 426 719 2,
460 654 590 726 339)
632 658 879 720 „hibernis
918 661 1188 721 parcebant
1226 663 1427 712 flatibus
1475 666 1608 712 euri“
1657 670 1705 713 et
1750 659 1849 730 (ge.

162 735 209 795 3,
237 726 367 799 356)
402 749 625 796 „semper
663 733 909 795 spirantes
949 735 1136 798 frigora
1170 736 1348 797 cauri“,
1381 740 1500 786 item
1535 733 1631 804 (ge.
1653 742 1697 800 2,
1718 738 1846 802 333)

160 823 279 869 „nec
325 809 506 855 metuit
553 809 800 871 surgentis
846 809 1110 869 pampinus
1159 810 1393 858 austros“.
1471 815 1660 860 <moenia
1700 816 1848 874 respi-

160 884 311 938 ciens,
359 897 483 942 qaae
525 884 628 930 iam
666 882 875 940 infelicis
913 883 1110 931 Elissae
1150 886 1393 932 conlucent
1431 888 1666 943 flammis:
1720 887 1851 949 quod

94 975 137 1006 ιο
160 956 289 1004 dixit
333 955 530 1004 moenia
576 956 869 1017 respiciens,
917 959 1005 1003 aut
1051 956 1271 1006 adfectus
1318 959 1413 1006 loci
1452 961 1657 1019 fecerat,
1705 977 1850 1022 quem

160 1030 349 1078 invitus
396 1030 694 1091 reliquerat,
742 1031 830 1076 aut
876 1032 1037 1078 metus
1077 1047 1137 1078 ne
1177 1032 1303 1080 forte
1345 1033 1524 1094 aliquis
1565 1034 1677 1081 inde
1717 1049 1850 1082 secu·

160 1106 303 1152 turus
350 1103 538 1152 fuisset.
618 1103 702 1151 sed
749 1102 867 1150 dum
911 1104 1006 1151 hac
1053 1120 1201 1152 causa
1241 1104 1589 1170 Carthaginem
1636 1109 1851 1170 respicit,

162 1194 314 1239 quam
360 1179 567 1225 intentis
607 1177 787 1224 animis
827 1177 1116 1225 intuebatur
1156 1195 1403 1240 quamque
1442 1181 1736 1228 incolumem
1775 1198 1850 1228 re-

160 1253 393 1314 liquerat,
416 1254 620 1314 repente
645 1251 774 1298 vidit
806 1251 1074 1300 ardentem.
1137 1269 1261 1314 quae
1293 1255 1391 1300 iam
1425 1255 1635 1302 infelicis
1660 1255 1851 1303 Elissae

94 1343 137 1376 15
162 1326 424 1374 conlucent
468 1326 702 1374 fiammis:
765 1325 857 1373 hoc
904 1341 961 1373 ex
1007 1342 1217 1387 persona
1263 1330 1439 1388 poetae
1477 1327 1599 1376 bene
1639 1328 1851 1389 auditur,

164 1400 248 1461 qui
303 1399 489 1448 sciebat
542 1399 671 1447 unde
725 1399 856 1462 ignis
912 1402 1040 1447 esset
1086 1403 1296 1449 exortus.
1373 1401 1501 1448 redit
1547 1402 1610 1448 ad
1655 1402 1851 1449 Aeneae

163 1473 587 1536 Troianorumque
634 1489 920 1535 personam:
983 1489 1105 1533 quac
1151 1478 1338 1522 tantum
1383 1477 1651 1523 accenderit
1693 1478 1851 1535 iymm

162 1562 315 1596 causa
361 1549 497 1596 latet:
551 1563 701 1597 causa
741 1547 942 1596 conflati
988 1548 1204 1596 incendii
1251 1565 1308 1595 ex
1355 1554 1525 1610 aperto
1572 1550 1706 1597 nosci
1753 1565 1851 1597 non

161 1624 373 1686 poterat.
450 1623 567 1670 duri
603 1637 780 1684 mayno
817 1622 903 1669 sed
941 1637 1104 1670 amore
1142 1623 1328 1670 dolores
1364 1624 1552 1683 polluto
1597 1627 1852 1683 notumque

22 1735 24 1737 -
94 1713 139 1746 ιο
160 1697 333 1756 furens
379 1695 499 1756 quid
543 1698 729 1756 femina
766 1698 923 1756 possit
959 1698 1093 1744 triste
1121 1711 1215 1756 per
1253 1698 1516 1756 auyurium
1557 1697 1852 1745 Teucrorum

153 1773 355 1830 pectora
393 1772 599 1819 ducunt:
648 1770 878 1833 intellegi
917 1769 1128 1817 dabatur
1166 1772 1446 1818 coniectura
1486 1773 1711 1818 currente
1749 1786 1851 1818 ma·

161 1844 268 1892 lum
320 1846 473 1894 fuisse
527 1844 767 1907 quicquid
817 1845 951 1907 ignis
998 1844 1298 1892 ostenderet:
1359 1846 1533 1892 notum
1581 1845 1710 1891 enim
1758 1845 1854 1890 fuit

164 1919 400 1981 exemplis
447 1918 737 1968 docentibus
785 1919 906 1981 quid
950 1921 1004 1965 in
1050 1917 1334 1966 huiusmodi
1374 1918 1534 1965 causis
1573 1918 1731 1979 possit
1769 1917 1851 1964 do·

20 2034 24 2053 ί
163 1993 284 2041 loris
333 1993 601 2055 acerbitas,
650 1993 770 2055 quid
816 1992 1072 2040 malefacti
1111 1991 1252 2052 oriri,
1299 2007 1410 2039 cum
1450 2007 1589 2039 amor
1625 1990 1854 2050 laeditur,

97 2082 142 2116 ει
165 2067 289 2129 quid
327 2068 514 2115 femina
552 2069 790 2132 cogitare,
830 2081 944 2114 cum
981 2068 1179 2128 praeter
1208 2065 1467 2113 levitatem
1498 2080 1639 2114 sexus
1671 2066 1853 2113 amoris

162 2141 316 2196 etiam
371 2142 536 2190 furore
590 2141 894 2204 percellitur.
971 2140 1094 2187 haec
1141 2139 1345 2187 Troiani
1399 2140 1673 2202 cogitantes
1723 2136 1853 2201 ignis

165 2216 375 2279 augurio
429 2215 734 2279 colligebant
785 2213 980 2276 aliquid
1032 2213 1153 2262 mali
1207 2213 1259 2260 in
1312 2212 1403 2260 illa
1456 2214 1658 2260 civitate
1714 2212 1853 2259 iuxta

164 2289 376 2349 salutem
422 2289 634 2338 Didonis
680 2304 786 2338 esse
832 2289 1161 2336 commissum.
1239 2285 1500 2335 ordinatur
1548 2300 1716 2334 sensus
1762 2285 1853 2333 sic:

166 2378 292 2424 quae
351 2365 551 2412 tantum
613 2363 893 2412 accenderit
951 2363 1118 2425 ignem
1179 2375 1329 2410 causa
1388 2360 1535 2419 latet,
1596 2358 1682 2407 sed
1741 2357 1854 2406 duri

283 2493 311 2532 4
350 2490 496 2534 dicere
534 2489 620 2533 LR·
659 2489 731 2533 ed.
773 2489 937 2533 diceret
974 2501 1072 2531 nos.
1224 2491 1252 2530 5
1284 2499 1528 2543 prosperas
1564 2483 1649 2527 LR
1687 2495 1800 2527 corr.
1831 2496 1855 2526 r

165 2561 254 2591 om.
288 2547 360 2592 ed.
513 2553 540 2592 6
577 2548 854 2606 sparqebant
889 2559 975 2604 pro
1007 2545 1262 2602 parcebant
1292 2544 1375 2588 LR
1414 2544 1655 2601 spirabant
1692 2541 1763 2586 ed.
1829 2598 1838 2608 ο

166 2610 191 2650 7
222 2620 413 2664 sperans
441 2621 527 2664 pro
557 2609 788 2665 spimntes
816 2605 917 2649 LR.
946 2606 952 2662 Ι
985 2605 1127 2650 ham-i
1147 2603 1236 2648 LR.
1260 2617 1373 2648 corr.
1390 2618 1425 2647 r,
1518 2606 1544 2645 8
1576 2614 1670 2645 non
1698 2603 1857 2645 netum

164 2665 254 2710 ΕΒ.
282 2680 365 2711 nec
386 2667 594 2711 meminit
614 2666 691 2718 ed..
716 2668 723 2723 Ι
743 2677 1012 2723 pompante-3
1034 2663 1084 2707 L.
1189 2667 1215 2707 9
1245 2663 1434 2708 heliseae
1457 2660 1554 2704 LR.
1663 2663 1717 2703 12
1747 2658 1856 2702 haec

165 2739 308 2770 causa
337 2725 425 2769 LR
455 2739 558 2770 corr
593 2740 630 2770 r.
754 2729 811 2769 13
840 2725 1015 2768 intento
1045 2722 1203 2768 animo
1233 2722 1306 2767 ed.
1429 2724 1484 2764 19
1514 2719 1685 2764 doloris
1714 2716 1763 2761 1..
1845 2774 1857 2784 .

166 2788 224 2828 24
253 2785 368 2829 mali
403 2785 580 2840 factm-i
608 2784 647 2828 L
683 2784 810 2829 mala
845 2782 1020 2836 facturi
1049 2781 1093 2825 Β
1130 2782 1243 2827 mali
1278 2781 1490 2836 futurum
1522 2776 1594 2822 ed.
1625 2774 1855 2832 malesco&

164 2843 282 2888 on'ri
310 2857 397 2888 nos
436 2843 495 2888 cf.
529 2849 571 2900 1,
595 2847 697 2888 548.
881 2845 938 2885 25
969 2841 1169 2898 coyitare
1198 2839 1235 2883 L
1266 2838 1348 2884 edI
1385 2838 1599 2896 coyitaret
1627 2834 1669 2879 R
1697 2832 1818 2901 eff..
1842 2833 1851 2892 Ι

158 2907 348 2959 propter
383 2902 474 2947 LR
510 2903 584 2948 ed.
616 2907 802 2960 praeter
838 2913 936 2944 nos.
1102 2902 1158 2943 ‘29
1197 2897 1420 2943 accederet
1456 2894 1544 2940 LR.
1581 2906 1694 2939 corr.
1726 2906 1751 2936 r
1785 2892 1855 2951 (m

163 2960 388 3007 lemmate
415 2964 574 3020 recte).
839 2999 841 3001 .
