2014 3226
199 162 307 214 230
665 161 896 205 DONATI
926 161 989 204 ΙΝ
994 161 1204 204 TERPR.
1239 160 1417 204 VERG.

199 303 458 350 Lacaenae
498 302 776 360 culpatusve
814 301 984 356 Paris,
1026 302 1194 348 divum
1231 302 1547 356 inclementia,
1593 302 1760 348 divum
1798 302 1889 348 has

201 378 364 424 evertit
401 390 511 435 opes
549 376 809 434 sternitque
849 389 880 421 a
918 375 1125 423 culmine
1166 375 1390 422 Troiam:
1428 375 1702 436 propositio
1742 375 1887 423 huius

199 452 272 498 rei
303 451 467 496 fuerat
499 448 789 507 necessaria,
820 450 878 494 ut
915 448 1009 496 hoc
1047 449 1212 509 ipsum
1251 465 1422 495 verum
1463 464 1566 496 esse
1607 448 1887 509 doceretur,

196 524 288 571 hoc
335 523 463 570 enim
512 538 687 585 genere
734 523 901 583 potuit
946 522 1168 569 inhibere
1217 523 1311 569 viri
1358 522 1501 569 fortis
1547 524 1789 583 impetum
1840 525 1891 570 et
1978 521 1983 598 ᾗ

198 598 430 644 incitatos
473 597 661 643 animos
703 597 930 658 frangere
970 597 1142 643 inania
1174 611 1427 657 vacuaque
1461 597 1710 644 sectantis.
1772 597 1889 644 fecit
1934 603 1983 679 ⁵³

196 672 289 717 hoc
328 670 495 718 Venus
537 671 689 717 etiam
727 671 932 731 propter
971 685 1042 731 se,
1082 673 1290 717 noverat
1326 671 1456 716 enim
1489 669 1588 717 dici
1620 670 1714 717 sibi
1745 685 1889 731 posse

197 748 251 790 ut
290 744 410 791 haec
447 745 733 805 pateremur
763 745 819 791 tu
850 743 1026 791 fecisti.
1088 759 1204 807 ergo
1237 760 1336 790 non
1368 745 1600 791 inmerito
1634 743 1758 791 dixit
1790 760 1890 792 non

195 818 289 865 tibi
337 817 633 879 Tyndaridis
681 818 834 865 facies
880 819 1044 866 invisa
1090 817 1346 865 Lacaenae
1394 818 1684 879 culpatusve
1731 818 1887 879 Paris,

196 891 365 938 divum
411 892 750 950 inclementia,
801 891 972 938 divum
1017 892 1106 939 has
1156 893 1336 939 evertit
1382 907 1497 953 opes
1539 893 1812 953 sternitque
1860 908 1889 938 a

196 966 410 1012 cuhnine
451 966 652 1013 Troiam
692 967 756 1026 et,
797 965 915 1027 quia
953 967 1109 1027 ipsius
1148 965 1368 1013 invidiae
1401 966 1479 1013 vel
1511 967 1723 1013 maxime
1757 965 1889 1027 apud
1915 984 1958 1015 ιο

195 1039 354 1086 filium
384 1039 600 1100 pondere
631 1039 963 1101 premebatur,
996 1041 1068 1088 ait
1100 1042 1276 1100 aspice,
1308 1055 1517 1099 namque
1549 1054 1733 1088 omnem
1767 1055 1890 1099 quae

107 1117 192 1158 605
211 1128 340 1160 nunc
387 1113 589 1161 obducta
637 1115 787 1162 tuenti
831 1114 1052 1162 mortalis
1095 1115 1279 1162 hebetat
1322 1115 1458 1161 visus
1505 1114 1589 1161 tibi
1635 1117 1678 1161 et
1721 1114 1893 1162 umida

197 1189 377 1235 circum
431 1188 612 1247 caliyat
658 1189 832 1235 nubem
879 1188 1107 1248 eripiam:
1160 1185 1243 1248 [tu
1288 1203 1448 1247 nequa
1484 1189 1709 1246 parentis
1755 1190 1892 1235 iussa

196 1263 306 1308 time
345 1275 441 1308 neu
470 1264 746 1322 praeceptis
775 1277 957 1321 parcre
995 1260 1196 1323 recusa]
1205 1279 1220 1307 .·
1261 1262 1390 1309 inter
1428 1261 1649 1309 homines
1687 1278 1743 1309 ac
1776 1261 1891 1309 deos

195 1334 411 1382 mediam
449 1336 610 1384 inesse
650 1336 916 1398 caliginem
947 1336 1115 1383 ferunt
1146 1337 1196 1383 et
1226 1336 1459 1383 nebulam
1492 1335 1742 1397 quandam
1778 1350 1891 1384 con·
1918 1351 1959 1385 15

195 1411 410 1456 tractam
457 1425 515 1456 ex
562 1425 731 1457 umore
778 1409 1004 1458 mortalis
1053 1410 1221 1458 oculos
1262 1410 1515 1469 hebetare,
1562 1409 1689 1456 hanc
1729 1426 1778 1458 se
1819 1426 1891 1457 re·

197 1484 446 1530 moturam
486 1482 655 1531 Venus
702 1483 955 1545 promisit,
1003 1486 1060 1530 ut
1110 1483 1279 1531 videre
1318 1483 1511 1531 Aeneas
1552 1486 1720 1544 posset
1759 1483 1894 1545 quod

196 1557 423 1604 omnibus
470 1558 609 1605 nefas
658 1560 733 1605 est
777 1557 974 1605 intueri.
1054 1557 1240 1620 aspice,
1287 1558 1475 1619 inquit,
1527 1560 1576 1604 et
1614 1574 1675 1604 ne
1715 1557 1893 1605 timeas
1964 1555 1990 1612 el

194 1632 330 1678 iussa
361 1633 583 1692 parentis
616 1631 891 1692 observare,
924 1631 1160 1693 quoniam
1191 1631 1317 1679 nihil
1348 1631 1443 1678 tibi
1473 1633 1700 1679 materna
1731 1633 1892 1693 pietas
1959 1608 1983 1702 f

197 1707 501 1752 contrarium
561 1705 699 1755 iubet
753 1708 802 1754 et
855 1707 1132 1768 praeceptis
1195 1706 1440 1769 religiosis
1494 1708 1545 1752 te
1600 1707 1890 1766 commovet,
1915 1712 1982 1786 εορ

198 1779 538 1841 obtemperare
577 1779 830 1828 contende.
906 1781 1003 1836 hie,
1051 1780 1136 1828 ubi
1174 1781 1401 1828 disiectas
1438 1781 1586 1827 moles
1628 1781 1894 1839 avulsaque
1964 1783 1978 1841 'f‘

110 1855 195 1895 610
213 1855 347 1900 saxis
378 1868 503 1901 saxa
533 1854 666 1902 vides
698 1856 935 1914 mixtoque
965 1855 1231 1902 undantem
1253 1855 1456 1914 pulvere
1479 1855 1685 1914 fumum,
1710 1853 1893 1914 Neptu·
1963 1909 1967 1917 ¹
2000 1905 2001 1912 χ

196 1941 291 1974 nus
329 1942 494 1975 muros
531 1942 800 1988 maynoque
840 1932 992 1976 emota
1030 1929 1227 1976 tridenti
1264 1927 1589 1988 fundamenta
1636 1929 1791 1987 quatit
1827 1931 1894 1975 to-
1968 1926 1977 1958 Ὺ

199 2003 389 2061 tamque
428 2016 461 2049 a
498 2002 693 2050 sedibus
731 2002 899 2050 urbe-m
932 2004 1067 2050 eruit.
1129 2002 1206 2050 hic
1236 2003 1367 2050 Iuno
1397 2002 1577 2050 Scaeas
1607 2003 1894 2050 saevissima

189 2077 364 2133 portas
394 2077 566 2134 prima
603 2079 725 2123 tenet
752 2078 1026 2136 sociumque
1056 2078 1227 2136 furens
1259 2091 1292 2124 a
1321 2077 1532 2124 navibus
1563 2091 1735 2136 aymen
1762 2077 1893 2135 ferro
1917 2093 1937 2124 2
1975 2075 1988 2084 ’“

113 2151 197 2192 615
216 2150 432 2196 accincta
462 2153 610 2197 vocat.
662 2151 765 2197 iam
794 2165 1013 2198 summas
1045 2164 1181 2198 arces
1215 2150 1439 2198 Tritonia
1471 2148 1698 2210 (respice)
1723 2149 1895 2197 Pallas
1964 2148 1986 2203 ,η’

199 2223 377 2270 insedit
413 2223 574 2271 nimbo
616 2225 845 2284 effulyens
884 2227 927 2272 et
967 2223 1189 2284 Geryone
1227 2239 1389 2272 saeva.
1465 2225 1570 2284 ipse
1605 2227 1749 2284 pater
1786 2224 1895 2271 Da-
1967 2219 1990 2297 '5

198 2297 311 2344 nais
356 2297 545 2345 animos
591 2299 803 2357 virisque
846 2298 1086 2346 secundas
1122 2298 1331 2357 sufficit,
1380 2299 1481 2358 ipse
1520 2298 1631 2346 deos
1670 2299 1723 2345 in
1760 2297 1895 2345 Dar·
1962 2288 1975 2331 ἶ

199 2370 335 2418 dana
371 2372 574 2419 suscitat
610 2387 777 2419 arma:
817 2387 929 2420 cum
967 2372 1248 2421 ostenderet
1286 2388 1383 2419 non
1425 2370 1635 2420 Graecos
1677 2371 1893 2419 Troiano
1956 2399 1958 2401 -

1984 1395 1989 1434 l

322 2560 344 2598 1
379 2557 676 2612 culpatusque
707 2556 795 2599 LR
825 2556 925 2613 (sed.
955 2555 1080 2600 infra
1112 2558 1200 2613 -ve)
1242 2570 1312 2600 -ve
1343 2571 1366 2598 r
1397 2556 1467 2599 ed.
1527 2558 1532 2611 Ι
1591 2556 1750 2600 divum
1788 2555 1895 2599 incl.
1934 2579 1939 2583 -

200 2613 288 2657 LR
317 2628 470 2659 verum
501 2616 532 2658 i.
567 2615 638 2658 ed.
671 2616 737 2671 (et
767 2614 921 2672 infra).
1079 2620 1105 2660 2
1137 2616 1396 2672 spernitque
1426 2614 1514 2658 LR
1545 2628 1661 2658 corr.
1694 2629 1718 2657 r
1756 2614 1898 2669 (infra.

201 2674 480 2729 eoeternitque
510 2673 628 2730 LR).
782 2679 836 2717 13
867 2680 993 2718 tu—
1011 2679 1067 2718 14
1097 2689 1259 2719 recusa
1297 2675 1429 2717 deest
1469 2673 1518 2717 in
1551 2673 1657 2726 LR,
1700 2674 1782 2716 sed
1821 2687 1897 2718 ex-

201 2731 418 2788 plicatur.
511 2738 565 2777 15
597 2747 732 2777 messe
757 2733 798 2776 R
829 2747 919 2778 esse
949 2748 985 2778 r.
1079 2737 1136 2776 20
1169 2739 1210 2778 et
1234 2747 1387 2789 praec.
1412 2731 1499 2776 LR
1528 2733 1606 2777 sed
1622 2747 1698 2789 pr.
1723 2731 1759 2775 r'
1786 2732 1858 2776 ed.
1886 2730 1893 2789 1

201 2796 243 2834 et
265 2793 499 2836 commovit
521 2791 608 2834 LR
631 2792 796 2848 quibus
819 2798 859 2837 te
882 2797 1128 2837 commonet
1151 2807 1173 2834 r
1197 2793 1439 2849 (adnotato
1465 2791 1514 2834 in
1537 2791 1694 2848 marg.⁴
1708 2793 1896 2847 quaere)

202 2855 243 2894 te
273 2855 512 2895 commovet
541 2863 639 2895 noa
762 2855 816 2895 21
849 2851 1086 2896 contendet
1115 2851 1204 2906 LR
1234 2851 1448 2896 contende
1478 2865 1512 2893 r.
1550 2852 1555 2906 Ι
1598 2850 1831 2895 incubidis
1861 2849 1897 2893 L

202 2909 254 2952 in
285 2910 466 2966 cupidis
495 2909 537 2952 R
565 2910 640 2954 hic
670 2910 752 2954 ubi
782 2910 887 2954 disi.
918 2924 953 2952 r.
1085 2914 1142 2954 24
1173 2915 1307 2954 crunt
1338 2909 1378 2952 R
1409 2909 1528 2954 eruit
1560 2925 1595 2952 r.
1736 2913 1792 2952 27
1826 2910 1897 2954 in-

201 2967 319 3013 sidet
347 2967 446 3013 LR.
477 2969 482 3027 Ι
519 2981 752 3026 emoryone
783 2968 826 3011 R
855 2973 898 3013 et
926 2983 1120 3027 yoryone
1152 2984 1187 3012 r.
1866 2974 1877 2981 “
1946 2979 1947 2982 ’
