2014 3226
205 168 316 220 240
674 167 904 210 DONATI
935 166 1215 210 INTERPR.
1249 167 1429 211 VERG.

206 311 429 356 nostrum
484 308 546 354 ad
592 308 738 368 plura
794 306 1060 368 supplicia,
1116 323 1463 354 aerumnarum
1508 307 1780 355 remedium
1823 310 1896 355 est

207 384 378 430 mortis
419 382 623 429 occasio.
695 383 738 428 si
775 397 891 442 pars
930 382 1030 428 ista
1069 381 1364 443 conplacuit,
1404 382 1558 442 probo
1599 382 1896 429 sententiam

205 459 359 516 tuam,
400 457 442 501 si
481 458 538 501 tu
577 471 773 516 quoque
813 454 1082 515 conprobes
1122 471 1296 502 meam.
1376 458 1428 502 at
1467 455 1510 503 si
1550 455 1741 516 aliquid
1783 471 1894 517 pro-

206 530 338 591 speri
385 544 572 590 speras,
621 531 663 576 si
709 529 944 576 felicioris
991 529 1178 576 reditus
1225 529 1456 576 fiduciam
1504 531 1632 592 geris
1681 531 1731 576 et
1775 530 1895 577 haec

208 619 331 664 quae
370 603 470 650 tuis
509 603 692 650 umeris
734 619 873 650 arma
910 605 1176 664 portantur
1216 603 1451 664 quiddam
1490 603 1607 651 boni
1644 605 1746 651 tuis
1777 604 1894 650 nisi·
1941 620 1961 652 5

204 677 293 723 bus
321 676 578 737 spondent,
601 676 962 738 providendum
987 680 1060 724 est
1088 669 1305 739 primum
1330 679 1388 723 ut
1418 677 1470 723 in
1501 679 1668 724 tutum
1698 677 1894 740 redigas

205 755 337 810 tuos,
385 752 462 810 ut,
511 766 622 797 cum
669 766 887 798 remeare
928 752 1146 812 coeperis
1187 750 1410 811 domum,
1457 754 1717 799 occurrant
1762 751 1894 799 laeto

205 826 412 887 pignera
450 826 560 871 tua:
601 826 839 886 sapientis
880 827 954 872 est
985 825 1119 872 mala
1149 824 1438 886 praevenire
1471 825 1691 885 consilio,
1723 841 1784 872 ne
1816 841 1893 872 ex-

206 899 396 945 oriatur
443 897 580 944 aliud
629 898 759 959 quod
799 902 912 961 post
951 900 1215 946 victoriam
1254 899 1478 962 plangas.
1558 899 1688 961 quod
1729 902 1897 947 autem

204 972 299 1018 duo
346 973 628 1033 proposuit,
674 989 828 1019 unum
875 973 985 1020 vult
1021 972 1151 1033 fieri,
1198 989 1297 1021 non
1337 974 1552 1021 alterum
1590 973 1649 1020 de
1688 973 1894 1034 duobuS‚
1921 992 1963 1024 ιο

205 1046 394 1094 scilicet
432 1048 488 1093 ut
517 1050 796 1094 remaneret
827 1062 937 1094 cum
970 1047 1196 1095 omnibus
1229 1063 1380 1108 quam
1412 1047 1627 1095 dimissis
1660 1047 1724 1095 ad
1754 1063 1894 1109 prae-

204 1121 318 1167 dam
355 1119 650 1181 inprovidus
691 1122 846 1168 exiret
885 1121 948 1168 ad
985 1121 1184 1168 bellum.

320 1195 464 1242 Talia
516 1197 790 1254 vociferans
841 1197 1023 1255 yemitu
1076 1198 1246 1243 tectum
1299 1210 1437 1243 omme
1490 1197 1730 1255 replebat:
1797 1212 1896 1244 non

203 1270 401 1315 tantum
438 1268 640 1316 vocibus
681 1269 873 1317 dolores
907 1285 1022 1317 suos
1053 1285 1225 1317 verum
1258 1269 1408 1317 etiam
1441 1270 1708 1333 gemitibus
1743 1271 1894 1317 testa-

115 1347 200 1387 680
219 1342 380 1390 batur.
458 1358 568 1390 cum
619 1344 776 1390 subito
831 1344 1052 1403 dictuque
1105 1346 1262 1391 oritur
1322 1345 1547 1391 mirabile
1603 1347 1895 1391 monstrum:
1920 1362 1963 1395 15

202 1417 320 1464 talis
374 1419 449 1464 est
502 1417 639 1464 locus
693 1419 788 1465 iste
843 1418 1005 1479 qualis
1060 1419 1134 1465 est
1189 1411 1264 1483 (1,
1301 1411 1429 1484 102)
1478 1418 1630 1478 „talia
1685 1419 1896 1466 iactanti

196 1490 417 1538 stridens
455 1491 689 1552 aquilone
728 1491 948 1553 proceiia
986 1492 1175 1539 velum*
1192 1491 1399 1539 adversa
1437 1492 1556 1539 ferit
1593 1492 1895 1553 fluctumque

204 1565 266 1611 ad
317 1564 480 1613 sidera
533 1563 714 1625 tollit“,
768 1566 891 1612 item
945 1558 1026 1631 (1,
1076 1558 1207 1631 494)
1265 1565 1415 1626 „haec
1469 1565 1586 1612 dum
1639 1565 1895 1614 Dardanio

202 1638 399 1686 Aeneae
444 1638 674 1686 miranda
721 1639 974 1700 videntur,
1025 1639 1138 1686 dum
1189 1640 1356 1702 stupet
1402 1640 1678 1702 obtutuque
1724 1641 1896 1687 haeret
1967 1672 1970 1677 -

204 1711 388 1761 defixus
434 1713 486 1759 in
533 1729 655 1772 uno,
709 1714 883 1776 regina
930 1713 994 1761 ad
1039 1714 1304 1776 templum,
1359 1715 1521 1762 forma
1566 1715 1899 1776 pulcherrima
1922 1732 1969 1765 20

203 1786 333 1835 Dido
395 1786 594 1835 incessit
654 1803 838 1851 magna
898 1789 1135 1836 iuvenum
1195 1788 1414 1850 stipante
1475 1786 1717 1849 caterva⁴‘,
1778 1788 1899 1836 item

205 1853 286 1925 (3,
329 1857 456 1923 344)
505 1862 659 1921 „talia
704 1861 944 1910 fundebat
989 1861 1256 1910 lacrimans
1304 1862 1575 1926 longosque
1631 1862 1791 1910 ciebat
1844 1862 1898 1909 in

203 1949 396 1982 cassum
425 1934 585 1995 fletus,
617 1951 729 1983 cum
759 1950 864 1984 sese
896 1952 926 1984 a
956 1935 1212 1984 moenibus
1244 1937 1388 1984 heros
1420 1935 1693 1984 Priamides
1724 1936 1896 1984 multis

203 2007 419 2056 Helenus
452 2009 807 2058 comitantibus
837 2006 1042 2058 adfe1t“.
1097 2010 1226 2058 hanc
1249 2010 1480 2058 dictionis
1506 2013 1665 2059 artem
1680 2010 1895 2059 docente

202 2081 424 2146 Vergilio
471 2098 614 2131 nosse
661 2089 712 2131 et
756 2083 965 2131 imitari2
992 2083 1238 2132 debemus.
1314 2085 1504 2132 incerta
1552 2086 1684 2132 enim
1731 2086 1782 2132 et
1819 2085 1893 2131 in-
1919 2100 1964 2135 se

204 2158 402 2218 sperata
455 2156 706 2218 loquentis
757 2157 1117 2218 interveniunt,
1171 2173 1271 2206 non
1322 2160 1585 2220 expectant
1630 2158 1894 2207 verborum

202 2229 363 2291 finem,
389 2229 476 2278 sed
506 2231 670 2279 media
701 2233 752 2279 et
780 2233 1056 2293 inperfecta
1083 2233 1349 2294 conloquia
1373 2233 1453 2280 vel
1477 2235 1617 2281 actus
1639 2234 1892 2294 rumpunt.

203 2303 321 2350 dum
365 2303 523 2367 igitur
569 2306 726 2368 gemit
765 2305 969 2366 Creusa,
1015 2306 1134 2354 dum
1173 2306 1378 2367 clamat,
1418 2306 1535 2354 dum
1574 2322 1676 2367 me,
1714 2305 1894 2368 inquit,
1976 2347 1984 2377 ,¹

323 2449 348 2486 3
381 2446 465 2488 etsi
487 2445 805 2502 superscripta
829 2461 861 2489 u
878 2446 913 2489 L
937 2452 990 2490 ut
1011 2447 1127 2491 sitR
1150 2452 1201 2491 at
1222 2449 1266 2491 si
1287 2462 1322 2490 r.
1416 2451 1532 2490 3—4
1550 2461 1717 2504 prospe
1739 2461 1895 2503 speras

202 2503 288 2546 LR
312 2517 583 2562 prosperum
612 2518 678 2560 sp.
710 2520 734 2547 r
765 2505 836 2550 ed.
966 2510 992 2548 ὃ
1025 2506 1214 2562 quidam
1246 2506 1332 2549 LR
1363 2519 1478 2549 corr.
1510 2521 1534 2549 r
1565 2507 1636 2550 ed.
1769 2510 1795 2549 6
1827 2520 1894 2550 re·

201 2563 331 2607 dicas
361 2562 448 2606 LR
477 2563 670 2607 reducas
698 2578 723 2606 1·
752 2565 1038 2622 rediyas-ed.
1148 2569 1172 2608 7
1205 2579 1428 2610 occurran
1458 2565 1544 2608 LR
1576 2579 1689 2609 corr.
1722 2580 1746 2608 r
1777 2565 1848 2609 ed.
1885 2565 1891 2623 J

202 2623 286 2666 leto
317 2621 351 2664 L
385 2623 501 2666 laeto
532 2621 572 2664 R
605 2622 726 2666 laeta
754 2638 779 2665 r
808 2623 960 2668 eo-ed.
1076 2628 1102 2667 8
1134 2638 1215 2669 nec
1245 2624 1332 2668 LR
1363 2639 1418 2668 ne
1447 2639 1473 2668 r
1503 2625 1574 2668 ed.
1692 2628 1755 2668 10.
1779 2625 1896 2668 dua·

202 2682 285 2724 bus
314 2680 402 2724 LR
420 2694 546 2724 corr.
581 2681 652 2724 ed.
778 2686 832 2725 15
862 2684 1005 2734 sabito
1037 2682 1073 2726 L
1103 2684 1249 2739 sopito
1279 2683 1320 2726 R
1357 2684 1558 2728 subitum
1587 2698 1612 2726 1·
1643 2683 1714 2727 ed.
1745 2683 1895 2728 subito

201 2752 299 2783 nos.
423 2744 477 2783 17
509 2741 784 2796 tluetumque
814 2741 902 2784 LR
931 2744 1182 2799 fluctusque
1213 2742 1285 2786 ed.
1319 2743 1390 2800 (ut
1420 2743 1471 2786 in
1499 2743 1552 2798 I).
1662 2747 1738 2786 .21
1770 2743 1893 2786 iuve-

200 2813 313 2843 num
343 2800 396 2843 in
425 2798 514 2842 LR
552 2800 603 2842 at
632 2798 683 2842 in
713 2799 735 2843 1
776 2800 876 2842 sine
915 2802 979 2844 in.
1162 2806 1218 2844 22
1259 2802 1473 2846 lacrimas
1503 2801 1589 2844 LR
1621 2815 1774 2846 -mans
1802 2815 1838 2845 r.
1883 2801 1889 2860 Ι

201 2859 391 2902 eieeebat
419 2858 462 2901 R
492 2858 638 2902 ciebat
667 2873 701 2902 r.
833 2863 888 2902 23
919 2873 1009 2904 esse
1039 2859 1133 2903 LR
1156 2873 1247 2905 sese
1276 2875 1312 2903 r.
1436 2865 1492 2904 24
1523 2861 1676 2915 adfert
1705 2860 1794 2904 LR
1819 2861 1896 2917 (ut

201 2916 252 2959 in
274 2915 354 2973 111)
385 2917 519 2971 offert
541 2917 670 3019 ed.d·
706 2921 762 2960 26
794 2919 1037 2964 inveniunt
1058 2919 1145 2962 LR
1169 2919 1240 2965 ed.
1264 2920 1679 2964 intervenientium
1713 2918 1770 2964 cf.
1789 2923 1830 2974 4,
1849 2923 1891 2964 4.

292 2979 346 3018 27
379 2977 448 3020 vel
477 2989 566 3020 om.
592 2989 619 3020 e
654 3011 663 3019 .
856 3005 859 3007 -
1053 3006 1056 3010 -
1855 2982 1862 2988 ’
