2014 3226
163 173 273 224 494
632 172 862 215 DONATI
896 172 1175 216 INTER-PR.
1210 173 1387 217 VERG.

165 312 392 360 omnibus
431 314 683 375 proximus
732 328 835 360 esse
884 314 1054 375 possit.
1135 317 1177 360 et
1213 315 1480 374 faciemque
1519 314 1635 362 deae
1666 316 1861 362 vestcm-

77 390 163 429 620
181 402 270 446 que
317 389 525 446 reponit,
564 389 621 445 fit
667 387 824 434 Beroe
873 387 1066 434 Tmarii
1112 390 1323 435 coniunoe
1370 388 1604 448 longaeva
1642 388 1860 448 Dorycli,

165 460 274 522 [cui
323 475 477 520 oenus
534 464 575 507 et
635 461 881 520 quondam
934 475 1107 508 nomen
1160 464 1357 521 natique
1410 460 1645 522 fuissent]
1655 479 1670 508 .·
1722 462 1858 509 fraus

166 536 393 597 quaesita
441 537 515 582 est
562 534 623 581 ad
671 534 965 595 fallendum3
1014 536 1056 582 si
1104 536 1234 582 enim
1283 536 1491 582 sciretur
1542 551 1670 596 quae
1717 539 1859 596 esset,

165 609 302 655 nulla
343 625 452 656 eam
492 624 550 655 ex
587 608 930 669 praesentibus
978 609 1174 656 feminis
1216 609 1423 655 audiret.
1500 610 1666 670 posita
1703 611 1860 672 igitur

165 685 299 731 veste
341 698 397 730 ac
437 682 556 730 deae
596 697 806 743 persona
844 683 980 730 facta
1020 685 1094 730 est
1131 682 1309 743 Beroe,
1358 699 1507 744 quam
1553 683 1671 730 illae
1711 699 1856 730 nove-

164 759 279 803 rant
311 772 461 817 quam
486 756 644 803 nobili
669 758 797 803 esset
821 772 879 803 ex
911 772 1102 820 genere,
1136 757 1310 818 quanti
1345 759 1473 804 esset
1503 758 1683 816 meriti,
1717 758 1858 804 cuius

159 846 295 890 uxor,
348 833 650 891 quantorum
696 830 912 878 filiorum
958 833 1140 891 mater,
1197 834 1412 891 quantae
1454 832 1730 892 sapientiae
1770 847 1859 893 per

160 907 397 965 aetatem⁷
446 904 599 967 digna
647 904 782 951 omni
820 904 966 952 modo
1015 920 1141 966 quae
1183 904 1346 951 audiri
1393 904 1613 959 deberet,
1655 906 1698 952 si
1738 905 1858 966 quid

159 979 287 1026 forte
335 978 541 1026 suadere
587 978 841 1026 voluisset.
927 994 984 1027 ae
1034 981 1103 1027 310
1149 979 1506 1027 Dardanidum
1550 979 1763 1026 mediam
1807 993 1858 1026 se

159 1053 399 1100 matribus
437 1054 611 1112 infert:
648 1054 750 1100 iam
790 1069 940 1114 supra
981 1052 1169 1101 dictum
1210 1055 1285 1100 est
1325 1068 1476 1114 quare
1508 1052 1738 1113 mediam,
1777 1052 1856 1100 hic

158 1142 276 1174 vero
316 1126 531 1174 mediam
572 1126 699 1174 dixit
737 1128 883 1188 quasi
913 1128 1210 1188 participem
1243 1141 1434 1188 causae,
1474 1127 1568 1174 hoc
1601 1127 1675 1175 est
1705 1142 1856 1173 unam

159 1217 215 1248 ex
255 1201 355 1247 illis
398 1216 611 1261 quarum
649 1201 748 1248 fuit
785 1203 1030 1249 tractatus
1070 1203 1123 1248 in
1161 1201 1337 1248 medio
1409 1215 1435 1247 o
1473 1203 1694 1256 miserae,
1734 1215 1856 1260 quas

156 1289 254 1322 non
292 1289 486 1331 manus,
525 1277 698 1334 inquit,
729 1274 948 1323 Achaica
992 1276 1110 1323 betto
1150 1277 1354 1323 traxerit
1392 1275 1458 1323 ad
1489 1275 1635 1322 letum
1656 1277 1858 1334 patriae

70 1351 154 1390 625
172 1350 260 1396 sub
300 1350 570 1404 moenibuS,
620 1363 646 1396 o
681 1364 799 1409 qens
837 1350 1033 1409 infelix,
1087 1351 1167 1397 cui
1205 1353 1247 1397 te
1287 1350 1427 1397 exitio
1465 1350 1667 1409 fortuna
1705 1363 1856 1396 reser-

157 1423 271 1471 vat?
310 1425 515 1483 septima
545 1427 661 1484 post
688 1425 862 1472 Troiae
894 1424 1135 1471 excidium
1165 1426 1268 1471 iam
1299 1425 1502 1471 vertitur
1533 1426 1707 1479 aeetae,
1746 1437 1856 1471 cum

155 1498 296 1557 freta,
324 1511 433 1545 cum
457 1500 612 1545 terras
637 1500 807 1554 omnis,
840 1501 905 1544 tot
932 1499 1179 1557 inhospita
1209 1513 1335 1546 saxa
1357 1498 1614 1557 sideraque
1638 1511 1856 1544 emensae

155 1573 378 1631 ferimur,
418 1571 536 1618 dum
565 1586 661 1631 per
697 1587 834 1620 mare
871 1588 1106 1633 maynum
1145 1572 1351 1619 Italiam
1388 1573 1636 1631 sequimur
1665 1573 1854 1633 fuyien-

156 1649 248 1693 tem
288 1649 332 1693 et
367 1646 609 1693 volvimur
647 1647 819 1694 undis.-
872 1649 931 1693 ut
978 1645 1317 1707 evaderemus,
1371 1647 1560 1707 inquit,
1610 1643 1853 1693 Achaicas

156 1735 346 1779 manus,
377 1721 435 1767 ut
464 1721 699 1768 interitus
730 1722 927 1769 nostros
960 1736 1058 1767 non
1082 1719 1273 1768 videret
1298 1720 1462 1780 Troia,
1496 1734 1610 1767 011111
1642 1718 1852 1779 caderet,

155 1795 214 1840 ut
252 1793 442 1842 ossibus
482 1795 666 1842 nostris
708 1810 909 1843 occasus
949 1795 1143 1856 patriae
1183 1810 1282 1842 non
1313 1795 1499 1842 faceret
1531 1794 1853 1855 sepulturam,

156 1882 256 1914 non
294 1868 385 1915 illa
422 1868 638 1917 felicitas
687 1869 808 1929 fuit3
861 1869 1116 1917 aestimari
1161 1868 1254 1916 hoc
1299 1869 1432 1915 inter
1476 1867 1625 1915 initia
1670 1867 1852 1929 potuit,

158 1942 425 2002 antequam
471 1957 561 1990 nos
608 1943 854 1991 malorum
909 1944 1162 2005 congeries
1216 1942 1553 2004 multiplicata
1607 1941 1854 1989 docuisset

156 2014 502 2063 infelicitatem
533 2017 700 2078 potius
734 2032 838 2065 esse
870 2017 1003 2079 quod
1034 2017 1324 2078 superstites
1356 2031 1542 2076 sumus,
1575 2015 1707 2076 quod
1738 2017 1852 2076 post

1905 626 1925 659 5

1883 997 1925 1028 10

1881 1365 1991 1398 15«

1877 1732 1970 1768 20v

156 2090 412 2136 tantorum
451 2091 712 2138 interitum
751 2092 937 2139 civium
975 2090 1147 2152 poenis
1186 2091 1357 2152 potius
1399 2105 1549 2151 quam
1581 2089 1850 2137 commodis
1874 2104 1916 2138 25

155 2177 478 2211 reservamur.
555 2165 905 2228 intellegamus
955 2164 1158 2212 tandem
1209 2165 1342 2226 quod
1395 2165 1528 2211 inter
1577 2163 1724 2210 initia
1775 2164 1849 2209 in-

155 2236 422 2299 prudentes
448 2239 706 2288 omisimus
731 2242 781 2286 et
804 2239 1116 2288 infelicitatis
1146 2241 1346 2287 nostrae
1378 2237 1676 2284 miserabilis
1709 2251 1850 2285 casus

157 2311 363 2358 consilio
427 2314 647 2360 cautiore
707 2315 1000 2373 tractemus3
1064 2313 1280 2360 deterior
1339 2312 1545 2360 miseras
1599 2310 1849 2372 peioribus

155 2384 358 2432 fortuna
421 2387 677 2448 suppliciis
734 2402 926 2449 semper
980 2402 1083 2435 esse
1145 2386 1382 2435 obnoxias
1436 2385 1621 2446 voluit,
1677 2386 1849 2432 contra

1987 2057 2014 2171 *2¹

156 2458 443 2506 certandum
483 2463 570 2521 est,
610 2463 667 2508 ut
704 2461 869 2522 illam,
909 2463 952 2509 si
990 2476 1090 2509 non
1128 2459 1390 2508 resistendi
1430 2459 1732 2519 constantia,
1770 2458 1850 2507 vel
1871 2473 1915 2507 so
1976 2447 1978 2450 ⁵

277 2636 300 2674 1
320 2632 564 2686 promimus
587 2645 677 2676 esse
697 2637 846 2688 posset
861 2631 948 2674 LR
966 2632 1114 2687 possit
1134 2645 1159 2674 r
1182 2645 1215 2675 e.
1228 2645 1302 2687 pr.
1315 2631 1462 2686 possit
1486 2630 1557 2674 ed.
1651 2633 1676 2671 2
1709 2628 1850 2672 marii

154 2689 254 2734 LR.
348 2693 374 2733 3
407 2693 555 2735 cui—
570 2691 766 2746 fuissent
797 2690 930 2734 deest
960 2691 1010 2733 in
1037 2690 1138 2746 LR,
1173 2690 1254 2733 sed
1286 2689 1559 2745 explicatur.
1654 2692 1706 2730 11
1741 2688 1848 2744 post

155 2750 296 2804 infert
334 2762 391 2793 ex
429 2763 555 2805 sequ.
588 2749 745 2794 lemm.
778 2750 962 2794 omisere
999 2763 1114 2806 quos
1145 2749 1252 2794 add.
1284 2748 1392 2804 LR,
1433 2748 1516 2791 sed
1547 2747 1582 2790 L
1623 2745 1848 2803 expunxit

154 2809 256 2866 ipse
286 2821 374 2852 nec
404 2808 582 2854 habent
604 2808 747 2852 HOU
772 2809 842 2852 ed.
937 2813 992 2852 22
1024 2810 1262 2854 aestimari
1284 2807 1369 2850 LR
1392 2807 1541 2851 -anda
1572 2819 1679 2850 cum
1701 2818 1848 2861 prava

155 2867 458 2912 distinctione
491 2869 561 2913 ed.
614 2869 619 2924 Ι
670 2869 831 2925 posuit
859 2867 947 2911 LR
978 2868 1048 2911 ed.
1075 2868 1232 2924 potuit
1261 2880 1358 2910 nos.
1511 2869 1567 2908 25
1607 2863 1848 2908 commodis

154 2927 242 2971 LR
272 2927 476 2972 incomm.
510 2927 581 2970 ed.
691 2931 745 2970 27
780 2927 1018 2971 amisimus
1048 2926 1102 2970 R.
1211 2930 1268 2970 30
1299 2926 1580 2970 constantiae
1611 2923 1697 2966 LR
1730 2922 1800 2967 ed.
1837 2921 1842 2980 Ι

154 2988 222 3031 vel
253 3000 340 3030 om.
367 2986 438 3030 ed.
