2014 3226
791 196 1094 240 AENEIDOS
1127 197 1190 240 111
1735 200 1838 250 311

153 351 279 397 quae
319 337 368 382 in
410 337 577 396 patria
615 337 914 397 interempta
954 339 1029 384 est
1067 354 1223 399 neque
1264 337 1366 386 eius
1405 339 1666 385 interitum
1702 338 1840 387 vidit.

153 410 383 456 hostilem
430 409 494 456 ad
539 410 785 457 tumulum
831 411 965 457 iussa
1013 414 1161 458 mori:
1218 427 1342 472 quae
1391 428 1489 459 non
1536 412 1599 460 ad
1645 412 1840 460 hostilis

153 483 328 530 cubilis
367 484 591 543 iniurias,
632 484 715 532 sed
756 483 818 531 ad
858 485 1173 545 sepulchrum
1214 486 1362 533 ducta
1402 488 1489 533 est.
1552 486 1842 549 intellegen-

153 557 269 604 dum
316 559 390 604 est
428 558 521 604 hoc
566 558 675 605 loco
725 559 863 619 quia,
911 558 1002 606 etsi
1044 560 1204 606 occisa
1245 563 1339 620 est,
1383 575 1471 607 nec
1510 560 1669 621 ipsius
1708 560 1840 608 necis

106 647 126 679 5
153 631 340 679 fructus
372 631 596 692 pervenit
628 631 691 678 ad
722 634 987 691 mortuum,
1013 634 1130 693 quia
1161 634 1286 680 nihil
1318 635 1565 682 exanimes
1598 635 1841 683 sentiunt:

151 705 358 765 proinde
398 708 446 752 et
484 706 576 753 hoc
614 705 845 753 felicitati
886 707 989 753 eius
1031 706 1419 754 adscribendum.
1485 723 1607 767 quae
1644 710 1842 756 sortitus

149 792 247 825 non
276 779 480 838 pertulit
517 780 664 827 ullos:
703 782 758 827 ut
797 779 848 826 in
888 779 1182 827 divisionem
1221 797 1320 828 non
1358 781 1549 829 veniret
1588 798 1676 844 per
1706 781 1838 828 iudi-

150 853 283 900 cium
315 854 461 900 sortis
492 869 582 900 nec
611 855 665 901 in
698 854 911 901 alienam
942 856 1242 915 potestatem
1275 855 1483 903 caderet.
1531 870 1616 903 nec
1646 857 1840 903 victoris

150 928 220 974 eri
267 929 414 987 tetz’yit
459 930 651 987 captiva
698 929 871 976 cubile:
924 929 1247 975 novissimam
1294 931 1462 990 posuit
1509 945 1607 991 qua
1650 946 1838 990 preme-

82 1016 125 1048 10
149 999 297 1047 batur
342 1017 564 1062 causam,
613 1018 710 1063 qua
757 1017 807 1050 se
853 1001 1052 1050 volebat
1099 1002 1323 1050 exolvere
1371 1004 1562 1050 felicem
1610 1003 1838 1052 adserens

150 1090 275 1135 quae
316 1091 414 1122 non
452 1075 629 1123 habuit
667 1075 935 1135 dominum,
969 1092 1093 1137 quae
1130 1077 1440 1140 ingenuitate
1474 1093 1666 1139 quoque
1699 1078 1839 1125 salva

150 1151 198 1194 et
236 1149 527 1212 virginitate
566 1149 799 1212 iugulata
838 1152 925 1198 est.
1004 1151 1227 1211 sequitur
1267 1150 1487 1198 definitio
1533 1151 1591 1198 de
1637 1154 1838 1200 terrori-

147 1221 238 1269 bus
278 1224 555 1271 servitutis:
596 1239 684 1271 nec
723 1225 927 1272 victoris
966 1225 1053 1284 eri,
1084 1227 1141 1271 ut
1178 1226 1285 1286 ipse
1325 1224 1551 1272 dominus
1593 1227 1720 1273 esset
1753 1225 1838 1287 qui

146 1296 434 1344 iamdudum
474 1298 638 1346 fuerat
675 1299 927 1358 inimicus,
973 1298 1145 1362 tetigit
1184 1300 1384 1360 captiva
1424 1298 1597 1360 cubile,
1637 1315 1736 1347 non
1775 1299 1839 1347 ad

79 1387 121 1420 15
146 1370 428 1434 honestam,
476 1372 562 1419 sed
608 1371 671 1419 ad
709 1372 1034 1420 ludibriosam
1073 1374 1448 1420 conventionem
1489 1373 1638 1420 etiam
1677 1374 1838 1421 invita

145 1444 397 1505 perducta.
475 1461 584 1494 ecce
631 1447 735 1509 egit
781 1445 979 1508 oblique
1027 1461 1227 1494 causam
1275 1462 1415 1494 suam
1464 1447 1704 1508 qualitate
1753 1447 1835 1495 ab·

146 1519 310 1566 soluta
355 1520 575 1567 nondum
623 1521 915 1584 contingens
959 1537 1015 1567 ex
1056 1522 1228 1582 aperto
1267 1536 1529 1582 personam
1568 1522 1837 1583 propriam,

145 1592 230 1640 sed
270 1609 327 1641 ea
368 1595 622 1642 occasione
664 1611 761 1656 qua
799 1595 1184 1657 prosperitatem
1222 1595 1451 1643 laudavit
1489 1595 1718 1655 alienam,
1751 1595 1836 1642 ad-

145 1682 308 1715 serens
340 1683 439 1715 non
470 1669 523 1715 in
556 1669 688 1716 facto
722 1684 825 1716 esse
859 1670 1058 1730 crimen,
1091 1668 1178 1716 sed
1207 1670 1261 1715 in
1292 1669 1563 1716 voluntate.
1612 1670 1837 1730 superior

71 1739 120 1789 '20
146 1741 328 1803 quippe
366 1742 523 1790 hostis
564 1759 676 1790 cum
713 1743 820 1790 iure
858 1743 980 1790 belli
1019 1742 1247 1791 dominus
1286 1743 1436 1790 fuerit
1476 1742 1697 1803 effectus,
1736 1758 1836 1791 non

143 1814 331 1862 domini
378 1818 683 1878 aequitatem
729 1817 810 1865 vel
855 1817 977 1865 iusti
1023 1816 1216 1866 servitii
1260 1819 1442 1864 retinet
1480 1817 1703 1878 modum,
1750 1816 1835 1865 sed

142 1890 491 1937 auctoritatem
522 1892 748 1952 sequitur
778 1891 1159 1953 superbiamque
1189 1890 1406 1938 victoris.
1460 1891 1690 1939 conclusa
1721 1906 1835 1938 con·

140 1965 416 2024 parationis
447 1966 606 2026 parte,
638 1981 790 2027 quam
821 1965 881 2012 de
917 1965 1139 2027 exemplo
1178 1964 1385 2028 virginis
1424 1964 1601 2012 habuit
1640 1980 1834 2026 quaque

143 2052 194 2085 se
233 2039 490 2102 purgavit,
529 2038 660 2087 redit
698 2039 762 2087 ad
798 2055 1062 2101 personam
1101 2055 1264 2099 suam,
1302 2041 1360 2086 ut
1397 2040 1653 2101 propriam
1691 2038 1833 2086 fabu-

74 2126 118 2158 25
141 2111 243 2158 lam
279 2113 464 2160 referat
497 2115 867 2176 conparationis
901 2113 1120 2162 eiusdem
1150 2114 1427 2161 intentione
1459 2115 1669 2161 servata.
1730 2127 1820 2160 nos
1837 2115 1923 2156 325

133 2187 307 2245 patria
344 2188 544 2235 incensa
581 2188 777 2236 diversa
804 2202 900 2247 per
938 2201 1150 2246 aequora
1187 2189 1347 2235 vectae
1383 2188 1552 2247 stirpis
1584 2186 1832 2235 Achilleae

140 2259 302 2318 fastus
349 2262 660 2321 iuvenemque
704 2263 972 2322 ,superbum
1018 2261 1211 2308 servitio
1262 2262 1397 2308 enixe
1442 2262 1666 2309 tulimus:
1726 2260 1831 2322 illa,

141 2333 327 2396 inquit,
365 2335 605 2383 incolumi
641 2337 931 2400 virginitate
973 2350 1030 2382 ac
1068 2334 1299 2382 libertate
1337 2336 1557 2384 mactata
1599 2336 1696 2395 est,
1742 2335 1833 2382 ina

141 2408 355 2456 moriens
392 2409 691 2457 incolumem
727 2409 946 2472 patriam
987 2409 1214 2471 reliquit,
1260 2424 1349 2457 nos
1388 2410 1642 2457 incensam
1680 2410 1832 2470 atque

72 2495 119 2528 so
143 2496 202 2528 ex
235 2497 294 2530 ea
325 2498 473 2531 causa
505 2486 863 2546 consumptam.
916 2483 1053 2531 illius
1084 2484 1233 2531 funus
1265 2485 1316 2530 et
1346 2483 1638 2546 sanguinem
1668 2482 1832 2530 solum

15 2545 19 2558 ⁴
140 2556 361 2616 patrium
397 2559 549 2618 tenet,
579 2573 669 2606 nos
707 2574 796 2619 per
834 2557 1052 2606 diversas
1083 2556 1252 2620 pelagi
1281 2557 1440 2619 partis
1472 2571 1639 2605 sumus
1670 2558 1831 2604 trans-

140 2631 370 2690 portatae
414 2632 574 2679 multa
618 2631 890 2680 tolerantes
939 2646 1064 2693 quae
1111 2630 1162 2677 in
1209 2647 1363 2677 unum
1408 2631 1659 2678 hominem
1696 2629 1831 2678 mala

29 2370 35 2390 2

25 2392 38 2435 ,ξ

260 2775 286 2814 3
318 2770 456 2816 ducta
487 2786 533 2817 es
562 2787 597 2816 r.
701 2777 729 2815 4
761 2786 841 2816 nec
870 2772 943 2816 his
971 2771 1058 2815 LR
1087 2771 1211 2816 necis
1241 2786 1264 2814 r
1295 2770 1367 2816 ed.
1473 2774 1497 2814 ’1
1530 2770 1654 2815 ullus
1684 2769 1783 2814 LR.
1819 2770 1826 2828 Ι

138 2829 363 2874 indicium
395 2830 467 2875 ed.
592 2836 644 2874 11
677 2833 851 2876 salvam
881 2830 932 2874 L.
1055 2835 1110 2874 12
1143 2830 1386 2875 detmaris
1407 2828 1495 2874 LR
1525 2829 1580 2873 de
1609 2834 1776 2874 terrore
1806 2843 1831 2872 r

138 2887 195 2932 de
232 2890 479 2934 terroribus
516 2903 600 2934 nos
647 2891 883 2935 deterioris
921 2889 992 2934 ed.
1005 2924 1017 2944 ,
1057 2889 1140 2934 sed
1176 2888 1464 2946 Polyxenam
1508 2888 1558 2932 in
1605 2887 1831 2932 servitute

139 2946 285 2991 fuisse
314 2950 472 3006 negat.
575 2953 630 2992 21
663 2951 846 2994 modum
877 2948 966 2992 LR.
995 2949 1231 2993 dominum
1262 2947 1343 2992 edI
1373 2947 1627 2992 dominium
1657 2945 1767 2991 edF.

140 3010 198 3049 24
227 3007 380 3053 reddit
407 3007 450 3051 R
481 3021 596 3053 corr.
627 3022 664 3052 r.
787 3012 844 3053 80
874 3008 1007 3062 funis
1035 3007 1078 3051 R
1110 3021 1224 3052 corr.
1257 3021 1291 3051 r.
