2014 3226
752 164 1056 215 AENEIDOS
1088 166 1152 209 IV
1698 170 1800 222 381

113 306 341 367 sequitur
387 319 587 351 causam
633 305 1009 364 exprobratione
1056 321 1401 369 personarum,
1448 312 1503 355 ut
1546 308 1805 371 indignum

115 379 310 427 adserat
364 379 565 426 factum.
641 379 848 436 femina,
905 394 1027 436 quae
1080 383 1258 427 nostris
1309 395 1482 428 errans
1527 383 1579 428 ‘in
1625 384 1806 440 simbus

113 453 279 500 urbem
319 453 541 511 exet-quam
569 453 728 510 pretio
759 454 939 510 posuit,
980 454 1057 499 eui
1097 455 1209 500 litas
1241 455 1486 501 arandum
1519 457 1687 514 cuique
1719 457 1806 503 loci

114 526 236 585 leqes
274 526 517 573 dedimus:
555 525 675 572 tulit
714 541 764 573 se
805 542 834 572 a
873 527 1070 574 nomine
1112 531 1161 574 et
1199 527 1443 591 dignitate
1483 545 1721 590 personae
1758 534 1807 577 et

69 617 88 648 5
115 601 187 647 ait
232 600 418 646 femina
466 600 607 661 quasi
655 599 836 646 abiecti
882 616 1037 648 sexus.
1116 617 1232 648 nam
1279 606 1326 648 et
1372 603 1630 650 Terentius
1678 598 1804 660 (1100.

117 676 163 734 2,
200 676 244 734 1,
282 668 372 738 17)
412 673 487 720 ita
526 690 582 720 ex
622 673 846 721 iracundi
886 674 1016 721 senis
1056 690 1267 735 persona
1308 676 1401 723 ait:
1446 679 1547 736 „tu,
1586 679 1806 738 inquam,

113 748 311 807 mulier,
361 763 487 808 quae
534 763 612 795 me
659 749 859 795 omnino
899 747 1138 808 lapidem,
1187 765 1285 797 non
1324 750 1573 797 hominem
1614 751 1805 812 putas‘⁴.

114 821 254 869 addit
293 821 562 869 secundum
602 823 901 869 convicium:
943 838 1067 882 quae
1107 824 1288 870 nostris
1330 839 1496 871 errans
1529 826 1581 871 in
1612 825 1805 882 finibus,

112 895 205 943 hoc
245 898 319 943 est
357 896 620 958 peregrina
660 898 708 943 et
748 911 892 958 vaga,
931 896 1104 943 urbem
1143 897 1371 959 exiguam
1409 898 1569 959 pretio
1619 900 1804 959 posuit:

47 986 90 1018 10
114 985 213 1016 non
254 985 350 1031 quo
390 985 503 1017 vere
544 971 723 1033 exigua
762 970 953 1031 fuisset,
993 970 1079 1016 sed
1117 971 1271 1017 talem
1312 971 1470 1019 dicere
1510 971 1678 1019 debuit
1721 973 1805 1034 qui

113 1043 436 1091 deformantis
476 1043 641 1090 animo
682 1043 990 1105 loquebatur.
1057 1046 1219 1104 pretio
1260 1047 1439 1105 posuit,
1482 1061 1605 1106 quae
1646 1045 1805 1094 adhuc
1852 1035 1854 1037 ’

113 1117 279 1165 sedem
317 1133 416 1164 non
455 1117 726 1176 habuisset,
762 1118 859 1164 nisi
898 1133 989 1180 ego
1030 1119 1076 1164 ei
1115 1120 1346 1180 exiguum
1386 1121 1605 1180 spatium
1638 1120 1805 1167 vendi-

113 1191 309 1251 dissem,
348 1195 403 1238 ut
442 1191 535 1239 hoc
575 1207 752 1255 genere
793 1192 1076 1240 ostenderet
1105 1208 1287 1239 novam
1327 1193 1578 1240 dominam
1617 1193 1804 1241 deferre

27 1318 37 1323 ,
111 1265 389 1327 potioribus
429 1267 479 1312 et
518 1265 846 1329 originalibus
885 1265 1060 1313 incolis
1101 1268 1149 1313 et
1187 1266 1435 1327 prioribus
1476 1266 1804 1327 (1011111115,ᾱο-

46 1356 88 1389 15
112 1340 289 1388 buisse.
380 1341 459 1386 eui
511 1340 633 1387 litus
689 1339 931 1387 arandum
985 1341 1161 1401 cuique
1217 1340 1313 1388 loci
1373 1340 1506 1403 leges
1562 1335 1805 1399 dedimus:

113 1413 303 1473 colona,
335 1414 515 1475 inquit,
546 1416 718 1461 nostra
758 1419 832 1461 est
864 1413 954 1462 sub
986 1414 1169 1461 nostris
1202 1414 1394 1477 legibus
1428 1414 1621 1478 degens.
1685 1415 1805 1462 haec

112 1503 211 1536 non
251 1490 367 1535 sunt
405 1489 572 1535 omnia
610 1504 701 1550 pro
741 1487 871 1534 veris
912 1488 1216 1549 accipienda,
1261 1503 1386 1550 quae
1427 1504 1594 1537 amens
1634 1488 1804 1536 funde-

112 1561 214 1621 bat,
247 1577 373 1623 quae
405 1562 627 1610 iactabat
657 1561 901 1623 inimicus,
936 1577 1062 1623 quae
1094 1561 1341 1610 clamabat
1373 1563 1548 1610 iratus.
1600 1564 1805 1610 conubia

111 1639 280 1683 nostra
326 1637 537 1695 reppulit
579 1651 638 1684 ac
683 1637 933 1684 dominum
970 1634 1174 1684 Aenean
1220 1637 1272 1682 in
1318 1651 1470 1696 reyna
1506 1639 1702 1695 recepe't:
1756 1640 1806 1684 et

35 1708 90 1759 vso
111 1725 435 1771 personarum
482 1713 531 1758 et
577 1711 700 1758 facti
746 1709 1153 1772 conparationem
1198 1710 1383 1758 faciens
1435 1710 1506 1758 ait
1558 1712 1805 1759 recusavit

111 1785 284 1832 nostra
322 1783 555 1832 conubia:
594 1787 766 1832 nostra
805 1784 937 1846 quod
977 1783 1116 1844 dixit,
1154 1784 1207 1830 in
1244 1785 1533 1846 pronomine
1572 1786 1804 1832 meritum

111 1873 351 1919 personae
398 1860 542 1920 quasi
587 1858 806 1906 melioris
853 1861 903 1906 et
955 1857 1249 1920 potentioris
1306 1859 1568 1919 expressit,
1630 1857 1805 1906 deinde

112 1931 311 1980 conubii
365 1933 881 1981 commemorationem
934 1933 1074 1992 fecit,
1128 1934 1185 1979 ut
1232 1931 1512 1980 ostenderet
1557 1933 1610 1978 in
1658 1947 1805 1980 causa

111 2006 320 2054 honesta
349 2006 655 2068 postulatam
687 2007 939 2068 repulsam
969 2007 1220 2054 remittere
1252 2005 1500 2068 maluisse,
1525 2008 1806 2067 susceptum

24 2097 89 2131 ·25
114 2082 282 2128 autem
311 2079 516 2128 Aenean
554 2080 810 2129 dominum
839 2082 1010 2142 potius
1043 2095 1196 2142 quam
1226 2080 1476 2127 maritum.
1536 2078 1683 2127 huius
1722 2078 1804 2127 ob·

112 2155 463 2202 trectationem
508 2154 787 2218 subiungit,
832 2158 889 2202 ut
936 2155 1084 2203 satiet
1129 2152 1480 2216 indignitatem
1525 2153 1647 2201 facti
1695 2168 1805 2201 cum

113 2229 218 2276 eius
265 2227 621 2276 deformatione
670 2245 816 2290 quem
861 2244 912 2276 se
953 2229 1236 2289 contempto
1276 2227 1475 2275 dolebat
1513 2226 1805 2276 admissum:

30 2339 34 2358 2
115 2305 159 2350 et
185 2317 317 2350 nume
345 2302 426 2350 ille
456 2303 627 2351 Paris:
665 2319 755 2365 per
785 2303 1044 2366 originalis
1075 2301 1289 2349 hominis
1321 2300 1572 2348 inlicitum
1602 2301 1790 2349 factum
1806 2304 1892 2344 215

24 2373 30 2429 ,ι’
114 2375 299 2424 crimen
350 2378 610 2425 inventum
664 2379 759 2438 est,
815 2377 953 2425 cuius
1006 2375 1201 2423 Aeneas
1256 2374 1547 2423 adficeretur
1598 2373 1804 2434 invidia,

235 2506 258 2545 1
298 2503 652 2558 approbratione
690 2501 776 2545 LR
821 2502 1026 2559 exprobr.
1059 2515 1143 2544 nos
1190 2501 1520 2558 approbatione
1558 2515 1581 2543 r
1611 2499 1683 2544 ed.

114 2565 142 2604 4
175 2561 284 2619 legis
313 2561 412 2605 LR.
548 2566 574 2606 5
606 2566 648 2606 et
677 2562 922 2606 terrentius
951 2559 1038 2603 LR
1067 2565 1110 2604 et
1139 2573 1228 2604 om.
1254 2560 1325 2604 ed.
1457 2563 1483 2603 8
1515 2559 1701 2604 addidit
1729 2557 1801 2603 011.

36 2664 37 2667 ,
234 2623 260 2663 9
291 2634 469 2678 vayans
499 2620 571 2665 ed.
697 2624 752 2664 10
782 2634 877 2664 non
907 2619 1028 2676 quod
1059 2619 1130 2664 ed.
1164 2621 1236 2676 (ut
1265 2619 1415 2676 solet).
1537 2621 1710 2663 11—12
1741 2616 1805 2661 ad

115 2678 207 2724 duo
242 2681 387 2724 sedem
418 2679 454 2722 L
492 2679 692 2724 alteram
730 2681 760 2724 d
792 2692 893 2735 exp.
926 2691 1048 2723 man.
1073 2677 1117 2722 H
1154 2679 1445 2724 aduossedem
1474 2677 1517 2722 R
1550 2677 1686 2721 aliter
1712 2689 1748 2720 s.
1780 2690 1805 2718 r

114 2738 265 2783 adhue
293 2739 439 2783 sedem
469 2739 542 2783 ed.
649 2743 701 2782 12
733 2752 818 2783 nos
840 2752 944 2796 erqo
967 2736 1054 2780 LR
1077 2736 1149 2781 ed.
1173 2738 1269 2782 nisi
1290 2750 1374 2782 nos
1396 2751 1420 2780 r
1448 2737 1543 2781 nisi
1565 2749 1642 2793 eqo
1665 2747 1765 2778 1105.
1792 2734 1798 2792 Ι

114 2797 326 2855 exiguam
356 2797 406 2842 L.
458 2800 464 2855 Ι
520 2798 819 2843 vindedissem
851 2796 937 2840 LR
970 2796 1332 2842 vmcdedissemus
1359 2810 1384 2840 r
1412 2795 1699 2840 vendidimus
1729 2792 1800 2837 011.

207 2861 262 2900 13
292 2861 347 2900 ut
377 2857 508 2902 deest
538 2857 589 2901 in
611 2856 700 2900 LR
723 2856 829 2909 01111.
853 2871 879 2900 r
901 2855 990 2911 ed.,
1014 2854 1071 2900 cf.
1093 2859 1163 2916 10,
1180 2858 1252 2899 62.
1357 2859 1411 2898 16
1442 2859 1484 2899 et
1512 2853 1596 2899 sub
1620 2851 1706 2896 LR
1728 2851 1800 2896 ed.

114 2919 181 2960 est
207 2929 244 2960 ε.
276 2929 374 2960 1105.
489 2921 545 2960 21
577 2916 702 2961 dixit
729 2915 815 2959 LR
846 2915 918 2960 ait
946 2914 1018 2959 ed.
1126 2918 1182 2958 29
1214 2914 1492 2971 aspiceretur
1522 2910 1608 2956 LR
1637 2910 1802 2966 abjice-

114 2979 242 3020 retur
271 2974 367 3019 edF
398 2975 670 3031 adficeretur
700 2988 798 3019 nos.
