2014 3226
228 153 305 195 xx
885 143 1237 204 ‚PRAEFATIO

228 294 436 339 miratus
478 290 527 335 in
566 289 657 335 hoc
697 302 802 333 sum
840 286 1189 345 antiquitatem
1221 283 1522 330 litterarum:
1565 285 1638 329 est
1671 284 1803 329 enim
1835 299 1912 330 ex-

227 369 395 412 aratus
435 363 615 410 litteris
648 357 1030 422 Longobardis“.
1091 357 1299 404 Antonii
1331 356 1497 402 Petrei
1527 357 1580 402 in
1612 355 1751 403 libris
1784 357 1913 405 hunc

229 439 444 486 codicem
494 437 639 482 fuisse
688 433 888 481 notulae
935 432 1070 477 foliis
1115 434 1137 476 1
1193 433 1241 477 et
1292 431 1393 476 136
1445 429 1664 476 adiectae
1717 430 1913 477 docent:

229 514 315 573 qui
370 512 476 571 quis
532 509 681 556 fuerit
737 509 822 553 aut
878 505 1072 565 quando
1129 505 1308 551 vixerit
1354 502 1566 564 reperire
1614 514 1711 550 non
1759 506 1916 564 potui,

229 587 383 632 civem
425 583 765 630 Florentinum
805 580 958 626 fuisse
999 578 1271 625 Bandinius
1314 576 1542 623 affirmat.
1612 578 1914 636 „vetustissi-

230 675 361 705 mum
419 655 599 703 Donati
661 651 905 700 0011100111ιι
962 652 1240 699 Florentiae
1303 652 1355 697 in
1417 650 1718 698 bibliotheca
1779 651 1914 699 ducis

231 731 457 778 Etruriae
510 745 559 776 se
603 728 783 774 vidisse
824 727 902 773 Fr.
935 725 1329 787 Lindenbrogius
1370 726 1582 771 testatur
1623 717 1690 790 (v.
1718 724 1761 770 d.
1787 724 1916 772 Hoe-

231 822 322 852 ven
363 821 407 864 p.
439 799 517 867 2):
574 802 690 862 quin
730 801 1092 848 Laurentianus
1132 799 1282 845 fuerit
1320 814 1419 845 non
1459 797 1645 846 dubito.
1688 825 1759 830 ——-
1803 813 1916 846 con-

231 879 323 926 tuli
364 877 576 924 codicem
617 875 895 921 Florentiae
937 875 1172 920 autumno
1214 871 1330 919 anni
1374 873 1528 919 1901.

340 951 697 997 Vaticanus
752 948 855 995 cod.
895 948 980 994 lat.
1028 948 1192 1006 1512,
1247 946 1671 1005 membranaceus,
1728 947 1916 993 formae

232 1025 429 1088 grandis
470 1024 628 1083 0‚27O
653 1030 724 1072 ><
750 1023 924 1081 0‚410‚
967 1036 1062 1067 una
1103 1020 1367 1081 eademque
1407 1036 1558 1067 manu
1596 1020 1917 1080 perscriptus,

232 1099 363 1146 foliis
400 1099 500 1143 236
543 1097 621 1143 vel
661 1097 842 1157 potius,
876 1096 993 1155 quia
1024 1094 1427 1141 bibliothecarius
1459 1096 1573 1154 post
1605 1093 1780 1140 folium
1812 1095 1917 1141 179

232 1189 384 1219 unum
430 1186 688 1217 numerare
737 1169 924 1228 omisit,
972 1169 1091 1227 237,
1141 1168 1312 1215 divisis
1352 1167 1403 1213 in
1443 1167 1586 1214 binas
1626 1170 1792 1228 partes
1832 1184 1917 1228 pa-

233 1247 359 1309 ginis
391 1244 542 1291 libros
576 1245 795 1291 continet
826 1242 1085 1288 VI—XII
1118 1244 1167 1288 et
1200 1241 1384 1303 epilogi
1416 1241 1479 1288 ad
1509 1241 1670 1287 filium
1701 1241 1916 1303 initium,

235 1335 264 1366 a
303 1318 462 1366 verbis
504 1319 649 1379 „quia
690 1315 863 1378 quem⁴⁴
877 1311 916 1381 1)
964 1331 1119 1376 usque
1160 1316 1222 1362 ad
1261 1315 1412 1363 verba
1452 1316 1634 1376 „etiam
1681 1316 1735 1362 in
1781 1314 1916 1363 hac“.

233 1394 466 1440 lemmata
492 1391 781 1453 Vergiliana
819 1390 966 1437 rubro
1007 1390 1167 1436 colore
1207 1390 1388 1437 litteris
1420 1388 1698 1446 uncialibus
1732 1390 1921 1450 scripta

234 1469 348 1514 sunt
392 1467 487 1525 ita,
533 1468 590 1512 ut
636 1481 693 1512 ea
736 1466 848 1526 post
887 1464 1320 1524 interpretationes
1359 1465 1412 1510 in
1452 1464 1669 1524 spatium
1708 1478 1919 1511 vacuum

234 1541 419 1587 inserta
466 1554 567 1586 esse
616 1540 867 1599 appareat.
946 1553 1090 1599 saepe
1137 1538 1267 1584 enim
1316 1539 1404 1584 aut
1449 1536 1705 1584 deficiente
1757 1538 1923 1598 spatio

235 1615 286 1660 in
339 1614 612 1676 marginem
666 1611 997 1659 extenduntur
1052 1605 1245 1677 (paucis
1298 1611 1420 1659 locis
1474 1612 1526 1657 in
1577 1612 1802 1673 margine
1846 1612 1920 1658 in-

236 1688 411 1734 feriore
451 1680 767 1751 supplentur)
808 1688 895 1732 aut
934 1687 1198 1746 superante
1235 1685 1554 1732 intervallum
1593 1700 1692 1731 non
1724 1685 1923 1746 explent

236 1761 313 1808 vel
361 1760 608 1807 distractis
655 1760 835 1807 litteris
884 1775 1027 1822 aegre
1069 1761 1325 1820 occupant.
1402 1759 1573 1806 multis
1613 1758 1733 1807 locis
1771 1759 1920 1806 libra-

236 1835 337 1882 rius
399 1835 485 1879 aut
546 1834 780 1881 lemmata
834 1836 942 1880 tota
995 1835 1224 1895 partesve
1278 1848 1446 1880 eorum
1503 1834 1780 1880 atramento
1836 1834 1923 1880 aut

237 1908 668 1968 interpretationes
721 1906 868 1954 rubro
923 1907 1084 1954 colore
1139 1907 1359 1968 scripsit3
1420 1907 1583 1953 rarius
1637 1907 1690 1952 in
1744 1921 1921 1969 genere

237 1981 516 2027 litterarum
556 1982 753 2028 erravit.
816 1983 928 2041 post
960 1981 1196 2028 lemmata
1225 1981 1277 2026 in
1309 1981 1470 2042 primo
1502 1981 1739 2041 cuiusque
1770 1981 1922 2027 inter-

239 2055 531 2116 pretationis
577 2069 720 2102 versu
770 2054 965 2101 easdem
1012 2055 1231 2102 unciales
1277 2053 1472 2101 litteras
1513 2052 1744 2101 adhibere
1783 2054 1922 2114 solet,

239 2127 322 2175 sed
363 2130 565 2187 atratas,
603 2143 700 2175 non
739 2129 986 2175 miniatas.
1055 2129 1107 2174 in
1145 2128 1266 2190 ipsis
1304 2127 1800 2189 interpretationibus
1839 2128 1931 2175 lit-.

239 2203 458 2248 terarum
498 2201 655 2247 forma
695 2204 832 2248 extat
862 2201 1188 2249 Laurentiani
1219 2202 1399 2262 prioris
1440 2194 1508 2266 (v.
1535 2201 1643 2248 coll.
1669 2201 1798 2248 Fior.
1827 2195 1921 2267 37)

240 2274 515 2332 simillima,
560 2289 658 2321 non
704 2275 850 2335 plane
893 2277 1060 2322 tamen
1098 2274 1518 2338 Anglosaxonica,
1567 2275 1650 2322 sed
1693 2274 1926 2323 Carolino-

240 2363 374 2395 more
421 2347 779 2409 quodammodo
825 2351 1120 2410 temperata,
1169 2348 1296 2396 unde
1336 2349 1466 2396 hunc
1506 2364 1702 2410 quoque
1740 2348 1923 2397 librum

239 2421 292 2467 in
347 2420 555 2468 Francia
609 2421 844 2482 scriptum
901 2438 1002 2470 esse
1057 2424 1277 2484 apparet.
1369 2439 1479 2470 eum
1532 2422 1923 2472 vetustissimum

242 2509 344 2542 esse
391 2496 440 2541 et
484 2509 612 2541 nono
660 2496 788 2542 certe
836 2496 1030 2543 saeculo
1078 2495 1451 2543 attribuendum
1501 2497 1599 2544 viri
1651 2495 1924 2544 doctissimi

241 2566 294 2614 P.
327 2567 476 2613 Ehrle
518 2568 794 2627 praefectus
832 2568 1159 2616 bibliothecae
1199 2569 1474 2617 Vaticanae
1513 2573 1563 2618 et
1600 2569 1805 2617 Mercati
1851 2569 1924 2617 bi·
2001 2558 2007 2562 ⁸

242 2639 595 2689 bliothecarius
636 2656 666 2688 a
704 2656 781 2688 me
820 2643 1030 2690 consulti
1071 2637 1266 2690 summo'
1299 2658 1540 2691 consensu
1573 2659 1765 2690 mecum
1795 2643 1923 2691 iudi-

243 2716 490 2762 caverunt.
553 2714 682 2775 sigla
719 2716 770 2762 et
808 2715 1096 2777 compendia
1133 2718 1333 2777 passim,
1365 2718 1561 2764 curtata
1591 2717 1754 2777 verba,
1786 2718 1924 2766 velut

243 2785 387 2847 „cru“
421 2787 469 2846 6,
489 2787 591 2834 248
626 2786 927 2848 ‚‚intermte“‚
963 2790 1009 2848 6,
1029 2790 1149 2848 323,
1182 2790 1376 2851 saepius
1408 2791 1462 2836 in
1492 2789 1741 2838 lemmatis
1774 2806 1930 2852 quamv

363 2942 405 2997 1)
430 2954 510 2996 ,‚q<
537 2944 703 2995 quem“
729 2941 844 2997 cod.,
862 2943 987 2997 quod
1011 2942 1147 3014 Thilo
1172 2943 1202 2986 1.
1221 2957 1257 2987 c.
1277 2943 1398 2987 falso
1424 2957 1574 2998 „quae
1599 2949 1767 3000 quem“
1791 2945 1921 3001 legit.
