<?xml version="1.0" encoding="UTF-8"?>
<!DOCTYPE html PUBLIC "-//W3C//DTD XHTML 1.0 Transitional//EN"
    "http://www.w3.org/TR/xhtml1/DTD/xhtml1-transitional.dtd">
<html xmlns="http://www.w3.org/1999/xhtml" xml:lang="en" lang="en">
 <head>
  <title>
</title>
<meta http-equiv="Content-Type" content="text/html;charset=utf-8" />
  <meta name='ocr-system' content='tesseract 3.04.00' />
  <meta name='ocr-capabilities' content='ocr_page ocr_carea ocr_par ocr_line ocrx_word'/>
</head>
<body>
  <div class='ocr_page' id='page_1' title='image "./interpretationes01donauoft_0379.png"; bbox 0 0 2014 3226; ppageno 0'>
   <div class='ocr_carea' id='block_1_1' title="bbox 758 166 1812 222">
    <p class='ocr_par' dir='ltr' id='par_1_1' title="bbox 758 166 1812 222">
     <span class='ocr_line' id='line_1_1' title="bbox 758 166 1812 222; baseline 0.001 -13"><span class='ocrx_word' id='word_1_1' title='bbox 758 166 1062 210; x_wconf 77' lang='lat' dir='ltr'>AENE1Dos</span> <span class='ocrx_word' id='word_1_2' title='bbox 1094 167 1158 210; x_wconf 89' lang='lat'>111</span> <span class='ocrx_word' id='word_1_3' title='bbox 1705 170 1812 222; x_wconf 75' lang='lat'>329</span> 
     </span>
    </p>
   </div>
   <div class='ocr_carea' id='block_1_2' title="bbox 23 304 1825 2518">
    <p class='ocr_par' dir='ltr' id='par_1_2' title="bbox 115 304 1815 592">
     <span class='ocr_line' id='line_1_2' title="bbox 115 304 1813 369; baseline 0.002 -17"><span class='ocrx_word' id='word_1_4' title='bbox 115 304 311 352; x_wconf 91' lang='lat' dir='ltr'>laudari</span> <span class='ocrx_word' id='word_1_5' title='bbox 343 307 650 365; x_wconf 74' lang='lat' dir='ltr'>commeruit,</span> <span class='ocrx_word' id='word_1_6' title='bbox 683 307 847 353; x_wconf 90' lang='lat' dir='ltr'>cetera</span> <span class='ocrx_word' id='word_1_7' title='bbox 878 308 1191 368; x_wconf 77' lang='lat' dir='ltr'>generaliter.</span> <span class='ocrx_word' id='word_1_8' title='bbox 1255 307 1606 369; x_wconf 69' lang='lat' dir='ltr'>textilibusque</span> <span class='ocrx_word' id='word_1_9' title='bbox 1639 314 1813 357; x_wconf 83' lang='lat' dir='ltr'>onerat</span> 
     </span>
     <span class='ocr_line' id='line_1_3' title="bbox 118 379 1814 444; baseline 0.002 -18"><span class='ocrx_word' id='word_1_10' title='bbox 118 379 258 426; x_wconf 89' lang='lat' dir='ltr'>donis</span> <span class='ocrx_word' id='word_1_11' title='bbox 307 393 363 426; x_wconf 90' lang='lat' dir='ltr'>ac</span> <span class='ocrx_word' id='word_1_12' title='bbox 408 379 534 426; x_wconf 90' lang='lat' dir='ltr'>talia</span> <span class='ocrx_word' id='word_1_13' title='bbox 575 380 732 426; x_wconf 85' lang='lat' dir='ltr'>fatur:</span> <span class='ocrx_word' id='word_1_14' title='bbox 786 380 838 426; x_wconf 91' lang='lat' dir='ltr'>in</span> <span class='ocrx_word' id='word_1_15' title='bbox 877 380 1055 428; x_wconf 84' lang='lat' dir='ltr'>Heleni</span> <span class='ocrx_word' id='word_1_16' title='bbox 1094 384 1237 442; x_wconf 91' lang='lat' dir='ltr'>parte</span> <span class='ocrx_word' id='word_1_17' title='bbox 1277 381 1403 428; x_wconf 83' lang='lat' dir='ltr'>dixit</span> <span class='ocrx_word' id='word_1_18' title='bbox 1442 381 1693 444; x_wconf 86' lang='lat' dir='ltr'>stipatque</span> <span class='ocrx_word' id='word_1_19' title='bbox 1735 399 1814 430; x_wconf 87' lang='lat' dir='ltr'>ca-</span> 
     </span>
     <span class='ocr_line' id='line_1_4' title="bbox 117 452 1815 518; baseline 0.003 -19"><span class='ocrx_word' id='word_1_20' title='bbox 117 452 254 512; x_wconf 88' lang='lat' dir='ltr'>rinis,</span> <span class='ocrx_word' id='word_1_21' title='bbox 294 452 375 499; x_wconf 89' lang='lat' dir='ltr'>hic</span> <span class='ocrx_word' id='word_1_22' title='bbox 415 452 542 500; x_wconf 84' lang='lat' dir='ltr'>dixit</span> <span class='ocrx_word' id='word_1_23' title='bbox 581 455 767 500; x_wconf 89' lang='lat' dir='ltr'>onerat.</span> <span class='ocrx_word' id='word_1_24' title='bbox 845 453 1064 501; x_wconf 84' lang='lat' dir='ltr'>Helenus</span> <span class='ocrx_word' id='word_1_25' title='bbox 1105 455 1257 502; x_wconf 89' lang='lat' dir='ltr'>donat</span> <span class='ocrx_word' id='word_1_26' title='bbox 1296 458 1572 518; x_wconf 86' lang='lat' dir='ltr'>argentum,</span> <span class='ocrx_word' id='word_1_27' title='bbox 1608 455 1815 517; x_wconf 82' lang='lat' dir='ltr'>lebetas,</span> 
     </span>
     <span class='ocr_line' id='line_1_5' title="bbox 118 526 1813 592; baseline 0.003 -19"><span class='ocrx_word' id='word_1_28' title='bbox 118 526 327 590; x_wconf 88' lang='lat' dir='ltr'>galeam,</span> <span class='ocrx_word' id='word_1_29' title='bbox 366 527 586 588; x_wconf 89' lang='lat' dir='ltr'>loricam,</span> <span class='ocrx_word' id='word_1_30' title='bbox 620 542 758 574; x_wconf 88' lang='lat' dir='ltr'>arma</span> <span class='ocrx_word' id='word_1_31' title='bbox 796 530 1020 588; x_wconf 87' lang='lat' dir='ltr'>personis</span> <span class='ocrx_word' id='word_1_32' title='bbox 1063 532 1180 590; x_wconf 92' lang='lat' dir='ltr'>apta</span> <span class='ocrx_word' id='word_1_33' title='bbox 1218 529 1524 587; x_wconf 86' lang='lat' dir='ltr'>fortioribus,</span> <span class='ocrx_word' id='word_1_34' title='bbox 1554 531 1660 591; x_wconf 91' lang='lat' dir='ltr'>ipse</span> <span class='ocrx_word' id='word_1_35' title='bbox 1693 547 1813 592; x_wconf 91' lang='lat' dir='ltr'>quo-</span> 
     </span>
    </p>

    <p class='ocr_par' dir='ltr' id='par_1_3' title="bbox 52 600 1821 1257">
     <span class='ocr_line' id='line_1_6' title="bbox 74 600 1814 664; baseline 0.001 -15"><span class='ocrx_word' id='word_1_36' title='bbox 74 617 93 650; x_wconf 88' lang='lat'><strong>5</strong></span> <span class='ocrx_word' id='word_1_37' title='bbox 119 616 213 661; x_wconf 88' lang='lat' dir='ltr'>que</span> <span class='ocrx_word' id='word_1_38' title='bbox 252 602 330 648; x_wconf 85' lang='lat' dir='ltr'>vir</span> <span class='ocrx_word' id='word_1_39' title='bbox 370 600 536 661; x_wconf 83' lang='lat' dir='ltr'>fortis3</span> <span class='ocrx_word' id='word_1_40' title='bbox 577 603 786 649; x_wconf 85' lang='lat' dir='ltr'>noverat</span> <span class='ocrx_word' id='word_1_41' title='bbox 825 603 957 648; x_wconf 89' lang='lat' dir='ltr'>enim</span> <span class='ocrx_word' id='word_1_42' title='bbox 990 604 1100 663; x_wconf 91' lang='lat' dir='ltr'>quis</span> <span class='ocrx_word' id='word_1_43' title='bbox 1133 604 1213 649; x_wconf 87' lang='lat' dir='ltr'>cui</span> <span class='ocrx_word' id='word_1_44' title='bbox 1245 603 1364 664; x_wconf 87' lang='lat' dir='ltr'>quid</span> <span class='ocrx_word' id='word_1_45' title='bbox 1397 603 1514 650; x_wconf 88' lang='lat' dir='ltr'>dare</span> <span class='ocrx_word' id='word_1_46' title='bbox 1547 604 1814 652; x_wconf 86' lang='lat' dir='ltr'>debuisset.</span> 
     </span>
     <span class='ocr_line' id='line_1_7' title="bbox 118 674 1814 737; baseline 0.002 -15"><span class='ocrx_word' id='word_1_47' title='bbox 118 674 272 722; x_wconf 92' lang='lat' dir='ltr'>donat</span> <span class='ocrx_word' id='word_1_48' title='bbox 311 676 480 722; x_wconf 91' lang='lat' dir='ltr'>autem</span> <span class='ocrx_word' id='word_1_49' title='bbox 519 691 673 737; x_wconf 91' lang='lat' dir='ltr'>puero</span> <span class='ocrx_word' id='word_1_50' title='bbox 713 675 894 723; x_wconf 89' lang='lat' dir='ltr'>mulier</span> <span class='ocrx_word' id='word_1_51' title='bbox 927 677 981 722; x_wconf 91' lang='lat' dir='ltr'>in</span> <span class='ocrx_word' id='word_1_52' title='bbox 1013 677 1231 724; x_wconf 87' lang='lat' dir='ltr'>vestibus</span> <span class='ocrx_word' id='word_1_53' title='bbox 1266 678 1517 726; x_wconf 87' lang='lat' dir='ltr'>universa:</span> <span class='ocrx_word' id='word_1_54' title='bbox 1557 678 1648 725; x_wconf 90' lang='lat' dir='ltr'>hae</span> <span class='ocrx_word' id='word_1_55' title='bbox 1682 680 1814 725; x_wconf 89' lang='lat' dir='ltr'>enim</span> 
     </span>
     <span class='ocr_line' id='line_1_8' title="bbox 118 748 1817 811; baseline 0.002 -15"><span class='ocrx_word' id='word_1_56' title='bbox 118 748 478 796; x_wconf 85' lang='lat' dir='ltr'>conveniebant</span> <span class='ocrx_word' id='word_1_57' title='bbox 509 750 709 810; x_wconf 89' lang='lat' dir='ltr'>utrique</span> <span class='ocrx_word' id='word_1_58' title='bbox 733 764 987 811; x_wconf 89' lang='lat' dir='ltr'>personae.</span> <span class='ocrx_word' id='word_1_59' title='bbox 1037 765 1147 797; x_wconf 90' lang='lat' dir='ltr'>cum</span> <span class='ocrx_word' id='word_1_60' title='bbox 1173 753 1337 798; x_wconf 91' lang='lat' dir='ltr'>autem</span> <span class='ocrx_word' id='word_1_61' title='bbox 1363 751 1560 799; x_wconf 88' lang='lat' dir='ltr'>offerret</span> <span class='ocrx_word' id='word_1_62' title='bbox 1583 752 1817 811; x_wconf 86' lang='lat' dir='ltr'>Ascanio,</span> 
     </span>
     <span class='ocr_line' id='line_1_9' title="bbox 120 821 1813 886; baseline 0.002 -16"><span class='ocrx_word' id='word_1_63' title='bbox 120 821 314 870; x_wconf 86' lang='lat' dir='ltr'>addidit</span> <span class='ocrx_word' id='word_1_64' title='bbox 353 823 506 870; x_wconf 90' lang='lat' dir='ltr'>etiam</span> <span class='ocrx_word' id='word_1_65' title='bbox 547 823 699 871; x_wconf 87' lang='lat' dir='ltr'>verba</span> <span class='ocrx_word' id='word_1_66' title='bbox 737 823 885 884; x_wconf 91' lang='lat' dir='ltr'>plena</span> <span class='ocrx_word' id='word_1_67' title='bbox 923 824 1181 886; x_wconf 85' lang='lat' dir='ltr'>religionis</span> <span class='ocrx_word' id='word_1_68' title='bbox 1223 828 1272 872; x_wconf 92' lang='lat' dir='ltr'>et</span> <span class='ocrx_word' id='word_1_69' title='bbox 1312 841 1437 886; x_wconf 92' lang='lat' dir='ltr'>quae</span> <span class='ocrx_word' id='word_1_70' title='bbox 1478 825 1634 872; x_wconf 87' lang='lat' dir='ltr'>animi</span> <span class='ocrx_word' id='word_1_71' title='bbox 1679 825 1813 873; x_wconf 92' lang='lat' dir='ltr'>beni-</span> 
     </span>
     <span class='ocr_line' id='line_1_10' title="bbox 118 897 1814 961; baseline 0.003 -18"><span class='ocrx_word' id='word_1_72' title='bbox 118 897 393 944; x_wconf 85' lang='lat' dir='ltr'>volentiam</span> <span class='ocrx_word' id='word_1_73' title='bbox 439 898 662 958; x_wconf 85' lang='lat' dir='ltr'>apertius</span> <span class='ocrx_word' id='word_1_74' title='bbox 710 897 1128 959; x_wconf 83' lang='lat' dir='ltr'>demonstrarent,</span> <span class='ocrx_word' id='word_1_75' title='bbox 1175 899 1650 947; x_wconf 85' lang='lat' dir='ltr'>commendationem</span> <span class='ocrx_word' id='word_1_76' title='bbox 1694 916 1814 961; x_wconf 91' lang='lat' dir='ltr'>quo-</span> 
     </span>
     <span class='ocr_line' id='line_1_11' title="bbox 52 970 1818 1035; baseline 0.001 -15"><span class='ocrx_word' id='word_1_77' title='bbox 52 988 96 1020; x_wconf 90' lang='lat'>10</span> <span class='ocrx_word' id='word_1_78' title='bbox 123 986 218 1031; x_wconf 88' lang='lat' dir='ltr'>que</span> <span class='ocrx_word' id='word_1_79' title='bbox 259 970 566 1019; x_wconf 89' lang='lat' dir='ltr'>continentia</span> <span class='ocrx_word' id='word_1_80' title='bbox 606 973 656 1019; x_wconf 89' lang='lat' dir='ltr'>et</span> <span class='ocrx_word' id='word_1_81' title='bbox 695 971 861 1019; x_wconf 91' lang='lat' dir='ltr'>dantis</span> <span class='ocrx_word' id='word_1_82' title='bbox 903 974 952 1019; x_wconf 88' lang='lat' dir='ltr'>et</span> <span class='ocrx_word' id='word_1_83' title='bbox 989 988 1261 1020; x_wconf 88' lang='lat' dir='ltr'>munerum.</span> <span class='ocrx_word' id='word_1_84' title='bbox 1341 974 1515 1032; x_wconf 75' lang='lat' dir='ltr'>accipe,</span> <span class='ocrx_word' id='word_1_85' title='bbox 1553 973 1732 1035; x_wconf 90' lang='lat' dir='ltr'>inquit,</span> <span class='ocrx_word' id='word_1_86' title='bbox 1776 978 1818 1021; x_wconf 72' lang='lat' dir='ltr'>et</span> 
     </span>
     <span class='ocr_line' id='line_1_12' title="bbox 119 1045 1821 1107; baseline 0.002 -16"><span class='ocrx_word' id='word_1_87' title='bbox 119 1045 249 1100; x_wconf 75' lang='lat' dir='ltr'>haec,</span> <span class='ocrx_word' id='word_1_88' title='bbox 281 1060 520 1092; x_wconf 74' lang='lat' dir='ltr'>manuum</span> <span class='ocrx_word' id='word_1_89' title='bbox 559 1046 646 1093; x_wconf 69' lang='lat' dir='ltr'>tibi</span> <span class='ocrx_word' id='word_1_90' title='bbox 684 1060 808 1105; x_wconf 77' lang='lat' dir='ltr'>quac</span> <span class='ocrx_word' id='word_1_91' title='bbox 845 1050 1155 1094; x_wconf 66' lang='lat' dir='ltr'>monumenta</span> <span class='ocrx_word' id='word_1_92' title='bbox 1193 1062 1413 1095; x_wconf 77' lang='lat' dir='ltr'>‘mearum</span> <span class='ocrx_word' id='word_1_93' title='bbox 1451 1049 1562 1103; x_wconf 70' lang='lat' dir='ltr'>sint,</span> <span class='ocrx_word' id='word_1_94' title='bbox 1592 1063 1735 1107; x_wconf 77' lang='lat' dir='ltr'>puer,</span> <span class='ocrx_word' id='word_1_95' title='bbox 1776 1051 1821 1096; x_wconf 75' lang='lat' dir='ltr'>et</span> 
     </span>
     <span class='ocr_line' id='line_1_13' title="bbox 121 1117 1818 1182; baseline 0.002 -17"><span class='ocrx_word' id='word_1_96' title='bbox 121 1119 318 1178; x_wconf 71' lang='lat' dir='ltr'>lonyum</span> <span class='ocrx_word' id='word_1_97' title='bbox 346 1117 723 1167; x_wconf 75' lang='lat' dir='ltr'>Andromachae</span> <span class='ocrx_word' id='word_1_98' title='bbox 753 1122 983 1167; x_wconf 73' lang='lat' dir='ltr'>testentur</span> <span class='ocrx_word' id='word_1_99' title='bbox 1014 1134 1249 1168; x_wconf 80' lang='lat' dir='ltr'>amorem:</span> <span class='ocrx_word' id='word_1_100' title='bbox 1289 1121 1411 1168; x_wconf 88' lang='lat' dir='ltr'>duas</span> <span class='ocrx_word' id='word_1_101' title='bbox 1451 1122 1610 1182; x_wconf 88' lang='lat' dir='ltr'>partis</span> <span class='ocrx_word' id='word_1_102' title='bbox 1649 1139 1818 1169; x_wconf 87' lang='lat' dir='ltr'>mune·</span> 
     </span>
     <span class='ocr_line' id='line_1_14' title="bbox 120 1192 1818 1257; baseline 0.002 -19"><span class='ocrx_word' id='word_1_103' title='bbox 120 1209 228 1239; x_wconf 88' lang='lat' dir='ltr'>rum</span> <span class='ocrx_word' id='word_1_104' title='bbox 269 1192 402 1252; x_wconf 89' lang='lat' dir='ltr'>fecit,</span> <span class='ocrx_word' id='word_1_105' title='bbox 443 1208 595 1240; x_wconf 91' lang='lat' dir='ltr'>unam</span> <span class='ocrx_word' id='word_1_106' title='bbox 637 1209 765 1254; x_wconf 90' lang='lat' dir='ltr'>quae</span> <span class='ocrx_word' id='word_1_107' title='bbox 803 1194 857 1241; x_wconf 92' lang='lat' dir='ltr'>in</span> <span class='ocrx_word' id='word_1_108' title='bbox 896 1194 1116 1256; x_wconf 90' lang='lat' dir='ltr'>antiquis</span> <span class='ocrx_word' id='word_1_109' title='bbox 1158 1194 1332 1256; x_wconf 92' lang='lat' dir='ltr'>opibus</span> <span class='ocrx_word' id='word_1_110' title='bbox 1370 1194 1546 1242; x_wconf 87' lang='lat' dir='ltr'>fuisset</span> <span class='ocrx_word' id='word_1_111' title='bbox 1592 1211 1818 1257; x_wconf 90' lang='lat' dir='ltr'>quaeque</span> 
     </span>
    </p>

    <p class='ocr_par' dir='ltr' id='par_1_4' title="bbox 23 1267 1821 1700">
     <span class='ocr_line' id='line_1_15' title="bbox 23 1267 1818 1330; baseline 0.002 -17"><span class='ocrx_word' id='word_1_112' title='bbox 23 1321 34 1330; x_wconf 48' lang='lat'>‚</span> <span class='ocrx_word' id='word_1_113' title='bbox 121 1268 249 1314; x_wconf 87' lang='lat' dir='ltr'>esset</span> <span class='ocrx_word' id='word_1_114' title='bbox 288 1267 514 1315; x_wconf 88' lang='lat' dir='ltr'>confecta</span> <span class='ocrx_word' id='word_1_115' title='bbox 552 1267 785 1316; x_wconf 90' lang='lat' dir='ltr'>manibus</span> <span class='ocrx_word' id='word_1_116' title='bbox 825 1269 1018 1329; x_wconf 87' lang='lat' dir='ltr'>alienis,</span> <span class='ocrx_word' id='word_1_117' title='bbox 1057 1270 1111 1316; x_wconf 91' lang='lat' dir='ltr'>in</span> <span class='ocrx_word' id='word_1_118' title='bbox 1150 1285 1251 1330; x_wconf 90' lang='lat' dir='ltr'>qua</span> <span class='ocrx_word' id='word_1_119' title='bbox 1292 1269 1512 1330; x_wconf 86' lang='lat' dir='ltr'>chlamys</span> <span class='ocrx_word' id='word_1_120' title='bbox 1554 1271 1664 1317; x_wconf 88' lang='lat' dir='ltr'>auri</span> <span class='ocrx_word' id='word_1_121' title='bbox 1703 1269 1818 1317; x_wconf 89' lang='lat' dir='ltr'>sub-</span> 
     </span>
     <span class='ocr_line' id='line_1_16' title="bbox 54 1341 1818 1405; baseline 0.001 -15"><span class='ocrx_word' id='word_1_122' title='bbox 54 1356 96 1390; x_wconf 84' lang='lat'>15</span> <span class='ocrx_word' id='word_1_123' title='bbox 121 1341 340 1403; x_wconf 89' lang='lat' dir='ltr'>tegmine</span> <span class='ocrx_word' id='word_1_124' title='bbox 394 1342 612 1404; x_wconf 84' lang='lat' dir='ltr'>variata,</span> <span class='ocrx_word' id='word_1_125' title='bbox 669 1342 880 1390; x_wconf 88' lang='lat' dir='ltr'>alteram</span> <span class='ocrx_word' id='word_1_126' title='bbox 935 1358 1061 1404; x_wconf 89' lang='lat' dir='ltr'>quae</span> <span class='ocrx_word' id='word_1_127' title='bbox 1108 1359 1207 1391; x_wconf 94' lang='lat' dir='ltr'>non</span> <span class='ocrx_word' id='word_1_128' title='bbox 1254 1344 1386 1390; x_wconf 90' lang='lat' dir='ltr'>tanti</span> <span class='ocrx_word' id='word_1_129' title='bbox 1431 1344 1580 1405; x_wconf 89' lang='lat' dir='ltr'>pretii</span> <span class='ocrx_word' id='word_1_130' title='bbox 1625 1344 1818 1405; x_wconf 86' lang='lat' dir='ltr'>fuisset,</span> 
     </span>
     <span class='ocr_line' id='line_1_17' title="bbox 121 1415 1821 1481; baseline 0.002 -19"><span class='ocrx_word' id='word_1_131' title='bbox 121 1416 248 1463; x_wconf 91' lang='lat' dir='ltr'>esset</span> <span class='ocrx_word' id='word_1_132' title='bbox 293 1417 463 1463; x_wconf 90' lang='lat' dir='ltr'>tamen</span> <span class='ocrx_word' id='word_1_133' title='bbox 510 1415 739 1464; x_wconf 89' lang='lat' dir='ltr'>manibus</span> <span class='ocrx_word' id='word_1_134' title='bbox 788 1417 1015 1464; x_wconf 87' lang='lat' dir='ltr'>confecta</span> <span class='ocrx_word' id='word_1_135' title='bbox 1061 1417 1334 1480; x_wconf 84' lang='lat' dir='ltr'>largientis.</span> <span class='ocrx_word' id='word_1_136' title='bbox 1413 1432 1524 1465; x_wconf 89' lang='lat' dir='ltr'>cum</span> <span class='ocrx_word' id='word_1_137' title='bbox 1571 1433 1687 1481; x_wconf 90' lang='lat' dir='ltr'>ergo</span> <span class='ocrx_word' id='word_1_138' title='bbox 1727 1417 1821 1466; x_wconf 86' lang='lat' dir='ltr'>has</span> 
     </span>
     <span class='ocr_line' id='line_1_18' title="bbox 121 1490 1817 1553; baseline 0.002 -18"><span class='ocrx_word' id='word_1_139' title='bbox 121 1504 315 1550; x_wconf 89' lang='lat' dir='ltr'>quoque</span> <span class='ocrx_word' id='word_1_140' title='bbox 366 1490 587 1551; x_wconf 90' lang='lat' dir='ltr'>offerret,</span> <span class='ocrx_word' id='word_1_141' title='bbox 635 1491 708 1538; x_wconf 89' lang='lat' dir='ltr'>ait</span> <span class='ocrx_word' id='word_1_142' title='bbox 748 1491 916 1553; x_wconf 87' lang='lat' dir='ltr'>accipe</span> <span class='ocrx_word' id='word_1_143' title='bbox 957 1493 1007 1538; x_wconf 91' lang='lat' dir='ltr'>et</span> <span class='ocrx_word' id='word_1_144' title='bbox 1044 1491 1167 1539; x_wconf 88' lang='lat' dir='ltr'>haec</span> <span class='ocrx_word' id='word_1_145' title='bbox 1204 1491 1298 1539; x_wconf 89' lang='lat' dir='ltr'>hoc</span> <span class='ocrx_word' id='word_1_146' title='bbox 1337 1494 1411 1538; x_wconf 87' lang='lat' dir='ltr'>est</span> <span class='ocrx_word' id='word_1_147' title='bbox 1450 1493 1647 1553; x_wconf 88' lang='lat' dir='ltr'>praeter</span> <span class='ocrx_word' id='word_1_148' title='bbox 1686 1491 1817 1539; x_wconf 87' lang='lat' dir='ltr'>chla-</span> 
     </span>
     <span class='ocr_line' id='line_1_19' title="bbox 119 1562 1821 1627; baseline 0.001 -17"><span class='ocrx_word' id='word_1_149' title='bbox 119 1562 319 1624; x_wconf 85' lang='lat' dir='ltr'>mydem</span> <span class='ocrx_word' id='word_1_150' title='bbox 359 1566 410 1611; x_wconf 90' lang='lat' dir='ltr'>et</span> <span class='ocrx_word' id='word_1_151' title='bbox 446 1564 707 1625; x_wconf 87' lang='lat' dir='ltr'>praedicta</span> <span class='ocrx_word' id='word_1_152' title='bbox 747 1565 915 1627; x_wconf 90' lang='lat' dir='ltr'>accipe</span> <span class='ocrx_word' id='word_1_153' title='bbox 956 1566 1110 1613; x_wconf 90' lang='lat' dir='ltr'>etiam</span> <span class='ocrx_word' id='word_1_154' title='bbox 1147 1565 1271 1613; x_wconf 89' lang='lat' dir='ltr'>haec</span> <span class='ocrx_word' id='word_1_155' title='bbox 1310 1580 1436 1626; x_wconf 90' lang='lat' dir='ltr'>quae</span> <span class='ocrx_word' id='word_1_156' title='bbox 1477 1566 1665 1613; x_wconf 89' lang='lat' dir='ltr'>confeci</span> <span class='ocrx_word' id='word_1_157' title='bbox 1706 1566 1821 1627; x_wconf 88' lang='lat' dir='ltr'>ipsa</span> 
     </span>
     <span class='ocr_line' id='line_1_20' title="bbox 121 1636 1820 1700; baseline 0.002 -17"><span class='ocrx_word' id='word_1_158' title='bbox 121 1636 350 1685; x_wconf 82' lang='lat' dir='ltr'>manibus</span> <span class='ocrx_word' id='word_1_159' title='bbox 396 1639 544 1699; x_wconf 90' lang='lat' dir='ltr'>meis,</span> <span class='ocrx_word' id='word_1_160' title='bbox 590 1640 649 1686; x_wconf 91' lang='lat' dir='ltr'>ut</span> <span class='ocrx_word' id='word_1_161' title='bbox 692 1638 898 1688; x_wconf 89' lang='lat' dir='ltr'>haberet</span> <span class='ocrx_word' id='word_1_162' title='bbox 945 1639 1158 1687; x_wconf 85' lang='lat' dir='ltr'>alterum</span> <span class='ocrx_word' id='word_1_163' title='bbox 1206 1638 1338 1700; x_wconf 91' lang='lat' dir='ltr'>quod</span> <span class='ocrx_word' id='word_1_164' title='bbox 1384 1642 1511 1687; x_wconf 91' lang='lat' dir='ltr'>esset</span> <span class='ocrx_word' id='word_1_165' title='bbox 1549 1641 1603 1686; x_wconf 91' lang='lat' dir='ltr'>in</span> <span class='ocrx_word' id='word_1_166' title='bbox 1641 1639 1820 1700; x_wconf 89' lang='lat' dir='ltr'>pretio,</span> 
     </span>
    </p>

    <p class='ocr_par' dir='ltr' id='par_1_5' title="bbox 53 1711 1822 1998">
     <span class='ocr_line' id='line_1_21' title="bbox 53 1711 1822 1776; baseline 0.002 -19"><span class='ocrx_word' id='word_1_167' title='bbox 53 1726 99 1758; x_wconf 82' lang='lat'>20</span> <span class='ocrx_word' id='word_1_168' title='bbox 123 1711 336 1758; x_wconf 86' lang='lat' dir='ltr'>alterum</span> <span class='ocrx_word' id='word_1_169' title='bbox 376 1712 508 1773; x_wconf 89' lang='lat' dir='ltr'>quod</span> <span class='ocrx_word' id='word_1_170' title='bbox 547 1714 716 1761; x_wconf 87' lang='lat' dir='ltr'>omnia</span> <span class='ocrx_word' id='word_1_171' title='bbox 746 1714 988 1776; x_wconf 88' lang='lat' dir='ltr'>religione</span> <span class='ocrx_word' id='word_1_172' title='bbox 1020 1715 1333 1776; x_wconf 85' lang='lat' dir='ltr'>praeveniret</span> <span class='ocrx_word' id='word_1_173' title='bbox 1363 1729 1452 1760; x_wconf 88' lang='lat' dir='ltr'>nec</span> <span class='ocrx_word' id='word_1_174' title='bbox 1484 1712 1822 1761; x_wconf 85' lang='lat' dir='ltr'>consideraret</span> 
     </span>
     <span class='ocr_line' id='line_1_22' title="bbox 122 1784 1820 1849; baseline 0.001 -17"><span class='ocrx_word' id='word_1_175' title='bbox 122 1784 242 1847; x_wconf 90' lang='lat' dir='ltr'>quid</span> <span class='ocrx_word' id='word_1_176' title='bbox 296 1785 468 1833; x_wconf 89' lang='lat' dir='ltr'>datum</span> <span class='ocrx_word' id='word_1_177' title='bbox 522 1787 795 1849; x_wconf 87' lang='lat' dir='ltr'>videretur,</span> <span class='ocrx_word' id='word_1_178' title='bbox 858 1787 943 1836; x_wconf 89' lang='lat' dir='ltr'>sed</span> <span class='ocrx_word' id='word_1_179' title='bbox 999 1789 1267 1849; x_wconf 88' lang='lat' dir='ltr'>respiceret</span> <span class='ocrx_word' id='word_1_180' title='bbox 1325 1788 1494 1849; x_wconf 92' lang='lat' dir='ltr'>potius</span> <span class='ocrx_word' id='word_1_181' title='bbox 1554 1802 1820 1849; x_wconf 85' lang='lat' dir='ltr'>personam</span> 
     </span>
     <span class='ocr_line' id='line_1_23' title="bbox 122 1858 1822 1910; baseline 0.001 -4"><span class='ocrx_word' id='word_1_182' title='bbox 122 1858 287 1907; x_wconf 88' lang='lat' dir='ltr'>dantis</span> <span class='ocrx_word' id='word_1_183' title='bbox 335 1861 385 1908; x_wconf 89' lang='lat' dir='ltr'>et</span> <span class='ocrx_word' id='word_1_184' title='bbox 432 1859 706 1910; x_wconf 85' lang='lat' dir='ltr'>adfinitatis</span> <span class='ocrx_word' id='word_1_185' title='bbox 755 1861 1016 1910; x_wconf 83' lang='lat' dir='ltr'>adfectum.</span> <span class='ocrx_word' id='word_1_186' title='bbox 1095 1861 1289 1909; x_wconf 91' lang='lat' dir='ltr'>addidit</span> <span class='ocrx_word' id='word_1_187' title='bbox 1327 1860 1670 1910; x_wconf 89' lang='lat' dir='ltr'>Andromache</span> <span class='ocrx_word' id='word_1_188' title='bbox 1710 1875 1822 1909; x_wconf 71' lang='lat' dir='ltr'>con-</span> 
     </span>
     <span class='ocr_line' id='line_1_24' title="bbox 121 1934 1818 1998; baseline 0.001 -17"><span class='ocrx_word' id='word_1_189' title='bbox 121 1935 251 1993; x_wconf 72' lang='lat' dir='ltr'>iuyis</span> <span class='ocrx_word' id='word_1_190' title='bbox 289 1934 574 1990; x_wconf 77' lang='lat' dir='ltr'>Hectoreae,</span> <span class='ocrx_word' id='word_1_191' title='bbox 621 1936 716 1984; x_wconf 92' lang='lat' dir='ltr'>hoc</span> <span class='ocrx_word' id='word_1_192' title='bbox 762 1937 838 1984; x_wconf 90' lang='lat' dir='ltr'>est</span> <span class='ocrx_word' id='word_1_193' title='bbox 884 1936 928 1984; x_wconf 90' lang='lat' dir='ltr'>si</span> <span class='ocrx_word' id='word_1_194' title='bbox 972 1937 1134 1998; x_wconf 90' lang='lat' dir='ltr'>pretio</span> <span class='ocrx_word' id='word_1_195' title='bbox 1182 1951 1273 1984; x_wconf 93' lang='lat' dir='ltr'>suo</span> <span class='ocrx_word' id='word_1_196' title='bbox 1319 1936 1554 1983; x_wconf 89' lang='lat' dir='ltr'>meritum</span> <span class='ocrx_word' id='word_1_197' title='bbox 1598 1935 1731 1998; x_wconf 88' lang='lat' dir='ltr'>apud</span> <span class='ocrx_word' id='word_1_198' title='bbox 1768 1937 1818 1982; x_wconf 92' lang='lat' dir='ltr'>te</span> 
     </span>
    </p>

    <p class='ocr_par' dir='ltr' id='par_1_6' title="bbox 25 2007 1825 2441">
     <span class='ocr_line' id='line_1_25' title="bbox 25 2007 1825 2072; baseline -0.002 -13"><span class='ocrx_word' id='word_1_199' title='bbox 25 2007 35 2059; x_wconf 70' lang='grc' dir='ltr'>’.ζ</span> <span class='ocrx_word' id='word_1_200' title='bbox 122 2008 222 2055; x_wconf 87' lang='lat' dir='ltr'>ista</span> <span class='ocrx_word' id='word_1_201' title='bbox 267 2007 447 2056; x_wconf 90' lang='lat' dir='ltr'>habere</span> <span class='ocrx_word' id='word_1_202' title='bbox 493 2010 832 2072; x_wconf 86' lang='lat' dir='ltr'>nequiverint,</span> <span class='ocrx_word' id='word_1_203' title='bbox 869 2009 1090 2058; x_wconf 89' lang='lat' dir='ltr'>habeant</span> <span class='ocrx_word' id='word_1_204' title='bbox 1127 2010 1326 2070; x_wconf 90' lang='lat' dir='ltr'>saltem,</span> <span class='ocrx_word' id='word_1_205' title='bbox 1366 2008 1499 2071; x_wconf 88' lang='lat' dir='ltr'>quod</span> <span class='ocrx_word' id='word_1_206' title='bbox 1537 2009 1627 2057; x_wconf 88' lang='lat' dir='ltr'>has</span> <span class='ocrx_word' id='word_1_207' title='bbox 1667 2008 1825 2059; x_wconf 85' lang='lat' dir='ltr'>donat</span> 
     </span>
     <span class='ocr_line' id='line_1_26' title="bbox 26 2080 1823 2167; baseline 0.001 -38"><span class='ocrx_word' id='word_1_208' title='bbox 26 2085 99 2150; x_wconf 66' lang='lat'>225</span> <span class='ocrx_word' id='word_1_209' title='bbox 123 2080 492 2144; x_wconf 88' lang='lat' dir='ltr'>Andromache,</span> <span class='ocrx_word' id='word_1_210' title='bbox 538 2099 663 2132; x_wconf 83' lang='lat' dir='ltr'>uxor</span> <span class='ocrx_word' id='word_1_211' title='bbox 707 2083 962 2144; x_wconf 89' lang='lat' dir='ltr'>Hectoris,</span> <span class='ocrx_word' id='word_1_212' title='bbox 1009 2083 1243 2132; x_wconf 88' lang='lat' dir='ltr'>avunculi</span> <span class='ocrx_word' id='word_1_213' title='bbox 1287 2084 1390 2167; x_wconf 71' lang='lat' dir='ltr'>tui,</span> <span class='ocrx_word' id='word_1_214' title='bbox 1442 2083 1591 2131; x_wconf 82' lang='lat' dir='ltr'>huius</span> <span class='ocrx_word' id='word_1_215' title='bbox 1636 2083 1823 2144; x_wconf 87' lang='lat' dir='ltr'>quippe</span> 
     </span>
     <span class='ocr_line' id='line_1_27' title="bbox 26 2156 1823 2220; baseline 0.001 -18"><span class='ocrx_word' id='word_1_216' title='bbox 26 2156 34 2220; x_wconf 60' lang='lat' dir='ltr'><em>J</em></span> <span class='ocrx_word' id='word_1_217' title='bbox 123 2156 502 2205; x_wconf 80' lang='lat' dir='ltr'>necessitudinis</span> <span class='ocrx_word' id='word_1_218' title='bbox 543 2159 1012 2207; x_wconf 89' lang='lat' dir='ltr'>commemoratione</span> <span class='ocrx_word' id='word_1_219' title='bbox 1049 2157 1136 2205; x_wconf 92' lang='lat' dir='ltr'>fiet</span> <span class='ocrx_word' id='word_1_220' title='bbox 1176 2158 1359 2206; x_wconf 85' lang='lat' dir='ltr'>amoris</span> <span class='ocrx_word' id='word_1_221' title='bbox 1390 2158 1552 2206; x_wconf 89' lang='lat' dir='ltr'>nostri</span> <span class='ocrx_word' id='word_1_222' title='bbox 1581 2158 1823 2205; x_wconf 84' lang='lat' dir='ltr'>memoria</span> 
     </span>
     <span class='ocr_line' id='line_1_28' title="bbox 122 2230 1820 2292; baseline -0.001 -14"><span class='ocrx_word' id='word_1_223' title='bbox 122 2230 175 2277; x_wconf 90' lang='lat' dir='ltr'>in</span> <span class='ocrx_word' id='word_1_224' title='bbox 228 2231 330 2279; x_wconf 90' lang='lat' dir='ltr'>tuis</span> <span class='ocrx_word' id='word_1_225' title='bbox 385 2231 609 2280; x_wconf 86' lang='lat' dir='ltr'>sensibus</span> <span class='ocrx_word' id='word_1_226' title='bbox 664 2231 916 2281; x_wconf 88' lang='lat' dir='ltr'>diuturna.</span> <span class='ocrx_word' id='word_1_227' title='bbox 994 2246 1112 2292; x_wconf 79' lang='lat' dir='ltr'>cape</span> <span class='ocrx_word' id='word_1_228' title='bbox 1165 2233 1296 2280; x_wconf 76' lang='lat' dir='ltr'>dona</span> <span class='ocrx_word' id='word_1_229' title='bbox 1347 2234 1558 2280; x_wconf 69' lang='lat' dir='ltr'>extrema</span> <span class='ocrx_word' id='word_1_230' title='bbox 1603 2234 1820 2279; x_wconf 78' lang='lat' dir='ltr'>tuorum:</span> 
     </span>
     <span class='ocr_line' id='line_1_29' title="bbox 123 2302 1820 2368; baseline 0.001 -18"><span class='ocrx_word' id='word_1_231' title='bbox 123 2302 360 2352; x_wconf 89' lang='lat' dir='ltr'>libentius</span> <span class='ocrx_word' id='word_1_232' title='bbox 408 2306 567 2368; x_wconf 91' lang='lat' dir='ltr'>accipi</span> <span class='ocrx_word' id='word_1_233' title='bbox 609 2305 790 2355; x_wconf 90' lang='lat' dir='ltr'>debent</span> <span class='ocrx_word' id='word_1_234' title='bbox 829 2322 956 2368; x_wconf 91' lang='lat' dir='ltr'>quae</span> <span class='ocrx_word' id='word_1_235' title='bbox 994 2305 1090 2354; x_wconf 89' lang='lat' dir='ltr'>tibi</span> <span class='ocrx_word' id='word_1_236' title='bbox 1129 2305 1341 2354; x_wconf 87' lang='lat' dir='ltr'>offerunt</span> <span class='ocrx_word' id='word_1_237' title='bbox 1378 2305 1454 2353; x_wconf 88' lang='lat' dir='ltr'>tui</span> <span class='ocrx_word' id='word_1_238' title='bbox 1493 2304 1644 2352; x_wconf 84' lang='lat' dir='ltr'>dandi</span> <span class='ocrx_word' id='word_1_239' title='bbox 1682 2320 1820 2352; x_wconf 90' lang='lat' dir='ltr'>occa-</span> 
     </span>
     <span class='ocr_line' id='line_1_30' title="bbox 125 2378 1823 2441; baseline 0.001 -16"><span class='ocrx_word' id='word_1_240' title='bbox 125 2378 312 2426; x_wconf 88' lang='lat' dir='ltr'>sionem</span> <span class='ocrx_word' id='word_1_241' title='bbox 345 2379 498 2427; x_wconf 89' lang='lat' dir='ltr'>aliam</span> <span class='ocrx_word' id='word_1_242' title='bbox 528 2396 629 2428; x_wconf 91' lang='lat' dir='ltr'>non</span> <span class='ocrx_word' id='word_1_243' title='bbox 659 2379 895 2429; x_wconf 91' lang='lat' dir='ltr'>habituri.</span> <span class='ocrx_word' id='word_1_244' title='bbox 945 2396 1184 2429; x_wconf 90' lang='lat' dir='ltr'>manuum</span> <span class='ocrx_word' id='word_1_245' title='bbox 1214 2379 1310 2427; x_wconf 91' lang='lat' dir='ltr'>tibi</span> <span class='ocrx_word' id='word_1_246' title='bbox 1342 2394 1469 2441; x_wconf 85' lang='lat' dir='ltr'>quae</span> <span class='ocrx_word' id='word_1_247' title='bbox 1499 2381 1823 2427; x_wconf 85' lang='lat' dir='ltr'>monumenta</span> 
     </span>
    </p>

    <p class='ocr_par' dir='ltr' id='par_1_7' title="bbox 56 2452 1823 2518">
     <span class='ocr_line' id='line_1_31' title="bbox 56 2452 1823 2518; baseline -0.001 -18"><span class='ocrx_word' id='word_1_248' title='bbox 56 2467 102 2500; x_wconf 74' lang='lat' dir='ltr'>ao</span> <span class='ocrx_word' id='word_1_249' title='bbox 123 2467 347 2500; x_wconf 89' lang='lat' dir='ltr'>mearum</span> <span class='ocrx_word' id='word_1_250' title='bbox 401 2454 522 2515; x_wconf 88' lang='lat' dir='ltr'>sint,</span> <span class='ocrx_word' id='word_1_251' title='bbox 575 2470 721 2516; x_wconf 90' lang='lat' dir='ltr'>puer,</span> <span class='ocrx_word' id='word_1_252' title='bbox 776 2457 827 2503; x_wconf 91' lang='lat' dir='ltr'>et</span> <span class='ocrx_word' id='word_1_253' title='bbox 878 2455 1083 2518; x_wconf 90' lang='lat' dir='ltr'>longum</span> <span class='ocrx_word' id='word_1_254' title='bbox 1137 2452 1514 2502; x_wconf 83' lang='lat' dir='ltr'>Andromachae</span> <span class='ocrx_word' id='word_1_255' title='bbox 1573 2454 1823 2501; x_wconf 86' lang='lat' dir='ltr'>testentur</span> 
     </span>
    </p>
   </div>
   <div class='ocr_carea' id='block_1_3' title="bbox 122 2559 480 2567">
    <p class='ocr_par' dir='ltr' id='par_1_8' title="bbox 122 2559 480 2567">
     <span class='ocr_line' id='line_1_32' title="bbox 122 2559 480 2567; baseline 0 659"><span class='ocrx_word' id='word_1_256' title='bbox 122 2559 480 2567; x_wconf 95' lang='lat' dir='ltr'> </span> 
     </span>
    </p>
   </div>
   <div class='ocr_carea' id='block_1_4' title="bbox 123 2623 1820 2741">
    <p class='ocr_par' dir='ltr' id='par_1_9' title="bbox 127 2623 1820 2741">
     <span class='ocr_line' id='line_1_33' title="bbox 245 2623 1820 2670; baseline -0.001 -3"><span class='ocrx_word' id='word_1_257' title='bbox 245 2628 268 2667; x_wconf 93' lang='lat'>1</span> <span class='ocrx_word' id='word_1_258' title='bbox 304 2623 494 2668; x_wconf 71' lang='lat' dir='ltr'>laudari</span> <span class='ocrx_word' id='word_1_259' title='bbox 523 2625 887 2670; x_wconf 82' lang='lat' dir='ltr'>commemoravit</span> <span class='ocrx_word' id='word_1_260' title='bbox 914 2623 1002 2667; x_wconf 82' lang='lat' dir='ltr'>LR</span> <span class='ocrx_word' id='word_1_261' title='bbox 1034 2624 1257 2668; x_wconf 75' lang='lat' dir='ltr'>laudatur</span> <span class='ocrx_word' id='word_1_262' title='bbox 1286 2637 1322 2668; x_wconf 89' lang='lat' dir='ltr'>c.</span> <span class='ocrx_word' id='word_1_263' title='bbox 1354 2638 1378 2667; x_wconf 88' lang='grc'>1·</span> <span class='ocrx_word' id='word_1_264' title='bbox 1416 2623 1607 2668; x_wconf 78' lang='lat' dir='ltr'>laudari</span> <span class='ocrx_word' id='word_1_265' title='bbox 1635 2635 1820 2667; x_wconf 82' lang='lat' dir='ltr'>comme-</span> 
     </span>
     <span class='ocr_line' id='line_1_34' title="bbox 123 2680 1728 2741; baseline -0.001 -14.995"><span class='ocrx_word' id='word_1_266' title='bbox 123 2682 221 2726; x_wconf 70' lang='lat' dir='ltr'>ruit</span> <span class='ocrx_word' id='word_1_267' title='bbox 258 2695 343 2726; x_wconf 84' lang='grc'><strong>1108</strong></span> <span class='ocrx_word' id='word_1_268' title='bbox 383 2681 441 2727; x_wconf 87' lang='lat' dir='ltr'>cf.</span> <span class='ocrx_word' id='word_1_269' title='bbox 475 2687 576 2727; x_wconf 92' lang='grc'>606.</span> <span class='ocrx_word' id='word_1_270' title='bbox 742 2689 767 2728; x_wconf 84' lang='grc'>5</span> <span class='ocrx_word' id='word_1_271' title='bbox 801 2684 903 2741; x_wconf 77' lang='lat' dir='ltr'>quis</span> <span class='ocrx_word' id='word_1_272' title='bbox 932 2683 1009 2727; x_wconf 82' lang='lat' dir='ltr'>cui</span> <span class='ocrx_word' id='word_1_273' title='bbox 1039 2682 1152 2739; x_wconf 79' lang='lat' dir='ltr'>quid</span> <span class='ocrx_word' id='word_1_274' title='bbox 1182 2682 1270 2726; x_wconf 79' lang='lat' dir='ltr'>LR</span> <span class='ocrx_word' id='word_1_275' title='bbox 1307 2683 1429 2740; x_wconf 77' lang='lat' dir='ltr'>quod</span> <span class='ocrx_word' id='word_1_276' title='bbox 1465 2683 1626 2738; x_wconf 77' lang='lat' dir='ltr'>cuique</span> <span class='ocrx_word' id='word_1_277' title='bbox 1657 2680 1728 2725; x_wconf 89' lang='lat' dir='ltr'>ed.</span> 
     </span>
    </p>
   </div>
   <div class='ocr_carea' id='block_1_5' title="bbox 123 2739 1823 3023">
    <p class='ocr_par' dir='ltr' id='par_1_10' title="bbox 124 2739 1823 2906">
     <span class='ocr_line' id='line_1_35' title="bbox 126 2739 1822 2788; baseline -0.001 -3"><span class='ocrx_word' id='word_1_278' title='bbox 126 2744 152 2784; x_wconf 87' lang='grc'><strong>6</strong></span> <span class='ocrx_word' id='word_1_279' title='bbox 182 2741 293 2786; x_wconf 79' lang='lat' dir='ltr'>haec</span> <span class='ocrx_word' id='word_1_280' title='bbox 314 2741 403 2786; x_wconf 87' lang='lat' dir='ltr'>LR</span> <span class='ocrx_word' id='word_1_281' title='bbox 425 2742 497 2787; x_wconf 83' lang='lat' dir='ltr'>ed.</span> <span class='ocrx_word' id='word_1_282' title='bbox 521 2743 607 2788; x_wconf 79' lang='lat' dir='ltr'>hae</span> <span class='ocrx_word' id='word_1_283' title='bbox 636 2756 735 2787; x_wconf 85' lang='grc'><strong>1108.</strong></span> <span class='ocrx_word' id='word_1_284' title='bbox 830 2747 854 2787; x_wconf 82' lang='grc'>’1</span> <span class='ocrx_word' id='word_1_285' title='bbox 886 2743 1179 2787; x_wconf 75' lang='lat' dir='ltr'>conveniebat</span> <span class='ocrx_word' id='word_1_286' title='bbox 1201 2741 1288 2786; x_wconf 81' lang='lat' dir='ltr'>LR</span> <span class='ocrx_word' id='word_1_287' title='bbox 1310 2742 1444 2786; x_wconf 79' lang='lat' dir='ltr'>-bant</span> <span class='ocrx_word' id='word_1_288' title='bbox 1473 2741 1546 2786; x_wconf 89' lang='lat' dir='ltr'>ed.</span> <span class='ocrx_word' id='word_1_289' title='bbox 1640 2744 1695 2784; x_wconf 78' lang='lat'>12</span> <span class='ocrx_word' id='word_1_290' title='bbox 1719 2739 1822 2783; x_wconf 76' lang='lat' dir='ltr'>An-</span> 
     </span>
     <span class='ocr_line' id='line_1_36' title="bbox 124 2799 1823 2859; baseline -0.001 -15"><span class='ocrx_word' id='word_1_291' title='bbox 124 2801 364 2846; x_wconf 79' lang='lat' dir='ltr'>dromache</span> <span class='ocrx_word' id='word_1_292' title='bbox 393 2801 466 2846; x_wconf 87' lang='lat' dir='ltr'>ed</span> <span class='ocrx_word' id='word_1_293' title='bbox 499 2815 564 2847; x_wconf 82' lang='lat' dir='ltr'>-es</span> <span class='ocrx_word' id='word_1_294' title='bbox 595 2801 668 2846; x_wconf 89' lang='lat' dir='ltr'>ed.</span> <span class='ocrx_word' id='word_1_295' title='bbox 698 2802 821 2859; x_wconf 78' lang='lat' dir='ltr'>p.ost</span> <span class='ocrx_word' id='word_1_296' title='bbox 960 2805 1016 2845; x_wconf 80' lang='lat'>14</span> <span class='ocrx_word' id='word_1_297' title='bbox 1047 2814 1137 2846; x_wconf 73' lang='lat' dir='ltr'>esse</span> <span class='ocrx_word' id='word_1_298' title='bbox 1166 2800 1210 2844; x_wconf 88' lang='lat' dir='ltr'>R</span> <span class='ocrx_word' id='word_1_299' title='bbox 1239 2806 1348 2847; x_wconf 66' lang='lat' dir='ltr'>esset</span> <span class='ocrx_word' id='word_1_300' title='bbox 1376 2803 1604 2844; x_wconf 85' lang='grc'><strong>1.17</strong></span> <span class='ocrx_word' id='word_1_301' title='bbox 1638 2799 1823 2854; x_wconf 83' lang='lat' dir='ltr'>afferret</span> 
     </span>
     <span class='ocr_line' id='line_1_37' title="bbox 126 2857 1728 2906; baseline -0.001 -4"><span class='ocrx_word' id='word_1_302' title='bbox 126 2858 198 2902; x_wconf 88' lang='lat' dir='ltr'>ed.</span> <span class='ocrx_word' id='word_1_303' title='bbox 352 2864 407 2904; x_wconf 89' lang='grc'>19</span> <span class='ocrx_word' id='word_1_304' title='bbox 438 2862 549 2906; x_wconf 81' lang='lat' dir='ltr'>meis</span> <span class='ocrx_word' id='word_1_305' title='bbox 578 2861 615 2904; x_wconf 91' lang='lat' dir='ltr'>L</span> <span class='ocrx_word' id='word_1_306' title='bbox 653 2861 753 2906; x_wconf 77' lang='lat' dir='ltr'>suis</span> <span class='ocrx_word' id='word_1_307' title='bbox 781 2860 826 2904; x_wconf 81' lang='lat' dir='ltr'><strong>R</strong></span> <span class='ocrx_word' id='word_1_308' title='bbox 863 2873 978 2904; x_wconf 83' lang='lat' dir='ltr'>corr</span> <span class='ocrx_word' id='word_1_309' title='bbox 1011 2874 1047 2904; x_wconf 91' lang='lat' dir='ltr'>r.</span> <span class='ocrx_word' id='word_1_310' title='bbox 1200 2864 1257 2904; x_wconf 83' lang='lat'>20</span> <span class='ocrx_word' id='word_1_311' title='bbox 1295 2873 1378 2904; x_wconf 79' lang='lat' dir='ltr'>nec</span> <span class='ocrx_word' id='word_1_312' title='bbox 1405 2858 1494 2903; x_wconf 88' lang='lat' dir='ltr'>LR</span> <span class='ocrx_word' id='word_1_313' title='bbox 1530 2871 1626 2902; x_wconf 77' lang='lat' dir='ltr'>non</span> <span class='ocrx_word' id='word_1_314' title='bbox 1656 2857 1728 2901; x_wconf 88' lang='lat' dir='ltr'>ed.</span> 
     </span>
    </p>

    <p class='ocr_par' dir='ltr' id='par_1_11' title="bbox 123 2916 1816 3023">
     <span class='ocr_line' id='line_1_38' title="bbox 126 2916 1816 3023; baseline 0 -63"><span class='ocrx_word' id='word_1_315' title='bbox 126 2921 184 2961; x_wconf 82' lang='lat'>30</span> <span class='ocrx_word' id='word_1_316' title='bbox 214 2931 270 2962; x_wconf 64' lang='grc' dir='ltr'>ατ</span> <span class='ocrx_word' id='word_1_317' title='bbox 301 2918 487 3023; x_wconf 42' lang='lat' dir='ltr'>longum</span> <span class='ocrx_word' id='word_1_318' title='bbox 516 2919 560 2964; x_wconf 82' lang='lat' dir='ltr'><strong>R</strong></span> <span class='ocrx_word' id='word_1_319' title='bbox 591 2927 705 2966; x_wconf 82' lang='lat' dir='ltr'>corr.</span> <span class='ocrx_word' id='word_1_320' title='bbox 738 2934 774 2965; x_wconf 91' lang='lat' dir='ltr'>r.</span> <span class='ocrx_word' id='word_1_321' title='bbox 832 2922 838 2977; x_wconf 91' lang='grc' dir='ltr'>Ι</span> <span class='ocrx_word' id='word_1_322' title='bbox 896 2919 1201 2964; x_wconf 76' lang='lat' dir='ltr'>andromache</span> <span class='ocrx_word' id='word_1_323' title='bbox 1229 2918 1316 2963; x_wconf 85' lang='lat' dir='ltr'>LR</span> <span class='ocrx_word' id='word_1_324' title='bbox 1348 2919 1419 2963; x_wconf 85' lang='lat' dir='ltr'>ed.</span> <span class='ocrx_word' id='word_1_325' title='bbox 1454 2931 1519 2963; x_wconf 79' lang='lat' dir='ltr'>-es</span> <span class='ocrx_word' id='word_1_326' title='bbox 1549 2917 1620 2963; x_wconf 88' lang='lat' dir='ltr'>ed.</span> <span class='ocrx_word' id='word_1_327' title='bbox 1652 2917 1773 2974; x_wconf 81' lang='lat' dir='ltr'>post.</span> <span class='ocrx_word' id='word_1_328' title='bbox 1810 2916 1816 2974; x_wconf 83' lang='grc' dir='ltr'>Ι</span> 
     </span>
     <span class='ocr_line' id='line_1_39' title="bbox 123 2981 351 3022; baseline 0.009 -1"><span class='ocrx_word' id='word_1_329' title='bbox 123 2981 351 3022; x_wconf 62' lang='lat' dir='ltr'>testantur</span> 
     </span>
    </p>
   </div>
  </div>
 </body>
</html>
