2014 3226
116 1969 173 2008 45

221 198 331 249 430
689 197 923 240 DONATI
952 196 1233 240 INTERPR.
1266 196 1444 240 VERG.

218 338 398 399 inquit,
432 353 512 385 eos
554 338 730 396 aerest&
764 338 936 395 exeipit
969 334 1056 396 [ac
1086 338 1239 395 fessos
1272 338 1442 396 opibus
1474 337 1659 384 solatur
1691 335 1913 398 amic-iss·
1976 351 1982 396 ,ζ

221 411 282 458 ab
329 413 437 472 ipso
485 410 631 457 litore
680 410 822 456 duxit
869 426 950 457 eos
999 411 1211 472 agrestis
1250 412 1312 457 iis
1354 410 1661 459 exhibiturus
1710 409 1910 458 divitias
2013 436 2014 499 1

218 486 310 532 1106
351 487 426 532 est
466 485 636 545 epulas
676 485 966 531 rusticanas.
1046 486 1087 531 si
1129 484 1191 531 ad
1229 484 1391 546 ipsum
1424 483 1703 547 Vergilium
1743 483 1909 531 redea-
2013 533 2014 559 ¹

218 575 347 619 mus,
403 558 690 621 intellegere
745 559 1018 619 poterimus
1076 573 1201 618 quae
1257 559 1358 605 sint
1410 559 1536 605 istae
1591 558 1670 605 vel
1717 557 1910 619 quales:

217 649 332 679 nam
379 632 512 693 ipsas
559 633 842 693 praeferens
881 633 934 678 in
972 631 1210 679 bucolicis
1255 624 1329 697 (1,
1363 625 1457 696 80)
1505 634 1676 694 pastor
1722 630 1909 693 „sunt“,
1954 639 1989 709 q

217 708 400 767 inquit,
457 706 628 766 „nobis
683 707 829 752 mitia
882 721 1052 766 poma,
1105 708 1363 753 castaneae
1417 705 1591 753 molles
1651 708 1700 752 et
1752 706 1908 767 pressi
1975 719 1980 736 ²

217 781 359 840 copia
406 778 593 827 lactis“.
672 780 749 827 his
790 779 1047 827 adnectere
1085 795 1344 840 possumus
1393 796 1487 828 ova
1537 781 1685 840 atque
1731 779 1908 828 herbas

217 855 438 916 agrestis.
518 868 626 901 ecce
675 857 864 914 quanta
909 854 1195 902 humanitas
1242 854 1455 901 hominis
1498 855 1784 914 quantaque
1822 853 1908 900 ho·
1974 900 1993 914 <

215 927 544 975 norificentia:
595 927 811 974 occurrit
849 927 1176 988 venientibus,
1218 943 1415 975 suorum
1456 927 1554 974 fuit
1593 942 1796 987 memor,
1834 928 1907 974 in·
1970 943 1975 947 ·

216 1002 420 1049 columis
470 1017 526 1048 ac
573 1002 737 1049 salvos
785 1002 1069 1064 gratulatus
1111 1004 1207 1062 est,
1256 1001 1519 1049 admodum
1559 1001 1722 1049 laetus
1767 1001 1948 1052 duxit1
2009 1047 2011 1050 ,

215 1091 294 1124 605
343 1075 405 1123 ad
453 1075 674 1136 domum,
725 1076 855 1136 quod
903 1075 1116 1122 alterum
1164 1091 1332 1122 eorum
1379 1075 1471 1123 hoc
1519 1077 1593 1122 est
1640 1075 1907 1123 secundum

214 1151 483 1211 excepisset
523 1149 805 1209 adventum,
839 1151 1029 1211 excepit
1059 1150 1213 1197 fessos
1247 1152 1296 1197 et
1328 1149 1503 1210 opibus
1533 1149 1732 1197 rusticis
1765 1150 1908 1211 pavit
1980 1159 1982 1163 ’

212 1224 323 1286 plus
371 1223 555 1270 habens
603 1223 877 1271 adfinitatis
927 1225 976 1270 et
1023 1224 1273 1270 amicitiae
1316 1224 1548 1270 meritum
1588 1238 1739 1284 quam
1778 1223 1906 1271 cibo-

211 1314 343 1357 rum,
397 1314 497 1345 non
545 1299 674 1344 enim
723 1298 813 1344 illa
859 1299 911 1343 in
959 1314 1015 1345 eo
1059 1297 1325 1359 placebant
1363 1313 1488 1359 quae
1528 1297 1786 1358 inparatus
1827 1313 1904 1344 ex-

210 1371 427 1431 hibebat,
459 1371 545 1419 sed
575 1372 768 1432 puritas
801 1373 982 1419 mentis
1023 1374 1072 1418 et
1111 1372 1378 1433 superioris
1418 1372 1656 1432 temporis
1695 1371 1904 1433 largitas
1931 1382 1989 1422 1²

212 1447 260 1492 et
300 1446 496 1492 laetitia
534 1445 823 1507 praesentis.
1991 1424 2009 1763 ι

1967 1557 1981 1582 e·

319 1520 522 1567 Postera
568 1534 677 1567 cum
714 1522 879 1579 primo
926 1520 1090 1567 stellas
1136 1521 1315 1567 oriente
1359 1520 1564 1579 fuyarat
1609 1519 1745 1566 clara
1784 1520 1902 1574 dies,

209 1594 358 1640 socios
395 1596 449 1641 in
489 1597 670 1642 coetum
710 1595 845 1641 litore
884 1594 944 1641 ab
985 1595 1115 1641 omne]
1156 1595 1361 1642 advocat
1396 1591 1591 1641 Aeneas
1637 1594 1903 1652 tumulique
1979 1643 1981 1646 ,

209 1682 264 1715 ex
304 1682 475 1728 ayyere
511 1669 674 1726 fatur:
729 1669 956 1730 sequenti
995 1667 1073 1714 die
1112 1667 1160 1714 in
1211 1669 1320 1728 ipso
1367 1667 1493 1714 lucis
1541 1666 1762 1727 exordi0,
1809 1667 1902 1715 hoc

209 1743 284 1789 est
315 1745 430 1789 ante
463 1743 601 1790 actus
636 1742 773 1803 alios,
804 1741 951 1789 iussit
978 1742 1173 1789 Aeneas
1205 1743 1340 1789 omni
1370 1742 1516 1788 litore
1549 1742 1708 1789 socios
1741 1742 1900 1789 omnis
1923 1759 1957 1791 2

209 1816 358 1863 acciri
405 1831 462 1864 ac
509 1816 734 1863 redactos
782 1815 834 1862 in
882 1817 1078 1864 coetum
1126 1815 1176 1862 id
1225 1818 1298 1863 est
1338 1817 1662 1879 congregatos
1701 1817 1808 1876 ipse
1846 1815 1900 1862 in

207 1904 396 1937 summo
453 1891 746 1950 consistens,
800 1889 932 1936 unde
987 1889 1182 1938 facilius
1235 1889 1396 1936 audiri
1441 1891 1628 1950 posset,
1683 1889 1760 1936 his
1815 1888 1898 1936 ad-

205 1963 400 2011 locutus
432 1966 506 2012 est
533 1963 719 2012 verbis:
751 1964 1081 2011 Dardanidae
1103 1965 1286 2024 mayni,
1306 1978 1459 2023 yenus
1485 1965 1581 2011 alto
1606 1979 1637 2010 a
1661 1965 1899 2023 sanquine
1967 1991 1975 1998 -

205 2037 383 2084 divum.
461 2038 579 2086 licet
618 2053 731 2086 suos
772 2037 1135 2099 adloqueretur,
1176 2053 1344 2085 eorum
1381 2039 1550 2084 tamen
1589 2035 1802 2098 laudem,
1844 2037 1897 2084 in
1956 2068 1958 2070 -

207 2127 305 2172 qua
350 2113 399 2159 et
444 2113 552 2173 ipse
598 2114 794 2174 partem
831 2111 1030 2172 habuit,
1069 2111 1233 2159 noluit
1270 2113 1562 2172 praeterire:
1621 2127 1745 2172 quae
1784 2111 1894 2159 laus
1918 2129 1957 2166 11,
1979 2155 1991 2174 ,³

205 2200 261 2232 eo
301 2184 478 2247 tendit,
516 2187 573 2232 ut
613 2185 810 2233 adserat
850 2185 980 2246 deos,
1014 2201 1071 2232 ex
1106 2185 1283 2246 quibus
1315 2187 1478 2233 essent
1509 2185 1680 2248 geniti,
1711 2185 1894 2234 favisse
1956 2182 1963 2230 J
1988 2179 1994 2199 ²

203 2261 370 2320 potius
411 2274 562 2321 quam
600 2261 841 2320 nocuisse,
879 2261 938 2307 ut
974 2259 1198 2321 inpedito
1239 2274 1383 2307 cursu
1419 2260 1507 2321 qui
1535 2258 1799 2306 tenebatur
1830 2258 1894 2306 ad
1956 2311 1957 2314 Ἴ
1988 2254 1993 2279 ⁶

205 2332 403 2380 Siciliae
435 2348 633 2381 rursum
663 2334 815 2382 litora
849 2333 1156 2381 ducerentur.
1212 2332 1346 2395 quod
1376 2349 1548 2381 verum
1579 2347 1682 2380 esse
1707 2332 1894 2380 adserit
1954 2383 1979 2394 -

203 2406 420 2455 evidenti
459 2408 773 2470 argumento,
820 2409 880 2455 ut
919 2409 1080 2456 exacti
1126 2407 1243 2454 anni
1289 2423 1466 2455 munus
1515 2409 1564 2454 et
1608 2406 1891 2468 incipientis

201 2481 407 2528 alterius
445 2482 668 2542 paternis
715 2481 1002 2529 redderetur
1038 2481 1252 2529 inferiis:
1307 2497 1441 2544 vere,
1487 2480 1674 2542 inquit,
1720 2481 1891 2544 magni
1948 2529 1952 2532 .

1991 2056 1996 2070 -
1992 2007 1996 2043 --
1978 1795 2002 1990 *av—..-

320 2657 343 2695 1
377 2664 450 2696 eos
479 2650 566 2694 LR
597 2651 742 2695 laetus
773 2651 842 2694 ed.
870 2654 902 2708 ⁴!
959 2651 1263 2696 att—*amicis
1301 2627 1434 2694 deest
1463 2651 1512 2693 in
1543 2649 1650 2704 LR,
1691 2651 1773 2693 sed
1812 2663 1888 2694 ex·
1956 2619 1970 2662 '³'

198 2709 416 2767 plicatur.
569 2714 594 2752 2
626 2710 698 2754 his
728 2709 816 2753 LR,
845 2711 906 2754 iis
934 2724 1032 2755 1105.
1084 2713 1091 2767 Ι
1147 2711 1324 2756 divitiis
1353 2709 1396 2753 R
1427 2723 1540 2753 corr.
1564 2723 1600 2752 r.
1749 2714 1774 2753 7
1805 2709 1886 2753 ad·
1946 2719 1986 2753 ,³³¹

198 2774 368 2813 ‘nectere
398 2768 486 2812 LR
516 2768 597 2812 edI
634 2768 801 2813 addere
839 2769 947 2813 edF.
1134 2773 1187 2812 17
1221 2774 1380 2825 postea
1409 2768 1445 2811 L
1485 2773 1606 2813 ostea
1642 2768 1684 2810 R
1722 2783 1747 2811 r
1770 2790 1825 2805 =
1850 2767 1886 2811 1.
1940 2775 1946 2800 ἑ

190 2834 378 2884 postera
407 2826 458 2871 r'.
589 2831 643 2870 19
676 2841 863 2886 exayere
892 2827 991 2872 LR.
1043 2830 1049 2885 Ι
1107 2830 1217 2873 locis
1246 2827 1333 2871 LR
1364 2828 1479 2871 lucis
1509 2842 1532 2870 r
1562 2829 1650 2871 loci
1679 2826 1723 2871 U
1753 2827 1824 2871 ed.
1932 2848 1934 2850 ·
1965 2870 1978 2877 ,Α

199 2890 256 2930 20
285 2887 440 2942 factas
469 2886 556 2930 LR
594 2889 719 2943 (cum
749 2889 925 2943 puncto
957 2887 1043 2931 sub
1076 2901 1100 2932 c
1129 2887 1188 2944 R)
1227 2891 1355 2931 actus
1393 2886 1463 2930 ed.
1625 2891 1680 2929 22
1722 2886 1885 2931 audire
1935 2935 1942 2948 -‚
1978 2888 1981 2936 ]

197 2946 285 2990 LR
307 2959 422 2990 corr.
439 2961 463 2989 1·
487 2945 558 2990 6ᾶ.
650 2950 707 2988 23
731 2951 786 2990 ae
807 2947 1033 3004 sanquine
1054 2945 1153 2990 LR.
1247 2950 1303 2989 26
1329 2946 1539 2990 adserata
1563 2945 1651 2988 LR
1673 2961 1702 2990 a
1727 2959 1829 3002 exp.
1846 2944 1883 2998 L

196 3005 299 3061 ipse
328 3020 364 3048 r.
488 3009 544 3048 30
575 3005 779 3062 imperiis
807 3003 894 3047 LR
925 3005 996 3049 ed.
1029 3006 1213 3060 inferiis
1242 3003 1292 3048 r‘.
