2014 3226
187 177 295 228 374
654 175 885 219 DONATI
917 176 1196 219 INTERPR.
1229 176 1407 220 VERG.

186 309 343 382 (470)
385 316 510 362 dixit
549 318 680 363 inter
716 319 876 363 cetera
909 331 1113 363 munera
1144 316 1389 363 Helenum
1422 320 1470 364 et
1502 333 1652 378 equos
1686 317 1876 366 dedisse

186 391 357 451 „addit
397 405 546 450 equos
589 390 824 450 additque
866 387 1076 436 duces“‘?

99 470 182 509 160
295 465 493 511 Interea
545 477 719 524 mayno
774 465 964 510 misceri
1016 479 1267 511 murmure
1319 464 1522 512 eaelum-
1559 467 1748 524 incipit,
1802 467 1877 512 in-

185 540 400 597 sequitur
431 539 685 584 commixta
712 538 955 596 yravzdine
986 538 1193 593 cambus,
1227 541 1271 586 et
1304 538 1442 597 Tyrii
1472 541 1661 586 comites
1683 541 1877 598 passim

185 615 227 659 et
276 612 495 658 Troiana
539 613 763 659 iuventus
808 611 1196 670 Dardaniusque
1239 626 1386 671 nepos
1435 612 1633 660 Veneris
1684 612 1874 660 diversa
1925 630 1945 661 5

174 700 268 744 per
315 699 458 744 ayros
505 688 622 732 tecta
668 688 796 749 metu
833 687 1036 744 petiere,
1091 689 1243 732 ruunt
1296 686 1354 732 de
1399 687 1640 733 montibus
1688 701 1877 734 amnes.-

184 761 310 805 fiunt
357 775 464 806 ecce
514 774 640 820 quae
679 758 804 806 Iuno
851 759 1187 820 praedixerat,
1226 762 1454 807 movetur
1494 761 1708 820 caelum,
1747 761 1877 808 toni-

183 836 296 880 trua
338 835 655 893 concrepant,
696 832 853 879 nimbi
891 833 1191 893 funduntur,
1232 834 1420 896 grando
1462 834 1668 881 exitium
1707 836 1877 896 portat

183 909 234 953 et
273 910 444 954 contra
484 909 716 953 naturam
754 923 919 954 rerum
959 907 1017 954 de
1068 908 1273 955 summis
1319 908 1586 955 verticibus
1633 909 1877 956 montium

184 995 350 1027 amnes
390 980 637 1027 innumeri
674 981 1083 1041 praecipitantur.
1148 981 1343 1028 deserta
1374 981 1588 1028 venandi
1619 982 1876 1043 voluptate
1904 1000 1946 1031 10

183 1055 385 1116 fugiunt
439 1069 607 1101 omnes
663 1056 713 1101 et
764 1054 955 1102 diversa
1004 1058 1248 1115 occupant
1294 1057 1448 1103 tecta:
1511 1055 1706 1104 diversa
1751 1055 1877 1115 ideo,

182 1128 313 1189 quod
347 1127 596 1189 dispersae
636 1130 850 1175 rusticae
890 1129 1063 1176 domus
1103 1131 1298 1176 tantam
1337 1129 1711 1176 multitudinem
1760 1129 1877 1176 adu—

181 1204 355 1248 natam
400 1202 526 1249 ferre
574 1218 674 1250 non
718 1205 942 1263 possent,
989 1203 1068 1250 vel
1117 1203 1248 1263 quod
1287 1205 1625 1265 unusquisque
1665 1219 1785 1251 usus
1825 1205 1878 1250 in

181 1278 324 1323 tanta
362 1277 657 1324 necessitate
698 1275 971 1338 conpendio
1011 1292 1111 1324 non
1150 1277 1412 1339 pulchrum
1444 1277 1712 1341 suffugium
1743 1278 1878 1338 tecti,

96 1355 179 1394 165
198 1349 283 1397 sed
320 1352 601 1411 proximum
642 1351 980 1411 quaesivisset.
1044 1351 1324 1409 speluncam
1364 1351 1496 1398 Dido
1536 1352 1636 1398 dux
1676 1355 1718 1399 et
1758 1352 1877 1399 Tro·
1904 1368 1945 1400 15

183 1426 331 1471 ojames
371 1425 571 1471 eandem
610 1425 890 1472 deveniunt:
944 1426 1190 1484 avocatis,
1230 1425 1418 1486 inquit,
1460 1426 1685 1473 omnibus
1727 1426 1878 1487 atque

183 1499 291 1559 ipso
331 1497 546 1546 Ascanio
595 1500 645 1546 et
690 1514 779 1559 per
825 1498 1022 1546 diversa
1069 1498 1293 1547 discretis
1334 1499 1465 1547 Dido
1506 1502 1554 1546 et
1594 1499 1786 1547 Aeneas
1825 1501 1879 1547 in

183 1587 334 1618 unam
373 1572 658 1634 speluncam
700 1572 1017 1632 devenerunt,
1056 1573 1150 1620 hoc
1189 1575 1263 1620 est
1301 1573 1430 1620 male
1472 1576 1727 1633 venerunt,
1761 1573 1878 1634 quia

182 1647 404 1706 personis
435 1662 608 1708 regum
639 1662 740 1693 non
772 1645 1097 1694 conveniebat
1129 1648 1389 1708 speluncae
1422 1646 1685 1708 depressio.
1743 1647 1880 1695 dedit

181 1719 338 1783 igitur
376 1722 683 1768 occasionem
722 1720 1057 1768 coniunctioni
1096 1720 1423 1785 perficiendae
1462 1721 1598 1768 locus
1646 1724 1877 1781 secretus,
1904 1737 1947 1770 20

181 1792 319 1840 dedit
363 1796 583 1855 tempus,
632 1809 729 1856 quo
774 1794 985 1856 periculi
1031 1795 1227 1842 vitandi
1266 1810 1414 1843 causa
1453 1795 1620 1842 nullus
1663 1795 1878 1843 audebat

182 1868 314 1914 exire
363 1867 421 1914 de
469 1868 704 1931 suffugio,
753 1868 890 1916 dedit
936 1868 1175 1929 solitudo,
1223 1871 1342 1930 quia
1390 1869 1483 1916 soli
1525 1869 1724 1916 fuerant
1764 1869 1878 1929 duo,

182 1940 320 1988 dedit
371 1957 605 2003 persona,
669 1943 788 2004 quia
840 1944 1048 2003 uterque
1101 1943 1155 1989 in
1209 1944 1372 2003 prima
1427 1944 1616 2003 aetate,
1670 1945 1877 2005 uterque

182 2015 400 2063 formosi.
477 2015 666 2063 factum
713 2018 880 2064 autem
925 2017 1152 2079 intellegi
1198 2017 1359 2064 voluit
1403 2019 1576 2077 poeta,
1625 2033 1725 2065 non
1764 2016 1876 2065 dici.

180 2089 361 2148 fulsere
397 2090 532 2148 iynes
573 2094 615 2137 et
651 2091 869 2138 conscius
908 2091 1068 2138 aether
1107 2091 1322 2138 conubiis
1368 2089 1677 2151 [summoque
1714 2092 1876 2139 ulula·
1902 2105 1945 2138 25

181 2166 300 2210 runt
334 2165 506 2211 vertice
542 2163 813 2226 nymphae]
820 2181 836 2211 .·
874 2166 1074 2212 tantum
1111 2165 1275 2212 valuit
1305 2165 1445 2225 Iuno,
1478 2166 1535 2211 ut
1574 2165 1727 2212 etiam
1766 2165 1877 2226 ipsa

182 2235 427 2284 elementa
467 2237 632 2286 favere
672 2238 980 2299 viderentur3
1019 2240 1242 2300 itemque
1281 2239 1420 2303 ignes
1461 2238 1520 2284 de
1561 2239 1696 2286 caelo
1727 2239 1877 2287 fulse-

180 2311 319 2357 runt:
374 2326 473 2358 non
513 2310 638 2358 dixit
676 2313 855 2360 emissa
895 2315 1012 2360 sunt
1050 2312 1270 2375 fulgura,
1311 2312 1396 2360 sed
1434 2328 1525 2373 pro
1565 2313 1878 2374 nuptialibus

181 2383 371 2431 facibus
410 2384 540 2448 ignis
581 2385 807 2434 caelestis
848 2388 1096 2448 apparuit.
1171 2386 1236 2433 ad
1273 2386 1671 2447 inpedimentum
1711 2388 1879 2434 autem

180 2456 348 2505 Italici
391 2457 590 2520 imperii
635 2461 836 2507 tantum
881 2460 1087 2509 Iunonis
1134 2459 1308 2508 dolosa
1354 2459 1472 2507 fecit
1521 2461 1766 2520 inventio,
1821 2462 1878 2508 ut
1900 2474 1951 2508 ao

1974 2287 1979 2298 Α·
1976 2134 1987 2244 ἡρῴων
1972 2077 1986 2110 4,.
1979 2055 1989 2063 .,
1980 2000 1988 2017 v,

304 2631 328 2671 7
360 2642 454 2672 ecee
484 2628 570 2671 LR
601 2643 655 2672 ea
685 2629 757 2672 ed.
851 2634 877 2674 8
912 2631 1049 2674 nimis
1072 2630 1108 2673 L
1139 2630 1284 2674 πέπιθε
1306 2629 1348 2672 R
1378 2630 1505 2674 ‘nives
1527 2644 1551 2672 r
1581 2629 1727 2674 ‘nimbi
1758 2629 1828 2673 ed.
1867 2628 1873 2687 Ι

180 2688 353 2731 exitum
384 2687 420 2730 L
451 2689 644 2732 exitium
674 2688 716 2731 R
756 2702 861 2732 cum
901 2689 1188 2732 correctione
1219 2689 1418 2732 obscura
1447 2703 1473 2732 r
1505 2690 1818 2732 vexationem?

183 2750 238 2789 15
263 2747 582 2803 proximorum
613 2746 700 2790 LR
738 2747 787 2790 in
819 2749 1086 2803 proximum
1115 2750 1170 2792 ut
1199 2747 1386 2792 videtur
1418 2761 1531 2791 corr.
1565 2747 1600 2790 L
1641 2747 1744 2804 ipse
1776 2747 1824 2791 et
1853 2761 1878 2790 r

179 2804 255 2849 vel
284 2819 440 2850 ‘nemer
440 2820 518 2850 um
548 2805 598 2849 in
628 2819 774 2863 marg.
802 2807 999 2850 adnotat
1029 2805 1079 2851 r'.
1174 2811 1231 2850 24
1260 2807 1488 2875 formosus
1518 2806 1590 2850 ed.
1683 2811 1739 2850 25
1771 2819 1876 2850 eon-

179 2864 316 2908 ‘nubii
346 2864 418 2908 ed.
469 2867 476 2920 1
532 2870 937 2921 summoque—26
969 2867 1195 2924 nymphae
1227 2866 1360 2910 deest
1390 2866 1440 2908 in
1470 2865 1578 2919 LR,
1615 2865 1698 2908 sed
1729 2878 1817 2921 exp
1818 2863 1876 2908 li-

182 2924 336 2967 catur:
370 2923 585 2979 sequenti
616 2923 830 2968 lemmati
861 2938 1107 2981 perperam
1140 2925 1247 2968 add.
1274 2925 1345 2969 ed.
1466 2928 1521 2967 27
1554 2924 1760 2980 idemque
1790 2922 1878 2967 LR

181 2994 298 3026 corr.
333 2983 404 3026 ed.
