<?xml version="1.0" encoding="UTF-8"?>
<!DOCTYPE html PUBLIC "-//W3C//DTD XHTML 1.0 Transitional//EN"
    "http://www.w3.org/TR/xhtml1/DTD/xhtml1-transitional.dtd">
<html xmlns="http://www.w3.org/1999/xhtml" xml:lang="en" lang="en">
 <head>
  <title>
</title>
<meta http-equiv="Content-Type" content="text/html;charset=utf-8" />
  <meta name='ocr-system' content='tesseract 3.04.00' />
  <meta name='ocr-capabilities' content='ocr_page ocr_carea ocr_par ocr_line ocrx_word'/>
</head>
<body>
  <div class='ocr_page' id='page_1' title='image "./interpretationes01donauoft_0498.png"; bbox 0 0 2014 3226; ppageno 0'>
   <div class='ocr_carea' id='block_1_1' title="bbox 172 179 1390 231">
    <p class='ocr_par' dir='ltr' id='par_1_1' title="bbox 172 179 1390 231">
     <span class='ocr_line' id='line_1_1' title="bbox 172 179 1390 231; baseline -0.007 0"><span class='ocrx_word' id='word_1_1' title='bbox 172 180 279 231; x_wconf 81' lang='grc'>448</span> <span class='ocrx_word' id='word_1_2' title='bbox 638 179 868 223; x_wconf 88' lang='lat' dir='ltr'>DONATI</span> <span class='ocrx_word' id='word_1_3' title='bbox 899 179 1179 222; x_wconf 69' lang='lat' dir='ltr'><strong>INTERPR.</strong></span> <span class='ocrx_word' id='word_1_4' title='bbox 1214 179 1390 223; x_wconf 81' lang='lat' dir='ltr'>VERG.</span> 
     </span>
    </p>
   </div>
   <div class='ocr_carea' id='block_1_2' title="bbox 85 319 1992 2452">
    <p class='ocr_par' dir='ltr' id='par_1_2' title="bbox 85 319 1992 2452">
     <span class='ocr_line' id='line_1_2' title="bbox 175 319 1860 380; baseline 0.001 -15"><span class='ocrx_word' id='word_1_5' title='bbox 175 335 296 366; x_wconf 65' lang='lat' dir='ltr'>arva</span> <span class='ocrx_word' id='word_1_6' title='bbox 335 321 504 366; x_wconf 66' lang='lat' dir='ltr'>⁴volans</span> <span class='ocrx_word' id='word_1_7' title='bbox 535 321 862 378; x_wconf 72' lang='lat' dir='ltr'><em>plausumque</em></span> <span class='ocrx_word' id='word_1_8' title='bbox 896 321 1119 366; x_wconf 68' lang='lat' dir='ltr'>exterrita</span> <span class='ocrx_word' id='word_1_9' title='bbox 1142 320 1315 378; x_wconf 72' lang='lat' dir='ltr'>pinnis</span> <span class='ocrx_word' id='word_1_10' title='bbox 1350 319 1434 366; x_wconf 75' lang='lat' dir='ltr'>dat</span> <span class='ocrx_word' id='word_1_11' title='bbox 1465 323 1576 367; x_wconf 74' lang='lat' dir='ltr'>tecto</span> <span class='ocrx_word' id='word_1_12' title='bbox 1608 322 1860 380; x_wconf 72' lang='lat' dir='ltr'>inyeutem,</span> 
     </span>
     <span class='ocr_line' id='line_1_3' title="bbox 174 393 1860 453; baseline 0.001 -14"><span class='ocrx_word' id='word_1_13' title='bbox 174 408 283 440; x_wconf 66' lang='lat' dir='ltr'>mox</span> <span class='ocrx_word' id='word_1_14' title='bbox 331 409 439 439; x_wconf 70' lang='lat' dir='ltr'>aere</span> <span class='ocrx_word' id='word_1_15' title='bbox 487 393 627 452; x_wconf 73' lang='lat' dir='ltr'>lapsa</span> <span class='ocrx_word' id='word_1_16' title='bbox 675 395 828 452; x_wconf 76' lang='lat' dir='ltr'>quieto</span> <span class='ocrx_word' id='word_1_17' title='bbox 875 394 1006 440; x_wconf 74' lang='lat' dir='ltr'>radit</span> <span class='ocrx_word' id='word_1_18' title='bbox 1059 395 1148 439; x_wconf 72' lang='lat' dir='ltr'>iter</span> <span class='ocrx_word' id='word_1_19' title='bbox 1202 393 1441 452; x_wconf 74' lang='lat' dir='ltr'>liquidum</span> <span class='ocrx_word' id='word_1_20' title='bbox 1495 395 1657 442; x_wconf 79' lang='lat' dir='ltr'>celeris</span> <span class='ocrx_word' id='word_1_21' title='bbox 1711 407 1860 453; x_wconf 69' lang='lat' dir='ltr'>neque</span> 
     </span>
     <span class='ocr_line' id='line_1_4' title="bbox 176 467 1861 527; baseline 0.001 -15"><span class='ocrx_word' id='word_1_22' title='bbox 176 471 428 514; x_wconf 65' lang='lat' dir='ltr'>commovet</span> <span class='ocrx_word' id='word_1_23' title='bbox 475 468 606 514; x_wconf 78' lang='lat' dir='ltr'>alas:</span> <span class='ocrx_word' id='word_1_24' title='bbox 659 469 729 513; x_wconf 72' lang='lat' dir='ltr'>sie</span> <span class='ocrx_word' id='word_1_25' title='bbox 767 467 1070 521; x_wconf 69' lang='lat' dir='ltr'>Ilsuestheus,</span> <span class='ocrx_word' id='word_1_26' title='bbox 1110 469 1179 514; x_wconf 75' lang='lat' dir='ltr'>sie</span> <span class='ocrx_word' id='word_1_27' title='bbox 1217 469 1326 526; x_wconf 70' lang='lat' dir='ltr'>ipsa</span> <span class='ocrx_word' id='word_1_28' title='bbox 1365 468 1486 527; x_wconf 70' lang='lat' dir='ltr'>fuya</span> <span class='ocrx_word' id='word_1_29' title='bbox 1525 471 1652 515; x_wconf 76' lang='lat' dir='ltr'>secat</span> <span class='ocrx_word' id='word_1_30' title='bbox 1688 468 1861 514; x_wconf 73' lang='lat' dir='ltr'>ultima</span> 
     </span>
     <span class='ocr_line' id='line_1_5' title="bbox 175 541 1862 600; baseline 0.001 -14"><span class='ocrx_word' id='word_1_31' title='bbox 175 541 351 588; x_wconf 73' lang='lat' dir='ltr'>Pristis</span> <span class='ocrx_word' id='word_1_32' title='bbox 405 555 637 599; x_wconf 74' lang='lat' dir='ltr'>aequora,</span> <span class='ocrx_word' id='word_1_33' title='bbox 700 542 770 587; x_wconf 73' lang='lat' dir='ltr'>sie</span> <span class='ocrx_word' id='word_1_34' title='bbox 829 541 969 587; x_wconf 77' lang='lat' dir='ltr'>illam</span> <span class='ocrx_word' id='word_1_35' title='bbox 1029 542 1124 600; x_wconf 72' lang='lat' dir='ltr'>fert</span> <span class='ocrx_word' id='word_1_36' title='bbox 1183 542 1388 599; x_wconf 62' lang='lat' dir='ltr'>impetus</span> <span class='ocrx_word' id='word_1_37' title='bbox 1445 543 1548 600; x_wconf 73' lang='lat' dir='ltr'>ipse</span> <span class='ocrx_word' id='word_1_38' title='bbox 1600 541 1862 588; x_wconf 69' lang='lat' dir='ltr'>volantem:</span> 
     </span>
     <span class='ocr_line' id='line_1_6' title="bbox 176 614 1860 662; baseline 0.001 -1"><span class='ocrx_word' id='word_1_39' title='bbox 176 616 419 661; x_wconf 81' lang='lat' dir='ltr'>celeritati</span> <span class='ocrx_word' id='word_1_40' title='bbox 457 615 668 661; x_wconf 75' lang='lat' dir='ltr'>feliciter</span> <span class='ocrx_word' id='word_1_41' title='bbox 708 616 948 661; x_wconf 84' lang='lat' dir='ltr'>currentis</span> <span class='ocrx_word' id='word_1_42' title='bbox 989 614 1129 661; x_wconf 88' lang='lat' dir='ltr'>navis</span> <span class='ocrx_word' id='word_1_43' title='bbox 1169 616 1299 661; x_wconf 88' lang='lat' dir='ltr'>recte</span> <span class='ocrx_word' id='word_1_44' title='bbox 1339 615 1562 662; x_wconf 89' lang='lat' dir='ltr'>volatum</span> <span class='ocrx_word' id='word_1_45' title='bbox 1606 614 1860 662; x_wconf 89' lang='lat' dir='ltr'>columbae</span> 
     </span>
     <span class='ocr_line' id='line_1_7' title="bbox 176 688 1859 748; baseline -0.001 -13"><span class='ocrx_word' id='word_1_46' title='bbox 176 688 484 748; x_wconf 78' lang='lat' dir='ltr'>conparavit3</span> <span class='ocrx_word' id='word_1_47' title='bbox 547 690 666 735; x_wconf 91' lang='lat' dir='ltr'>tunc</span> <span class='ocrx_word' id='word_1_48' title='bbox 715 690 844 734; x_wconf 88' lang='lat' dir='ltr'>enim</span> <span class='ocrx_word' id='word_1_49' title='bbox 894 689 1052 735; x_wconf 87' lang='lat' dir='ltr'>acrius</span> <span class='ocrx_word' id='word_1_50' title='bbox 1101 689 1259 747; x_wconf 81' lang='lat' dir='ltr'>volat,</span> <span class='ocrx_word' id='word_1_51' title='bbox 1316 703 1426 734; x_wconf 89' lang='lat' dir='ltr'>cum</span> <span class='ocrx_word' id='word_1_52' title='bbox 1474 688 1535 735; x_wconf 92' lang='lat' dir='ltr'>ad</span> <span class='ocrx_word' id='word_1_53' title='bbox 1583 689 1859 735; x_wconf 73' lang='lat' dir='ltr'>naturalem</span> 
     </span>
     <span class='ocr_line' id='line_1_8' title="bbox 175 762 1860 823; baseline 0.002 -16"><span class='ocrx_word' id='word_1_54' title='bbox 175 762 502 808; x_wconf 70' lang='lat' dir='ltr'>mobilitatem</span> <span class='ocrx_word' id='word_1_55' title='bbox 552 762 732 823; x_wconf 85' lang='lat' dir='ltr'>aliquis</span> <span class='ocrx_word' id='word_1_56' title='bbox 780 764 825 809; x_wconf 88' lang='lat' dir='ltr'>ei</span> <span class='ocrx_word' id='word_1_57' title='bbox 871 778 1027 823; x_wconf 86' lang='lat' dir='ltr'>pavor</span> <span class='ocrx_word' id='word_1_58' title='bbox 1070 762 1270 809; x_wconf 87' lang='lat' dir='ltr'>accedit.</span> <span class='ocrx_word' id='word_1_59' title='bbox 1349 763 1440 808; x_wconf 88' lang='lat' dir='ltr'>hac</span> <span class='ocrx_word' id='word_1_60' title='bbox 1481 763 1710 823; x_wconf 81' lang='lat' dir='ltr'>conpleta</span> <span class='ocrx_word' id='word_1_61' title='bbox 1749 778 1860 810; x_wconf 87' lang='lat' dir='ltr'>con-</span> 
     </span>
     <span class='ocr_line' id='line_1_9' title="bbox 85 835 1862 896; baseline 0.001 -14"><span class='ocrx_word' id='word_1_62' title='bbox 85 840 170 878; x_wconf 75' lang='lat'>220</span> <span class='ocrx_word' id='word_1_63' title='bbox 190 837 445 896; x_wconf 84' lang='lat' dir='ltr'>paratione</span> <span class='ocrx_word' id='word_1_64' title='bbox 491 836 622 883; x_wconf 87' lang='lat' dir='ltr'>redit</span> <span class='ocrx_word' id='word_1_65' title='bbox 662 835 725 882; x_wconf 89' lang='lat' dir='ltr'>ad</span> <span class='ocrx_word' id='word_1_66' title='bbox 763 852 888 882; x_wconf 89' lang='lat' dir='ltr'>rem:</span> <span class='ocrx_word' id='word_1_67' title='bbox 945 840 987 884; x_wconf 72' lang='lat' dir='ltr'>et</span> <span class='ocrx_word' id='word_1_68' title='bbox 1016 838 1237 895; x_wconf 75' lang='lat' dir='ltr'>primum</span> <span class='ocrx_word' id='word_1_69' title='bbox 1274 837 1328 882; x_wconf 78' lang='lat' dir='ltr'>iu</span> <span class='ocrx_word' id='word_1_70' title='bbox 1366 836 1557 895; x_wconf 76' lang='lat' dir='ltr'>scopulo</span> <span class='ocrx_word' id='word_1_71' title='bbox 1606 837 1862 884; x_wconf 75' lang='lat' dir='ltr'>luctantem</span> 
     </span>
     <span class='ocr_line' id='line_1_10' title="bbox 175 909 1861 970; baseline 0 -14"><span class='ocrx_word' id='word_1_72' title='bbox 175 910 347 957; x_wconf 69' lang='lat' dir='ltr'>deserit</span> <span class='ocrx_word' id='word_1_73' title='bbox 394 911 488 956; x_wconf 78' lang='lat' dir='ltr'>alto</span> <span class='ocrx_word' id='word_1_74' title='bbox 527 909 822 970; x_wconf 71' lang='lat' dir='ltr'>Seryestum:</span> <span class='ocrx_word' id='word_1_75' title='bbox 874 912 1019 957; x_wconf 89' lang='lat' dir='ltr'>tanta</span> <span class='ocrx_word' id='word_1_76' title='bbox 1063 912 1137 957; x_wconf 89' lang='lat' dir='ltr'>est</span> <span class='ocrx_word' id='word_1_77' title='bbox 1176 909 1428 957; x_wconf 85' lang='lat' dir='ltr'>subtilitas</span> <span class='ocrx_word' id='word_1_78' title='bbox 1468 910 1741 957; x_wconf 89' lang='lat' dir='ltr'>recedentis</span> <span class='ocrx_word' id='word_1_79' title='bbox 1782 910 1861 957; x_wconf 87' lang='lat' dir='ltr'>de-</span> 
     </span>
     <span class='ocr_line' id='line_1_11' title="bbox 176 983 1860 1045; baseline 0.001 -15"><span class='ocrx_word' id='word_1_80' title='bbox 176 983 441 1044; x_wconf 82' lang='lat' dir='ltr'>scriptione</span> <span class='ocrx_word' id='word_1_81' title='bbox 490 985 539 1031; x_wconf 87' lang='lat' dir='ltr'>et</span> <span class='ocrx_word' id='word_1_82' title='bbox 583 986 698 1044; x_wconf 89' lang='lat' dir='ltr'>post</span> <span class='ocrx_word' id='word_1_83' title='bbox 743 983 1032 1045; x_wconf 85' lang='lat' dir='ltr'>parabolam</span> <span class='ocrx_word' id='word_1_84' title='bbox 1080 983 1354 1044; x_wconf 83' lang='lat' dir='ltr'>redeuntis,</span> <span class='ocrx_word' id='word_1_85' title='bbox 1394 985 1471 1044; x_wconf 87' lang='lat' dir='ltr'>ut,</span> <span class='ocrx_word' id='word_1_86' title='bbox 1519 985 1562 1032; x_wconf 91' lang='lat' dir='ltr'>si</span> <span class='ocrx_word' id='word_1_87' title='bbox 1601 984 1860 1032; x_wconf 81' lang='lat' dir='ltr'>subtrahas</span> 
     </span>
     <span class='ocr_line' id='line_1_12' title="bbox 174 1058 1861 1120; baseline 0 -17"><span class='ocrx_word' id='word_1_88' title='bbox 174 1058 483 1118; x_wconf 84' lang='lat' dir='ltr'>parabolam,</span> <span class='ocrx_word' id='word_1_89' title='bbox 539 1059 762 1104; x_wconf 87' lang='lat' dir='ltr'>iunctum</span> <span class='ocrx_word' id='word_1_90' title='bbox 815 1060 1039 1106; x_wconf 83' lang='lat' dir='ltr'>invenias</span> <span class='ocrx_word' id='word_1_91' title='bbox 1091 1059 1322 1105; x_wconf 87' lang='lat' dir='ltr'>carminis</span> <span class='ocrx_word' id='word_1_92' title='bbox 1371 1060 1572 1105; x_wconf 82' lang='lat' dir='ltr'>textum.</span> <span class='ocrx_word' id='word_1_93' title='bbox 1651 1058 1861 1120; x_wconf 87' lang='lat' dir='ltr'>denique</span> 
     </span>
     <span class='ocr_line' id='line_1_13' title="bbox 177 1131 1860 1193; baseline 0.001 -15"><span class='ocrx_word' id='word_1_94' title='bbox 177 1134 290 1178; x_wconf 88' lang='lat' dir='ltr'>ante</span> <span class='ocrx_word' id='word_1_95' title='bbox 339 1131 464 1177; x_wconf 85' lang='lat' dir='ltr'>dixit</span> <span class='ocrx_word' id='word_1_96' title='bbox 509 1134 591 1192; x_wconf 82' lang='lat' dir='ltr'>„at</span> <span class='ocrx_word' id='word_1_97' title='bbox 637 1132 797 1179; x_wconf 87' lang='lat' dir='ltr'>laetus</span> <span class='ocrx_word' id='word_1_98' title='bbox 844 1133 1127 1180; x_wconf 86' lang='lat' dir='ltr'>Mnestheus</span> <span class='ocrx_word' id='word_1_99' title='bbox 1175 1147 1495 1193; x_wconf 87' lang='lat' dir='ltr'>successuque</span> <span class='ocrx_word' id='word_1_100' title='bbox 1549 1133 1708 1179; x_wconf 85' lang='lat' dir='ltr'>acrior</span> <span class='ocrx_word' id='word_1_101' title='bbox 1752 1133 1860 1193; x_wconf 90' lang='lat' dir='ltr'>ipso</span> 
     </span>
     <span class='ocr_line' id='line_1_14' title="bbox 177 1205 1863 1268; baseline 0.001 -17"><span class='ocrx_word' id='word_1_102' title='bbox 177 1207 370 1268; x_wconf 81' lang='lat' dir='ltr'>agmine</span> <span class='ocrx_word' id='word_1_103' title='bbox 402 1221 650 1252; x_wconf 88' lang='lat' dir='ltr'>remorum</span> <span class='ocrx_word' id='word_1_104' title='bbox 682 1205 827 1253; x_wconf 87' lang='lat' dir='ltr'>celeri</span> <span class='ocrx_word' id='word_1_105' title='bbox 859 1206 1117 1267; x_wconf 85' lang='lat' dir='ltr'>ventisque</span> <span class='ocrx_word' id='word_1_106' title='bbox 1148 1208 1337 1253; x_wconf 82' lang='lat' dir='ltr'>vocatis</span> <span class='ocrx_word' id='word_1_107' title='bbox 1370 1222 1526 1267; x_wconf 88' lang='lat' dir='ltr'>prona</span> <span class='ocrx_word' id='word_1_108' title='bbox 1553 1207 1682 1267; x_wconf 88' lang='lat' dir='ltr'>petit</span> <span class='ocrx_word' id='word_1_109' title='bbox 1704 1208 1863 1253; x_wconf 88' lang='lat' dir='ltr'>maria</span> 
     </span>
     <span class='ocr_line' id='line_1_15' title="bbox 176 1278 1864 1342; baseline 0 -16"><span class='ocrx_word' id='word_1_110' title='bbox 176 1282 223 1326; x_wconf 89' lang='lat' dir='ltr'>et</span> <span class='ocrx_word' id='word_1_111' title='bbox 262 1279 439 1341; x_wconf 86' lang='lat' dir='ltr'>pelago</span> <span class='ocrx_word' id='word_1_112' title='bbox 479 1281 726 1341; x_wconf 87' lang='lat' dir='ltr'>procurrit</span> <span class='ocrx_word' id='word_1_113' title='bbox 767 1278 967 1340; x_wconf 82' lang='lat' dir='ltr'>aperto“</span> <span class='ocrx_word' id='word_1_114' title='bbox 1007 1283 1055 1327; x_wconf 86' lang='lat' dir='ltr'>et</span> <span class='ocrx_word' id='word_1_115' title='bbox 1094 1281 1195 1326; x_wconf 90' lang='lat' dir='ltr'>iam</span> <span class='ocrx_word' id='word_1_116' title='bbox 1234 1282 1349 1341; x_wconf 88' lang='lat' dir='ltr'>post</span> <span class='ocrx_word' id='word_1_117' title='bbox 1380 1279 1670 1342; x_wconf 88' lang='lat' dir='ltr'>parabolam</span> <span class='ocrx_word' id='word_1_118' title='bbox 1701 1281 1864 1327; x_wconf 85' lang='lat' dir='ltr'>iunxit</span> 
     </span>
     <span class='ocr_line' id='line_1_16' title="bbox 178 1353 1862 1415; baseline 0.001 -16"><span class='ocrx_word' id='word_1_119' title='bbox 178 1368 302 1414; x_wconf 88' lang='lat' dir='ltr'>quae</span> <span class='ocrx_word' id='word_1_120' title='bbox 350 1353 678 1401; x_wconf 86' lang='lat' dir='ltr'>describebat:</span> <span class='ocrx_word' id='word_1_121' title='bbox 742 1356 790 1401; x_wconf 88' lang='lat' dir='ltr'>et</span> <span class='ocrx_word' id='word_1_122' title='bbox 836 1355 1054 1415; x_wconf 89' lang='lat' dir='ltr'>primum</span> <span class='ocrx_word' id='word_1_123' title='bbox 1099 1355 1151 1400; x_wconf 89' lang='lat' dir='ltr'>in</span> <span class='ocrx_word' id='word_1_124' title='bbox 1201 1354 1403 1415; x_wconf 88' lang='lat' dir='ltr'>scopulo</span> <span class='ocrx_word' id='word_1_125' title='bbox 1456 1355 1729 1402; x_wconf 85' lang='lat' dir='ltr'>luctantem</span> <span class='ocrx_word' id='word_1_126' title='bbox 1782 1353 1862 1400; x_wconf 89' lang='lat' dir='ltr'>de-</span> 
     </span>
     <span class='ocr_line' id='line_1_17' title="bbox 176 1427 1864 1491; baseline 0 -16"><span class='ocrx_word' id='word_1_127' title='bbox 176 1429 295 1475; x_wconf 85' lang='lat' dir='ltr'>serit</span> <span class='ocrx_word' id='word_1_128' title='bbox 327 1428 428 1475; x_wconf 87' lang='lat' dir='ltr'>alto</span> <span class='ocrx_word' id='word_1_129' title='bbox 462 1427 741 1491; x_wconf 82' lang='lat' dir='ltr'>Sergestum</span> <span class='ocrx_word' id='word_1_130' title='bbox 778 1428 1090 1487; x_wconf 72' lang='lat' dir='ltr'>breuibusque</span> <span class='ocrx_word' id='word_1_131' title='bbox 1120 1429 1261 1475; x_wconf 77' lang='lat' dir='ltr'>vadis</span> <span class='ocrx_word' id='word_1_132' title='bbox 1300 1430 1582 1488; x_wconf 74' lang='lat' dir='ltr'>frustraque</span> <span class='ocrx_word' id='word_1_133' title='bbox 1618 1431 1864 1475; x_wconf 79' lang='lat' dir='ltr'>vocantem</span> 
     </span>
     <span class='ocr_line' id='line_1_18' title="bbox 177 1501 1862 1562; baseline 0 -14"><span class='ocrx_word' id='word_1_134' title='bbox 177 1502 380 1549; x_wconf 72' lang='lat' dir='ltr'>auoeilia.</span> <span class='ocrx_word' id='word_1_135' title='bbox 437 1501 652 1549; x_wconf 83' lang='lat' dir='ltr'>deseruit</span> <span class='ocrx_word' id='word_1_136' title='bbox 684 1503 1009 1550; x_wconf 78' lang='lat' dir='ltr'>constitutum</span> <span class='ocrx_word' id='word_1_137' title='bbox 1042 1503 1095 1549; x_wconf 89' lang='lat' dir='ltr'>in</span> <span class='ocrx_word' id='word_1_138' title='bbox 1127 1517 1260 1562; x_wconf 84' lang='lat' dir='ltr'>saxo,</span> <span class='ocrx_word' id='word_1_139' title='bbox 1293 1502 1508 1550; x_wconf 89' lang='lat' dir='ltr'>deseruit</span> <span class='ocrx_word' id='word_1_140' title='bbox 1539 1503 1862 1549; x_wconf 88' lang='lat' dir='ltr'>constitutum</span> 
     </span>
     <span class='ocr_line' id='line_1_19' title="bbox 176 1575 1864 1637; baseline 0.001 -16"><span class='ocrx_word' id='word_1_141' title='bbox 176 1576 228 1622; x_wconf 90' lang='lat' dir='ltr'>in</span> <span class='ocrx_word' id='word_1_142' title='bbox 267 1575 430 1635; x_wconf 83' lang='lat' dir='ltr'>vadis,</span> <span class='ocrx_word' id='word_1_143' title='bbox 474 1576 692 1624; x_wconf 88' lang='lat' dir='ltr'>deseruit</span> <span class='ocrx_word' id='word_1_144' title='bbox 729 1577 916 1624; x_wconf 87' lang='lat' dir='ltr'>frustra</span> <span class='ocrx_word' id='word_1_145' title='bbox 954 1578 1214 1624; x_wconf 88' lang='lat' dir='ltr'>vocantem</span> <span class='ocrx_word' id='word_1_146' title='bbox 1254 1577 1460 1636; x_wconf 83' lang='lat' dir='ltr'>auxilia,</span> <span class='ocrx_word' id='word_1_147' title='bbox 1509 1577 1626 1637; x_wconf 87' lang='lat' dir='ltr'>quia</span> <span class='ocrx_word' id='word_1_148' title='bbox 1664 1575 1864 1624; x_wconf 88' lang='lat' dir='ltr'>volebat</span> 
     </span>
     <span class='ocr_line' id='line_1_20' title="bbox 176 1649 1862 1711; baseline -0.001 -15"><span class='ocrx_word' id='word_1_149' title='bbox 176 1650 370 1697; x_wconf 87' lang='lat' dir='ltr'>vincere</span> <span class='ocrx_word' id='word_1_150' title='bbox 411 1651 499 1711; x_wconf 89' lang='lat' dir='ltr'>qui</span> <span class='ocrx_word' id='word_1_151' title='bbox 535 1652 734 1711; x_wconf 88' lang='lat' dir='ltr'>poterat</span> <span class='ocrx_word' id='word_1_152' title='bbox 773 1650 1055 1698; x_wconf 85' lang='lat' dir='ltr'>subvenire:</span> <span class='ocrx_word' id='word_1_153' title='bbox 1094 1650 1277 1698; x_wconf 89' lang='lat' dir='ltr'>idcirco</span> <span class='ocrx_word' id='word_1_154' title='bbox 1310 1650 1496 1697; x_wconf 86' lang='lat' dir='ltr'>frustra</span> <span class='ocrx_word' id='word_1_155' title='bbox 1529 1650 1590 1698; x_wconf 88' lang='lat' dir='ltr'>ad</span> <span class='ocrx_word' id='word_1_156' title='bbox 1625 1649 1862 1697; x_wconf 85' lang='lat' dir='ltr'>auxilium</span> 
     </span>
     <span class='ocr_line' id='line_1_21' title="bbox 175 1723 1992 1785; baseline 0.001 -15"><span class='ocrx_word' id='word_1_157' title='bbox 175 1723 431 1770; x_wconf 87' lang='lat' dir='ltr'>ferendum</span> <span class='ocrx_word' id='word_1_158' title='bbox 469 1724 761 1784; x_wconf 73' lang='lat' dir='ltr'>vocabaturt,</span> <span class='ocrx_word' id='word_1_159' title='bbox 800 1725 913 1785; x_wconf 89' lang='lat' dir='ltr'>plus</span> <span class='ocrx_word' id='word_1_160' title='bbox 955 1725 1086 1772; x_wconf 87' lang='lat' dir='ltr'>enim</span> <span class='ocrx_word' id='word_1_161' title='bbox 1122 1724 1217 1771; x_wconf 89' lang='lat' dir='ltr'>sibi</span> <span class='ocrx_word' id='word_1_162' title='bbox 1249 1724 1481 1771; x_wconf 83' lang='lat' dir='ltr'>auxiliari</span> <span class='ocrx_word' id='word_1_163' title='bbox 1513 1723 1682 1771; x_wconf 87' lang='lat' dir='ltr'>debuit</span> <span class='ocrx_word' id='word_1_164' title='bbox 1715 1739 1863 1785; x_wconf 90' lang='lat' dir='ltr'>quam</span> <span class='ocrx_word' id='word_1_165' title='bbox 1889 1742 1908 1772; x_wconf 77' lang='lat'><strong><em>2</em></strong></span> <span class='ocrx_word' id='word_1_166' title='bbox 1981 1726 1992 1736; x_wconf 67' lang='grc'><strong><em>”</em></strong></span> 
     </span>
     <span class='ocr_line' id='line_1_22' title="bbox 177 1797 1862 1859; baseline 0 -15"><span class='ocrx_word' id='word_1_167' title='bbox 177 1797 335 1845; x_wconf 88' lang='lat' dir='ltr'>alteri.</span> <span class='ocrx_word' id='word_1_168' title='bbox 400 1802 442 1845; x_wconf 76' lang='lat' dir='ltr'>et</span> <span class='ocrx_word' id='word_1_169' title='bbox 477 1799 651 1858; x_wconf 70' lang='lat' dir='ltr'>fractis</span> <span class='ocrx_word' id='word_1_170' title='bbox 689 1799 944 1846; x_wconf 73' lang='lat' dir='ltr'>discentem</span> <span class='ocrx_word' id='word_1_171' title='bbox 975 1813 1167 1846; x_wconf 78' lang='lat' dir='ltr'>currere</span> <span class='ocrx_word' id='word_1_172' title='bbox 1198 1801 1365 1845; x_wconf 70' lang='lat' dir='ltr'>remis:</span> <span class='ocrx_word' id='word_1_173' title='bbox 1402 1798 1498 1845; x_wconf 89' lang='lat' dir='ltr'>huc</span> <span class='ocrx_word' id='word_1_174' title='bbox 1531 1813 1724 1858; x_wconf 88' lang='lat' dir='ltr'>quoque</span> <span class='ocrx_word' id='word_1_175' title='bbox 1754 1814 1862 1859; x_wconf 86' lang='lat' dir='ltr'>per-</span> 
     </span>
     <span class='ocr_line' id='line_1_23' title="bbox 174 1867 1864 1936; baseline 0 -18"><span class='ocrx_word' id='word_1_176' title='bbox 174 1871 303 1918; x_wconf 86' lang='lat' dir='ltr'>tinet</span> <span class='ocrx_word' id='word_1_177' title='bbox 335 1871 538 1934; x_wconf 83' lang='lat' dir='ltr'>deserit3</span> <span class='ocrx_word' id='word_1_178' title='bbox 569 1887 687 1919; x_wconf 89' lang='lat' dir='ltr'>nam</span> <span class='ocrx_word' id='word_1_179' title='bbox 719 1872 935 1920; x_wconf 88' lang='lat' dir='ltr'>deseruit</span> <span class='ocrx_word' id='word_1_180' title='bbox 969 1867 1267 1936; x_wconf 76' lang='lat' dir='ltr'>Sergestum⁶</span> <span class='ocrx_word' id='word_1_181' title='bbox 1282 1872 1555 1919; x_wconf 87' lang='lat' dir='ltr'>luctantem</span> <span class='ocrx_word' id='word_1_182' title='bbox 1588 1887 1699 1919; x_wconf 92' lang='lat' dir='ltr'>cum</span> <span class='ocrx_word' id='word_1_183' title='bbox 1730 1887 1864 1930; x_wconf 83' lang='lat' dir='ltr'>saxo,</span> 
     </span>
     <span class='ocr_line' id='line_1_24' title="bbox 178 1945 1864 2007; baseline 0.001 -16"><span class='ocrx_word' id='word_1_184' title='bbox 178 1945 309 2006; x_wconf 90' lang='lat' dir='ltr'>quod</span> <span class='ocrx_word' id='word_1_185' title='bbox 354 1961 531 1993; x_wconf 87' lang='lat' dir='ltr'>navem</span> <span class='ocrx_word' id='word_1_186' title='bbox 578 1947 819 1994; x_wconf 88' lang='lat' dir='ltr'>tenaciter</span> <span class='ocrx_word' id='word_1_187' title='bbox 855 1947 1116 2007; x_wconf 87' lang='lat' dir='ltr'>retinebat,</span> <span class='ocrx_word' id='word_1_188' title='bbox 1156 1948 1206 1994; x_wconf 88' lang='lat' dir='ltr'>et</span> <span class='ocrx_word' id='word_1_189' title='bbox 1243 1946 1566 1994; x_wconf 88' lang='lat' dir='ltr'>meditantem</span> <span class='ocrx_word' id='word_1_190' title='bbox 1605 1961 1661 1992; x_wconf 86' lang='lat' dir='ltr'>ex</span> <span class='ocrx_word' id='word_1_191' title='bbox 1701 1961 1864 1993; x_wconf 86' lang='lat' dir='ltr'>neces-</span> 
     </span>
     <span class='ocr_line' id='line_1_25' title="bbox 178 2018 1864 2081; baseline 0 -15"><span class='ocrx_word' id='word_1_192' title='bbox 178 2018 325 2066; x_wconf 88' lang='lat' dir='ltr'>sitate</span> <span class='ocrx_word' id='word_1_193' title='bbox 362 2035 467 2067; x_wconf 90' lang='lat' dir='ltr'>rem</span> <span class='ocrx_word' id='word_1_194' title='bbox 505 2035 701 2081; x_wconf 86' lang='lat' dir='ltr'>novam,</span> <span class='ocrx_word' id='word_1_195' title='bbox 735 2023 793 2068; x_wconf 91' lang='lat' dir='ltr'>ut</span> <span class='ocrx_word' id='word_1_196' title='bbox 822 2020 964 2068; x_wconf 87' lang='lat' dir='ltr'>navis</span> <span class='ocrx_word' id='word_1_197' title='bbox 997 2021 1101 2067; x_wconf 88' lang='lat' dir='ltr'>eius</span> <span class='ocrx_word' id='word_1_198' title='bbox 1134 2021 1239 2068; x_wconf 88' lang='lat' dir='ltr'>sine</span> <span class='ocrx_word' id='word_1_199' title='bbox 1270 2035 1517 2067; x_wconf 89' lang='lat' dir='ltr'>remorum</span> <span class='ocrx_word' id='word_1_200' title='bbox 1551 2019 1864 2067; x_wconf 88' lang='lat' dir='ltr'>adminiculis</span> 
     </span>
     <span class='ocr_line' id='line_1_26' title="bbox 177 2092 1862 2155; baseline 0 -15"><span class='ocrx_word' id='word_1_201' title='bbox 177 2095 406 2141; x_wconf 86' lang='lat' dir='ltr'>curreret.</span> <span class='ocrx_word' id='word_1_202' title='bbox 482 2095 596 2142; x_wconf 74' lang='lat' dir='ltr'>iude</span> <span class='ocrx_word' id='word_1_203' title='bbox 652 2093 798 2155; x_wconf 70' lang='lat' dir='ltr'>Gyan</span> <span class='ocrx_word' id='word_1_204' title='bbox 850 2096 1101 2154; x_wconf 75' lang='lat' dir='ltr'>ipsamque</span> <span class='ocrx_word' id='word_1_205' title='bbox 1152 2095 1335 2155; x_wconf 70' lang='lat' dir='ltr'>iuyeuti</span> <span class='ocrx_word' id='word_1_206' title='bbox 1386 2093 1508 2141; x_wconf 85' lang='lat' dir='ltr'>mole</span> <span class='ocrx_word' id='word_1_207' title='bbox 1557 2092 1862 2142; x_wconf 76' lang='lat' dir='ltr'>Chimaeram</span> 
     </span>
     <span class='ocr_line' id='line_1_27' title="bbox 176 2167 1864 2229; baseline 0 -15"><span class='ocrx_word' id='word_1_208' title='bbox 176 2169 505 2226; x_wconf 73' lang='lat' dir='ltr'>consequitur.-</span> <span class='ocrx_word' id='word_1_209' title='bbox 534 2168 670 2224; x_wconf 76' lang='lat' dir='ltr'>cedit,</span> <span class='ocrx_word' id='word_1_210' title='bbox 701 2170 931 2228; x_wconf 70' lang='lat' dir='ltr'>quoniam</span> <span class='ocrx_word' id='word_1_211' title='bbox 961 2169 1172 2227; x_wconf 75' lang='lat' dir='ltr'>spoliata</span> <span class='ocrx_word' id='word_1_212' title='bbox 1202 2170 1432 2229; x_wconf 61' lang='lat' dir='ltr'>magistro</span> <span class='ocrx_word' id='word_1_213' title='bbox 1465 2170 1559 2215; x_wconf 77' lang='lat' dir='ltr'>est:</span> <span class='ocrx_word' id='word_1_214' title='bbox 1596 2170 1644 2214; x_wconf 83' lang='lat' dir='ltr'>et</span> <span class='ocrx_word' id='word_1_215' title='bbox 1676 2167 1864 2214; x_wconf 89' lang='lat' dir='ltr'>factum</span> 
     </span>
     <span class='ocr_line' id='line_1_28' title="bbox 178 2239 1864 2304; baseline 0.001 -18"><span class='ocrx_word' id='word_1_216' title='bbox 178 2240 445 2302; x_wconf 85' lang='lat' dir='ltr'>explicavit</span> <span class='ocrx_word' id='word_1_217' title='bbox 500 2243 548 2289; x_wconf 88' lang='lat' dir='ltr'>et</span> <span class='ocrx_word' id='word_1_218' title='bbox 600 2242 723 2290; x_wconf 88' lang='lat' dir='ltr'>facti</span> <span class='ocrx_word' id='word_1_219' title='bbox 777 2257 988 2290; x_wconf 88' lang='lat' dir='ltr'>causam.</span> <span class='ocrx_word' id='word_1_220' title='bbox 1067 2243 1234 2302; x_wconf 85' lang='lat' dir='ltr'>cessit,</span> <span class='ocrx_word' id='word_1_221' title='bbox 1288 2243 1476 2304; x_wconf 89' lang='lat' dir='ltr'>inquit,</span> <span class='ocrx_word' id='word_1_222' title='bbox 1533 2239 1689 2302; x_wconf 80' lang='lat' dir='ltr'>Gyas,</span> <span class='ocrx_word' id='word_1_223' title='bbox 1747 2242 1864 2302; x_wconf 90' lang='lat' dir='ltr'>quia</span> 
     </span>
     <span class='ocr_line' id='line_1_29' title="bbox 180 2313 1864 2380; baseline 0 -19"><span class='ocrx_word' id='word_1_224' title='bbox 180 2313 439 2362; x_wconf 86' lang='lat' dir='ltr'>Chimaera</span> <span class='ocrx_word' id='word_1_225' title='bbox 491 2316 633 2363; x_wconf 87' lang='lat' dir='ltr'>navis</span> <span class='ocrx_word' id='word_1_226' title='bbox 689 2317 794 2363; x_wconf 83' lang='lat' dir='ltr'>eius</span> <span class='ocrx_word' id='word_1_227' title='bbox 848 2317 1144 2380; x_wconf 84' lang='lat' dir='ltr'>magistrum</span> <span class='ocrx_word' id='word_1_228' title='bbox 1196 2331 1294 2363; x_wconf 89' lang='lat' dir='ltr'>non</span> <span class='ocrx_word' id='word_1_229' title='bbox 1347 2315 1576 2363; x_wconf 84' lang='lat' dir='ltr'>habebat.</span> <span class='ocrx_word' id='word_1_230' title='bbox 1661 2315 1864 2362; x_wconf 84' lang='lat' dir='ltr'>transiit</span> 
     </span>
     <span class='ocr_line' id='line_1_30' title="bbox 176 2387 1864 2452; baseline 0 -17"><span class='ocrx_word' id='word_1_231' title='bbox 176 2387 332 2452; x_wconf 87' lang='lat' dir='ltr'>igitur</span> <span class='ocrx_word' id='word_1_232' title='bbox 370 2397 523 2435; x_wconf 84' lang='lat' dir='ltr'>unum</span> <span class='ocrx_word' id='word_1_233' title='bbox 562 2389 691 2436; x_wconf 88' lang='lat' dir='ltr'>saxis</span> <span class='ocrx_word' id='word_1_234' title='bbox 729 2389 948 2451; x_wconf 86' lang='lat' dir='ltr'>infixum,</span> <span class='ocrx_word' id='word_1_235' title='bbox 988 2390 1203 2437; x_wconf 84' lang='lat' dir='ltr'>alterum</span> <span class='ocrx_word' id='word_1_236' title='bbox 1241 2405 1372 2450; x_wconf 78' lang='lat' dir='ltr'>vem,</span> <span class='ocrx_word' id='word_1_237' title='bbox 1412 2389 1530 2451; x_wconf 89' lang='lat' dir='ltr'>quia</span> <span class='ocrx_word' id='word_1_238' title='bbox 1567 2389 1864 2452; x_wconf 84' lang='lat' dir='ltr'>magistrum</span> 
     </span>
    </p>
   </div>
   <div class='ocr_carea' id='block_1_3' title="bbox 178 2504 532 2509">
    <p class='ocr_par' dir='ltr' id='par_1_3' title="bbox 178 2504 532 2509">
     <span class='ocr_line' id='line_1_31' title="bbox 178 2504 532 2509; baseline 0 0"><span class='ocrx_word' id='word_1_239' title='bbox 178 2504 532 2509; x_wconf 95' lang='lat' dir='ltr'> </span> 
     </span>
    </p>
   </div>
   <div class='ocr_carea' id='block_1_4' title="bbox 172 2572 1958 3043">
    <p class='ocr_par' dir='ltr' id='par_1_4' title="bbox 172 2572 1958 2926">
     <span class='ocr_line' id='line_1_32' title="bbox 297 2572 1958 2631; baseline -0.001 -13"><span class='ocrx_word' id='word_1_240' title='bbox 297 2578 323 2618; x_wconf 87' lang='lat'>5</span> <span class='ocrx_word' id='word_1_241' title='bbox 355 2574 578 2618; x_wconf 81' lang='lat' dir='ltr'>eeleritate</span> <span class='ocrx_word' id='word_1_242' title='bbox 608 2573 695 2617; x_wconf 90' lang='lat' dir='ltr'>LR</span> <span class='ocrx_word' id='word_1_243' title='bbox 727 2579 832 2619; x_wconf 83' lang='lat' dir='ltr'>-tem</span> <span class='ocrx_word' id='word_1_244' title='bbox 863 2575 933 2618; x_wconf 87' lang='lat' dir='ltr'>ed.</span> <span class='ocrx_word' id='word_1_245' title='bbox 965 2577 970 2631; x_wconf 82' lang='grc' dir='ltr'>Ι</span> <span class='ocrx_word' id='word_1_246' title='bbox 996 2576 1195 2619; x_wconf 71' lang='lat' dir='ltr'>volatum</span> <span class='ocrx_word' id='word_1_247' title='bbox 1226 2574 1313 2617; x_wconf 82' lang='lat' dir='ltr'>LR</span> <span class='ocrx_word' id='word_1_248' title='bbox 1344 2576 1437 2618; x_wconf 78' lang='lat' dir='ltr'>—tui</span> <span class='ocrx_word' id='word_1_249' title='bbox 1466 2574 1537 2618; x_wconf 84' lang='lat' dir='ltr'>ed.</span> <span class='ocrx_word' id='word_1_250' title='bbox 1640 2577 1663 2616; x_wconf 81' lang='lat'><strong>7</strong></span> <span class='ocrx_word' id='word_1_251' title='bbox 1697 2572 1866 2617; x_wconf 70' lang='lat' dir='ltr'>accidit</span> <span class='ocrx_word' id='word_1_252' title='bbox 1954 2583 1958 2585; x_wconf 68' lang='grc'><strong><em>’</em></strong></span> 
     </span>
     <span class='ocr_line' id='line_1_33' title="bbox 177 2632 1801 2689; baseline 0 -13"><span class='ocrx_word' id='word_1_253' title='bbox 177 2633 264 2676; x_wconf 83' lang='lat' dir='ltr'>LR</span> <span class='ocrx_word' id='word_1_254' title='bbox 294 2633 466 2678; x_wconf 78' lang='lat' dir='ltr'>accedit</span> <span class='ocrx_word' id='word_1_255' title='bbox 495 2633 565 2676; x_wconf 87' lang='lat' dir='ltr'>ed.</span> <span class='ocrx_word' id='word_1_256' title='bbox 610 2635 616 2688; x_wconf 84' lang='grc' dir='ltr'>Ι</span> <span class='ocrx_word' id='word_1_257' title='bbox 665 2634 774 2677; x_wconf 81' lang='lat' dir='ltr'>haec</span> <span class='ocrx_word' id='word_1_258' title='bbox 803 2633 891 2676; x_wconf 80' lang='lat' dir='ltr'>LR-</span> <span class='ocrx_word' id='word_1_259' title='bbox 919 2635 1004 2678; x_wconf 78' lang='lat' dir='ltr'>hae</span> <span class='ocrx_word' id='word_1_260' title='bbox 1033 2649 1056 2676; x_wconf 86' lang='lat' dir='ltr'>r</span> <span class='ocrx_word' id='word_1_261' title='bbox 1088 2633 1158 2677; x_wconf 86' lang='lat' dir='ltr'>ed.</span> <span class='ocrx_word' id='word_1_262' title='bbox 1289 2638 1314 2677; x_wconf 84' lang='lat'>9</span> <span class='ocrx_word' id='word_1_263' title='bbox 1347 2647 1370 2677; x_wconf 86' lang='lat' dir='ltr'>e</span> <span class='ocrx_word' id='word_1_264' title='bbox 1401 2633 1700 2689; x_wconf 60' lang='lat' dir='ltr'>descriptione</span> <span class='ocrx_word' id='word_1_265' title='bbox 1731 2632 1801 2676; x_wconf 88' lang='lat' dir='ltr'>ed.</span> 
     </span>
     <span class='ocr_line' id='line_1_34' title="bbox 181 2691 1864 2749; baseline -0.001 -13"><span class='ocrx_word' id='word_1_266' title='bbox 181 2697 234 2736; x_wconf 84' lang='lat'>11</span> <span class='ocrx_word' id='word_1_267' title='bbox 267 2697 473 2736; x_wconf 77' lang='lat' dir='ltr'>tanetum</span> <span class='ocrx_word' id='word_1_268' title='bbox 495 2691 582 2734; x_wconf 86' lang='lat' dir='ltr'>LR</span> <span class='ocrx_word' id='word_1_269' title='bbox 613 2694 818 2737; x_wconf 74' lang='lat' dir='ltr'>iunctum</span> <span class='ocrx_word' id='word_1_270' title='bbox 840 2707 864 2735; x_wconf 86' lang='lat'>1·</span> <span class='ocrx_word' id='word_1_271' title='bbox 894 2698 1003 2737; x_wconf 72' lang='lat' dir='ltr'>tune</span> <span class='ocrx_word' id='word_1_272' title='bbox 1026 2693 1096 2736; x_wconf 87' lang='lat' dir='ltr'>ed.</span> <span class='ocrx_word' id='word_1_273' title='bbox 1203 2696 1258 2736; x_wconf 82' lang='lat'>14</span> <span class='ocrx_word' id='word_1_274' title='bbox 1282 2693 1518 2749; x_wconf 75' lang='lat' dir='ltr'>proewrrit</span> <span class='ocrx_word' id='word_1_275' title='bbox 1547 2691 1634 2734; x_wconf 82' lang='lat' dir='ltr'>LR</span> <span class='ocrx_word' id='word_1_276' title='bbox 1666 2691 1864 2736; x_wconf 80' lang='lat' dir='ltr'>decurrit</span> 
     </span>
     <span class='ocr_line' id='line_1_35' title="bbox 178 2750 1951 2808; baseline 0 -14"><span class='ocrx_word' id='word_1_277' title='bbox 178 2764 339 2808; x_wconf 87' lang='lat' dir='ltr'>supra:</span> <span class='ocrx_word' id='word_1_278' title='bbox 372 2753 529 2808; x_wconf 80' lang='lat' dir='ltr'>potest</span> <span class='ocrx_word' id='word_1_279' title='bbox 558 2750 732 2795; x_wconf 85' lang='lat' dir='ltr'>Donati</span> <span class='ocrx_word' id='word_1_280' title='bbox 763 2765 890 2795; x_wconf 84' lang='lat' dir='ltr'>error</span> <span class='ocrx_word' id='word_1_281' title='bbox 921 2765 1032 2795; x_wconf 83' lang='lat' dir='ltr'>esse.</span> <span class='ocrx_word' id='word_1_282' title='bbox 1151 2755 1205 2796; x_wconf 85' lang='lat'>15</span> <span class='ocrx_word' id='word_1_283' title='bbox 1236 2752 1434 2807; x_wconf 78' lang='lat' dir='ltr'>seopulis</span> <span class='ocrx_word' id='word_1_284' title='bbox 1463 2751 1551 2794; x_wconf 87' lang='lat' dir='ltr'>LR</span> <span class='ocrx_word' id='word_1_285' title='bbox 1582 2752 1740 2807; x_wconf 84' lang='lat' dir='ltr'>(supra</span> <span class='ocrx_word' id='word_1_286' title='bbox 1770 2763 1862 2794; x_wconf 82' lang='lat' dir='ltr'>sco·</span> <span class='ocrx_word' id='word_1_287' title='bbox 1947 2765 1951 2773; x_wconf 88' lang='lat'><em>·</em></span> 
     </span>
     <span class='ocr_line' id='line_1_36' title="bbox 172 2810 1864 2868; baseline -0.001 -13"><span class='ocrx_word' id='word_1_288' title='bbox 172 2811 315 2867; x_wconf 76' lang='lat' dir='ltr'>pulo).</span> <span class='ocrx_word' id='word_1_289' title='bbox 442 2813 495 2854; x_wconf 89' lang='grc'>16</span> <span class='ocrx_word' id='word_1_290' title='bbox 527 2810 644 2855; x_wconf 83' lang='lat' dir='ltr'>altos</span> <span class='ocrx_word' id='word_1_291' title='bbox 672 2814 866 2868; x_wconf 75' lang='lat' dir='ltr'>eyestum</span> <span class='ocrx_word' id='word_1_292' title='bbox 897 2810 985 2854; x_wconf 85' lang='lat' dir='ltr'>LR</span> <span class='ocrx_word' id='word_1_293' title='bbox 1015 2813 1175 2868; x_wconf 81' lang='lat' dir='ltr'>(supra</span> <span class='ocrx_word' id='word_1_294' title='bbox 1204 2812 1360 2868; x_wconf 82' lang='lat' dir='ltr'>recte).</span> <span class='ocrx_word' id='word_1_295' title='bbox 1493 2813 1547 2853; x_wconf 86' lang='lat'>19</span> <span class='ocrx_word' id='word_1_296' title='bbox 1581 2811 1662 2866; x_wconf 80' lang='lat' dir='ltr'>qui</span> <span class='ocrx_word' id='word_1_297' title='bbox 1689 2813 1864 2864; x_wconf 78' lang='lat' dir='ltr'>poterat</span> 
     </span>
     <span class='ocr_line' id='line_1_37' title="bbox 179 2866 1951 2926; baseline 0.001 -14"><span class='ocrx_word' id='word_1_298' title='bbox 179 2869 266 2912; x_wconf 86' lang='lat' dir='ltr'>LR</span> <span class='ocrx_word' id='word_1_299' title='bbox 295 2871 407 2926; x_wconf 78' lang='lat' dir='ltr'>quia</span> <span class='ocrx_word' id='word_1_300' title='bbox 429 2873 614 2926; x_wconf 77' lang='lat' dir='ltr'>poterat</span> <span class='ocrx_word' id='word_1_301' title='bbox 642 2867 787 2912; x_wconf 88' lang='lat' dir='ltr'>HOU</span> <span class='ocrx_word' id='word_1_302' title='bbox 824 2871 935 2925; x_wconf 77' lang='lat' dir='ltr'>quia</span> <span class='ocrx_word' id='word_1_303' title='bbox 965 2883 1059 2914; x_wconf 74' lang='lat' dir='ltr'>‘non</span> <span class='ocrx_word' id='word_1_304' title='bbox 1086 2877 1142 2925; x_wconf 69' lang='lat' dir='ltr'>p.</span> <span class='ocrx_word' id='word_1_305' title='bbox 1175 2869 1246 2913; x_wconf 85' lang='lat' dir='ltr'>ed.</span> <span class='ocrx_word' id='word_1_306' title='bbox 1369 2873 1425 2912; x_wconf 80' lang='lat'>22</span> <span class='ocrx_word' id='word_1_307' title='bbox 1457 2882 1559 2913; x_wconf 84' lang='lat' dir='ltr'>cum</span> <span class='ocrx_word' id='word_1_308' title='bbox 1589 2868 1676 2912; x_wconf 86' lang='lat' dir='ltr'>LR</span> <span class='ocrx_word' id='word_1_309' title='bbox 1706 2869 1758 2912; x_wconf 78' lang='lat' dir='ltr'>in</span> <span class='ocrx_word' id='word_1_310' title='bbox 1788 2866 1860 2913; x_wconf 74' lang='lat' dir='ltr'>ed,</span> <span class='ocrx_word' id='word_1_311' title='bbox 1942 2866 1951 2887; x_wconf 80' lang='grc'>’·</span> 
     </span>
    </p>

    <p class='ocr_par' dir='ltr' id='par_1_5' title="bbox 177 2924 1932 3043">
     <span class='ocr_line' id='line_1_38' title="bbox 269 2924 1862 2985; baseline -0.002 -13"><span class='ocrx_word' id='word_1_312' title='bbox 269 2932 324 2972; x_wconf 79' lang='lat'>26</span> <span class='ocrx_word' id='word_1_313' title='bbox 356 2930 487 2973; x_wconf 76' lang='lat' dir='ltr'>cessit</span> <span class='ocrx_word' id='word_1_314' title='bbox 514 2928 565 2972; x_wconf 89' lang='lat' dir='ltr'>in</span> <span class='ocrx_word' id='word_1_315' title='bbox 594 2927 814 2972; x_wconf 82' lang='lat' dir='ltr'>lemmate</span> <span class='ocrx_word' id='word_1_316' title='bbox 845 2929 964 2973; x_wconf 79' lang='lat' dir='ltr'>cedit</span> <span class='ocrx_word' id='word_1_317' title='bbox 991 2929 1041 2972; x_wconf 90' lang='lat' dir='ltr'>in</span> <span class='ocrx_word' id='word_1_318' title='bbox 1072 2928 1263 2985; x_wconf 85' lang='lat' dir='ltr'>interpr.</span> <span class='ocrx_word' id='word_1_319' title='bbox 1289 2927 1359 2974; x_wconf 86' lang='lat' dir='ltr'>ed.</span> <span class='ocrx_word' id='word_1_320' title='bbox 1473 2932 1528 2972; x_wconf 83' lang='lat'>28</span> <span class='ocrx_word' id='word_1_321' title='bbox 1561 2927 1748 2972; x_wconf 75' lang='lat' dir='ltr'>transiit</span> <span class='ocrx_word' id='word_1_322' title='bbox 1775 2924 1862 2970; x_wconf 90' lang='lat' dir='ltr'>LR</span> 
     </span>
     <span class='ocr_line' id='line_1_39' title="bbox 177 2986 512 3043; baseline -0.006 -11"><span class='ocrx_word' id='word_1_323' title='bbox 177 2988 413 3043; x_wconf 80' lang='lat' dir='ltr'>praeteriit</span> <span class='ocrx_word' id='word_1_324' title='bbox 442 2986 512 3031; x_wconf 86' lang='lat' dir='ltr'>ed.</span> 
     </span>
    </p>
   </div>
   <div class='ocr_carea' id='block_1_5' title="bbox 1884 0 2014 3226">
    <p class='ocr_par' dir='ltr' id='par_1_6' title="bbox 1884 0 2014 3226">
     <span class='ocr_line' id='line_1_40' title="bbox 1884 0 2014 3226; baseline 0 0"><span class='ocrx_word' id='word_1_325' title='bbox 1884 0 2014 3226; x_wconf 95' lang='lat' dir='ltr'> </span> 
     </span>
    </p>
   </div>
  </div>
 </body>
</html>
