2014 3226
804 150 1107 194 AENEIDOS
1138 151 1181 193 Π
1341 197 1346 200 ,
1743 153 1845 203 189

154 294 292 354 quies
332 307 448 354 ergo
489 291 778 338 dormientis
819 291 1031 351 abrupta
1071 293 1159 338 est.
1229 295 1271 338 et
1301 293 1477 337 summi
1508 292 1708 350 fastigia
1743 295 1848 339 tecti

154 380 355 413 ascensa
393 380 566 424 supero
607 368 748 424 atque
788 367 990 411 arrectis
1029 366 1234 412 auribus
1274 365 1435 411 adsto:
1476 365 1626 424 volui,
1664 366 1845 426 inquit,

154 439 271 501 quid
326 454 502 486 causae
557 442 683 486 esset
737 438 992 500 explorare
1047 438 1107 486 de
1154 453 1358 488 summo..
1437 454 1640 486 ascensu
1687 438 1844 501 igitur

152 529 260 560 meo
301 513 532 573 superavi
571 528 817 559 summum
855 514 1043 559 tectum
1082 514 1132 559 et
1172 513 1377 561 attentis
1415 512 1617 559 auribus
1650 513 1846 576 singula

109 606 128 637 5
155 586 292 648 coepi
333 589 546 647 captare,
588 586 1013 647 conprehensurus
1052 586 1241 634 scilicet
1281 602 1338 632 ex
1379 587 1482 634 alto
1523 602 1650 647 quae
1688 586 1848 635 videri

153 678 241 722 per
278 660 504 707 incendia
544 663 746 721 possent
785 661 865 707 vel
905 659 1150 707 audiendo
1191 662 1432 723 cognosci.
1511 660 1671 708 mittit
1711 661 1845 708 simi-

153 734 436 794 litudinem,
484 736 539 780 ut
579 734 810 782 ostendat
852 733 1263 795 quemadmodum
1305 735 1482 782 civitas
1523 734 1729 782 ardebat
1767 735 1846 786 vel

156 809 572 870 quemadmodum
612 810 849 868 strepitus
889 808 969 855 vel
1002 808 1240 855 clamores
1273 808 1455 856 diversi
1486 809 1751 856 veniebant
1782 808 1846 856 ad

155 883 287 930 auris
329 883 448 942 eius,
491 897 782 943 comparans
825 882 918 930 sibi
956 883 1223 946 pastorem,
1256 885 1444 944 segetes
1476 898 1592 930 vero
1627 882 1845 930 ardentis

88 975 130 1007 10
154 958 382 1004 incensae
421 957 631 1017 patriae,
671 947 1052 1003 maiorem'vim
1090 957 1271 1003 maiori
1310 957 1595 1015 violentiae,
1635 957 1845 1004 furentis

154 1033 346 1078 austros
387 1030 719 1078 saevientibus
761 1029 975 1078 Graecis.
1038 1029 1222 1077 idcirco
1262 1032 1334 1078 ait
1376 1032 1426 1077 in
1464 1034 1662 1090 seyetem
1700 1032 1846 1078 veluti

153 1120 260 1152 cam
290 1107 493 1162 flamina
524 1105 799 1163 furentibus
831 1106 1016 1152 austris
1045 1105 1218 1151 incidit
1248 1108 1335 1151 aat
1364 1105 1571 1164 rapidas
1602 1109 1829 1151 montano
1848 1109 1934 1148 305

152 1180 351 1237 flamine
402 1181 587 1225 torrens
638 1180 807 1226 sternit
855 1192 1021 1238 agyras,
1067 1180 1239 1226 sternit
1282 1182 1392 1226 sata
1438 1179 1566 1226 laeta
1613 1180 1846 1238 boumque

152 1254 340 1300 labores
370 1254 755 1312 praecipitesque
794 1254 943 1300 trahit
979 1253 1144 1306 silvas,
1185 1255 1343 1311 stupet
1379 1254 1562 1300 inscias
1593 1253 1690 1300 alto
1723 1255 1845 1300 aeci-

87 1345 129 1376 15
144 1328 289 1386 piens
326 1328 537 1374 sonitum
574 1329 686 1374 saxi
723 1328 782 1374 de
818 1328 991 1374 vertice
1020 1331 1226 1386 pastor..
1285 1330 1387 1373 tam
1425 1341 1535 1374 vero
1582 1329 1845 1386 manifesta

151 1402 273 1459 fides
304 1402 634 1460 Danaumque
663 1404 925 1460 patescant
959 1402 1184 1448 insidiae.
1252 1402 1385 1461 tunc,
1416 1401 1596 1462 inquit,
1627 1401 1828 1448 incertis
1848 1405 1934 1446 310

153 1478 203 1521 et
241 1475 403 1522 dubiis
443 1475 784 1523 recedentibus
817 1475 1083 1522 manifesta
1115 1475 1299 1522 veritas
1330 1477 1510 1536 patuit,
1542 1477 1661 1522 tunc
1695 1473 1843 1522 Grae-

152 1564 320 1596 corum
358 1549 569 1596 insidiae
610 1548 979 1597 dominantibus
1018 1550 1120 1596 iam
1159 1549 1305 1597 malis
1345 1550 1527 1597 nostris
1575 1549 1844 1596 evidentis—

152 1625 272 1670 sime
313 1623 611 1670 claruerunt.
689 1624 905 1671 narratis
945 1624 1137 1670 interea
1178 1639 1303 1684 quae
1344 1623 1545 1671 auribus
1587 1625 1844 1684 acceperat

86 1713 128 1745 20
152 1697 330 1758 incipit
374 1698 558 1744 referre
605 1697 737 1759 quod
781 1697 1065 1758 pertinebat
1112 1697 1175 1744 ad
1220 1698 1406 1744 visum:
1460 1699 1562 1745 iam
1603 1697 1846 1756 Deiphobi

152 1771 283 1819 dedit
327 1771 495 1830 ampla
540 1773 742 1819 rufinam
791 1772 1008 1819 Vulcano
1054 1775 1315 1831 superante
1354 1772 1546 1826 domas,
1595 1773 1698 1818 iam
1726 1786 1844 1830 pro-

151 1847 312 1892 ximas
344 1845 483 1893 ardet
522 1846 775 1906 Ucaleyon,
807 1845 953 1906 Sigea
984 1847 1087 1905 tyni
1124 1846 1251 1904 freta
1291 1845 1393 1892 lata
1420 1846 1653 1892 relucent.
1727 1846 1844 1902 iam,

151 1919 330 1980 inquit,
369 1918 576 1967 ardebat
615 1920 853 1981 quicquid
891 1920 1073 1967 nostris
1112 1919 1386 1980 parietibus
1420 1920 1701 1980 proximum
1732 1919 1844 1980 fuit,

152 1992 400 2054 Deiphobi
453 1995 503 2041 et
556 1993 854 2057 Ucalegonis
913 1993 1109 2053 domus,
1171 1993 1271 2041 iam
1331 1994 1542 2040 funestis
1603 1992 1843 2041 incendiis

86 2083 130 2116 ²5
147 2067 344 2128 patriae
375 2067 731 2115 inluminatum
761 2069 926 2116 fuerat
948 2083 1099 2115 mare.
1151 2069 1365 2116 aroritar
1388 2068 1660 2127 clamorque
1683 2069 1844 2115 virum

153 2142 440 2202 clangorque
471 2142 722 2190 tubarum:
762 2158 819 2190 eo
855 2142 1088 2204 pertinet,
1121 2143 1242 2203 quia
1273 2141 1400 2188 dixit
1436 2143 1542 2189 tum
1583 2157 1700 2190 vero
1739 2157 1843 2188 ma-

151 2215 335 2263 nifesta
357 2215 477 2263 fides
502 2215 831 2278 Danaumque
861 2217 1126 2278 patescunt
1156 2216 1379 2264 insidiae.
1427 2217 1627 2263 tantum
1660 2215 1842 2277 quippe

73 2327 75 2330 .
153 2289 465 2350 profecerant
497 2288 798 2338 Graecorum
837 2290 955 2350 doli,
993 2292 1051 2338 ut
1089 2290 1216 2338 nihil
1253 2291 1355 2336 iam
1394 2291 1672 2352 superesset
1712 2289 1844 2350 quod

153 2363 344 2411 occulte
381 2364 689 2424 molirentur,
727 2379 883 2426 usque
924 2364 1047 2412 adeo
1085 2366 1146 2414 ut
1183 2380 1273 2412 nec
1313 2364 1526 2411 clamare
1564 2364 1845 2411 metuerent

82 2451 132 2485 ιο
155 2452 243 2484 nec
281 2452 483 2485 suorum
523 2438 714 2486 animos
753 2439 981 2486 tubarum
1006 2437 1340 2502 clangoribus
1379 2439 1608 2486 excitare.
1677 2437 1844 2486 videa-

154 2526 262 2559 mus
299 2511 380 2559 hic
420 2512 582 2573 qualis
620 2512 818 2560 Aeneae
856 2514 1101 2560 tractatus
1139 2511 1359 2573 inducat,
1399 2512 1481 2560 cui
1518 2513 1685 2574 imago
1717 2509 1842 2559 Hec-

154 2584 274 2633 toris
305 2585 596 2648 fugiendum
619 2585 811 2633 dixerat
836 2588 885 2634 et
909 2586 1048 2634 cuius
1073 2586 1354 2648 aspectibus
1385 2585 1619 2633 interitus
1649 2585 1842 2646 patriae

29 2717 44 2723 ,ι
154 2657 451 2708 subiacebat.
530 2659 723 2719 audito,
769 2660 956 2722 inquit,
1001 2660 1239 2708 tubarum
1285 2660 1516 2724 clangore
1567 2660 1617 2707 et
1669 2660 1841 2720 aperto

42 2722 55 2814 ἰ
95 2754 98 2758 ’
155 2732 343 2780 excidio
376 2733 602 2782 civitatis
643 2749 874 2782 accensus
913 2749 1011 2782 non
1050 2734 1174 2798 fugi,
1214 2737 1271 2782 ut
1308 2733 1514 2782 Hectori
1550 2733 1715 2780 visum
1752 2733 1842 2792 est,

277 2907 330 2946 12
361 2904 532 2948 incedit
559 2903 647 2946 LR
679 2917 794 2948 corr.
819 2918 855 2947 r.
966 2907 1024 2947 24
1054 2905 1150 2950 iam
1181 2903 1268 2947 LR
1298 2907 1341 2947 et
1371 2905 1464 2947 iam
1495 2902 1566 2947 ed.
1681 2906 1735 2945 31
1770 2903 1840 2945 in-

157 2959 355 3006 ducatur
384 2963 456 3007 ed.
579 2966 635 3006 32
667 2963 938 3021 f-uyie‘ndum
970 2962 1056 3006 LR
1085 2963 1119 3017 f.
1145 2976 1235 3009 esse
1266 2962 1340 3009 ed.
1385 2965 1390 3016 Ι
1440 2962 1678 3016 affectibus
1709 2960 1780 3004 ed.
