2014 3226
243 203 355 255 484
713 202 945 246 DONATI
976 202 1255 246 INTERPR.
1290 203 1469 246 VERG.

245 343 501 406 apparuit,
549 344 604 389 ut
643 342 749 389 fieri
791 343 916 390 solet
955 344 1014 389 ut
1061 342 1319 389 stellarum
1358 343 1598 391 transitus
1639 343 1853 392 existant
1893 348 1941 394 et

247 419 391 478 quasi
431 417 646 478 quodam
678 416 906 464 incendio
930 416 1039 463 vias
1071 419 1348 464 monstrent
1380 416 1616 464 continuo
1649 434 1938 467 recessuras.

155 497 243 536 530
261 493 475 539 attonitis
500 491 692 538 haesere
724 492 904 537 animis
933 504 1227 550 superosque
1250 493 1443 550 precati
1472 492 1721 539 Trinacrii
1749 493 1941 540 Teucri-

246 580 335 624 que
357 566 481 612 viri:
520 565 741 611 omnium
772 567 961 611 mentes
993 563 1128 610 visus
1167 563 1261 611 iste
1293 564 1600 625 turbaverat,
1643 566 1941 614 Teucrorum
2013 577 2014 608 3

246 638 436 686 scilicet
476 640 525 684 et
558 637 851 697 Siculorum,
890 637 1055 685 nullus
1095 639 1264 684 tamen
1305 638 1580 686 discernere
1620 639 1780 687 valuit
1819 640 1941 701 quid
1984 624 2014 693 εἷ

244 712 522 775 ingrueret3
564 713 738 772 stupor
770 713 901 758 enim
934 727 990 757 ex
1022 710 1283 772 repentino
1315 711 1448 760 facto
1482 713 1689 760 consilia
1722 715 1941 761 omnium

244 785 583 847 iudiciumque
609 785 914 833 confuderat.
969 800 1055 833 uec
1077 787 1322 832 ‘maximus
1354 800 1491 834 omen
1523 788 1695 834 abnuit
1724 785 1943 836 Aeneas:
1996 819 2000 836 Α

244 860 439 907 Aeneas
489 860 734 906 maximus
772 860 865 907 hoc
906 861 981 906 est
1019 859 1190 922 magni
1228 860 1510 908 intellectus
1559 861 1747 908 arbiter
1800 877 1942 909 omen
1996 848 2000 860 ¹

243 950 342 980 non
383 933 558 981 abnuit
596 932 650 980 id
689 935 763 981 est
802 949 900 981 non
938 932 1200 993 recusavit,
1243 933 1327 981 sed
1361 934 1573 996 arripuit
1604 934 1764 999 magis
1797 935 1941 983 aesti-
1973 923 2001 997 ¹²>

241 1023 383 1055 mans
432 1007 700 1055 secundum
746 1007 1090 1071 magisterium
1135 1008 1317 1068 patris,
1373 1024 1485 1055 cum
1533 1024 1590 1055 ex
1629 1008 1730 1056 Iuli
1776 1011 1939 1071 capite

243 1081 422 1129 exisset
460 1081 674 1141 flamma,
714 1082 882 1144 ignem
913 1097 1150 1142 prospera
1191 1081 1358 1143 potius
1400 1098 1549 1142 quam
1581 1082 1788 1131 adversa
1828 1099 1940 1146 por·

242 1156 454 1203 tendere.
509 1156 595 1202 sed
633 1156 813 1203 laetum
854 1156 1106 1215 ampteaeus
1144 1153 1374 1202 Acesten:
1422 1171 1532 1203 cum
1568 1156 1689 1204 dicit
1727 1157 1941 1205 Acesten
1967 1167 1989 1218 5.-

241 1230 450 1288 laetum‚
492 1228 710 1277 ostendit
750 1231 902 1277 etiam
940 1230 1105 1290 ipsum
1144 1230 1279 1276 laeta
1318 1229 1539 1278 sensisse.
1618 1231 1747 1278 hunc
1785 1232 1942 1294 igitur
1967 1229 1989 1285 {-

243 1303 437 1351 Aeneas
471 1304 729 1364 amplexus
760 1304 1044 1351 muneribus
1075 1304 1293 1350 cumulat
1313 1306 1507 1365 ‘maguis
1539 1319 1597 1352 ae
1627 1305 1750 1352 talia
1780 1306 1941 1364 fatur:
1966 1293 1990 1355 {⁴

244 1393 353 1425 ecce
394 1379 443 1424 et
483 1380 806 1440 augmentum
837 1392 1097 1424 munerum
1145 1377 1361 1424 ostendit
1407 1378 1534 1425 nihil
1579 1378 1693 1427 illos
1734 1379 1941 1428 sensisse
1969 1384 1978 1438 ᾗ

242 1451 579 1499 metuendum.
644 1453 953 1499 accesserunt
986 1453 1036 1498 et
1068 1451 1219 1498 verba
1243 1451 1456 1512 Aeneae,
1489 1468 1615 1514 quae
1648 1451 1995 1526 interpretas-1

242 1527 428 1572 tionem
470 1527 696 1573 tenerent
734 1525 944 1573 monstri
985 1525 1110 1572 nihil
1149 1524 1291 1573 triste
1325 1525 1665 1589 significantis.
1728 1528 1942 1574 muneri-
1991 1530 1993 1562 ἶ

242 1599 348 1659 bus,
388 1601 568 1661 inquit,
610 1600 833 1647 cumulat
871 1599 1087 1662 magnis3
1128 1599 1300 1647 debuit
1339 1601 1470 1647 enim
1501 1616 1591 1662 pro
1623 1602 1801 1648 merito
1832 1617 1940 1662 per-

244 1689 394 1721 sonae
434 1689 552 1721 suae
592 1676 914 1736 conpetenter
947 1674 1198 1734 honorari,
1232 1673 1317 1735 qui
1349 1675 1525 1721 fuisset
1557 1690 1717 1734 senex,
1749 1675 1963 1739 hospes,⁴

243 1747 396 1807 dives,
429 1747 665 1808 liberalis,
697 1747 944 1796 officiosus
986 1750 1036 1795 et
1076 1747 1210 1795 civis.
1273 1762 1422 1804 sume,
1445 1751 1617 1808 pater:
1655 1765 1753 1796 uno
1793 1742 1966 1797 verbe

244 1823 295 1868 et
332 1823 530 1869 nomine
562 1821 854 1886 religionem
884 1822 1084 1883 plenam
1115 1822 1412 1884 praecipuae
1446 1823 1671 1870 caritatis
1703 1823 1942 1884 expressit
1957 1808 1970 1830 ’

243 1895 449 1943 dicendo
491 1911 644 1956 sume,
678 1895 882 1943 dicendo
916 1898 1071 1958 pater.
1142 1911 1278 1944 sume
1311 1898 1443 1943 enim
1474 1896 1679 1944 verbum
1709 1896 1802 1944 hoc
1832 1897 1978 1953 locos

244 1985 344 2017 non
381 1969 663 2017 tradentem
711 1969 982 2033 significat,
1030 1969 1114 2018 sed
1153 1971 1437 2017 hortantem
1475 1971 1533 2016 ut
1580 1970 1674 2018 sibi
1714 1970 1820 2032 ipse
1850 1965 1998 2032 profi.v

243 2058 333 2092 suo
371 2044 549 2090 merito
590 2043 889 2103 vindicaret,
942 2043 1073 2105 quod
1118 2044 1230 2105 plus
1278 2044 1376 2091 fuit
1422 2060 1572 2105 quam
1613 2044 1751 2092 dare:
1803 2059 1860 2092 ac
1898 2041 1978 2119 si}-

245 2117 450 2178 diceret‚
491 2117 624 2178 quod
664 2120 739 2166 est
777 2117 828 2165 in
868 2132 960 2165 usu
999 2117 1278 2177 hominum,
1325 2133 1402 2165 res
1450 2133 1559 2165 mea
1597 2133 1676 2166 res
1714 2121 1803 2165 tua
1850 2119 1943 2178 est,·

244 2191 365 2238 tolle
406 2190 537 2252 quod
568 2193 659 2240 vis.
727 2193 886 2254 patris
919 2194 1087 2238 autem
1119 2192 1454 2253 appellatione
1488 2207 1631 2239 omne
1663 2180 1983 2250 officiorumssT

245 2280 399 2327 genus
439 2266 702 2326 expressit3
755 2265 1066 2314 considerato
1107 2267 1239 2313 enim
1289 2265 1423 2328 quod
1468 2265 1694 2327 patribus
1735 2265 1940 2314 debetur
1949 2262 1985 2331 ᾖ

244 2339 550 2387 inveniemus
585 2339 706 2400 quid
729 2340 781 2386 in
806 2334 1062 2403 †Acestae
1094 2355 1306 2401 persona
1337 2340 1627 2403 intellegere
1660 2339 1936 2388 debeamus.
1946 2325 1983 2390 Ῥῖ

245 2413 440 2475 patrem
479 2413 609 2460 enim
643 2429 741 2461 non
774 2413 938 2461 solum
960 2416 1166 2475 propter
1189 2415 1406 2461 aetatem
1430 2413 1557 2460 dixit
1581 2429 1755 2461 verum
1787 2413 1981 2468 etiamf'f

367 2603 390 2641 1
417 2598 520 2652 lteri
541 2599 650 2642 solet
673 2603 725 2642 ut
740 2597 827 2640 LR
843 2598 1014 2642 omed.
1043 2601 1050 2655 Ι
1085 2598 1286 2642 existwnt
1303 2624 1356 2630 —
1376 2602 1401 2640 2
1426 2603 1684 2643 monstrant
1698 2598 1784 2641 LR
1807 2597 1877 2641 ed.

248 2661 275 2700 8
307 2657 534 2702 intellectu
564 2656 614 2700 L.
753 2661 807 2700 21
835 2658 1083 2714 praecipue
1114 2657 1164 2700 L.
1310 2661 1365 2700 22
1397 2671 1522 2702 smne
1552 2657 1638 2700 LR
1668 2672 1702 2702 s.
1736 2662 1778 2702 et
1807 2656 1877 2700 θᾶ.
1939 2663 1955 2714 ‘5

247 2719 305 2760 28
336 2720 471 2761 accae
494 2715 529 2758 L
555 2729 665 2772 ergo
698 2720 871 2760 acestae
902 2716 1028 2772 quod.
1058 2715 1206 2760 habet
1229 2715 1283 2770 R,
1309 2716 1391 2760 sed
1421 2717 1578 2772 potest
1608 2716 1659 2759 in
1683 2715 1954 2772 archetypas*
1987 2762 1990 2771 Δ

246 2779 382 2819 aecae
419 2774 566 2819 fuisse
590 2797 646 2811 =
671 2788 836 2818 aeneae
874 2775 1000 2831 quod.
1039 2775 1262 2819 exhibent
1294 2774 1384 2819 ΟΠ
1421 2776 1508 2819 hac
1538 2775 1582 2818 H
1613 2775 1707 2820 ed.:
1754 2767 1977 2835 videtui-¹⁴0}

246 2833 363 2878 Don.
390 2833 694 2890 sequentibus
719 2847 948 2890 exponere
977 2836 1205 2890 quantum
1236 2833 1315 2878 hic
1343 2833 1565 2890 ponderis
1595 2834 1646 2877 in
1676 2833 1825 2890 patris
1856 2815 1974 2897 κιο-[ᾗί

246 2892 372 2936 mine
417 2892 532 2936 insit
579 2905 635 2936 ex
675 2892 747 2949 pii
786 2893 971 2937 Aeneae
1009 2906 1210 2950 persona
1248 2892 1592 2936 aestimandum
1631 2906 1732 2938 esse
1771 2894 1839 2948 et,
1963 2901 1974 2946 ξς

249 2951 389 3007 solet,
433 2951 616 2997 Acestis
665 2950 948 3008 scripsisset3
1003 2952 1086 2996 sed
1133 2952 1380 2996 emendare
1426 2965 1519 2995 non
1567 2966 1707 2995 ausus
1754 2963 1888 3002 cruce

247 3010 462 3068 apposui.
1910 2986 1971 3226 ἰ
