2014 3226
821 117 1122 161 AENEIDos
1155 117 1195 159 11
1385 163 1389 170 ‚
1753 118 1856 167 1515

164 258 370 306 existere
418 258 684 318 potuisset,
733 256 930 303 Sinonis
979 273 1093 304 vero
1142 257 1403 304 consilium
1451 257 1547 302 fuit
1595 259 1649 302 ut
1691 256 1856 303 omnia

164 331 474 394 praeveniret
515 330 761 378 offerendo
801 331 1134 390 praesentiam
1167 345 1321 389 suam,
1354 347 1428 387 ne,
1461 330 1502 377 si
1534 331 1854 376 interveniret

164 421 316 465 mora,
349 407 463 452 ante
496 407 683 452 secreta
715 405 830 465 equi
861 403 1189 465 proderentur
1222 420 1370 465 quam
1403 404 1487 451 ille
1519 405 1665 465 quasi
1697 404 1855 450 latens·

164 479 337 527 fuisset
375 480 619 526 inventus.
698 494 755 525 ex
792 478 855 524 iis
894 481 1062 524 tamen
1103 494 1228 539 quae
1269 479 1466 525 fuerant
1506 479 1645 541 gesta
1690 479 1856 538 potuit

119 571 140 603 5
166 568 403 615 apparere
450 551 584 613 quod
630 552 681 598 in
729 551 906 598 Troiae
954 551 1224 612 parabatur
1271 551 1528 599 excidium.
1607 566 1722 598 nam
1770 551 1855 596 ille

163 630 304 675 tanta
350 627 528 673 mentis
577 625 910 673 obstinatione
958 626 1181 672 animum
1227 641 1371 673 suum
1419 625 1482 671 ad
1529 625 1686 685 partis
1742 639 1854 671 suas

163 700 421 762 inplendas
475 701 886 761 praeparaverat,
940 702 997 746 ut
1042 700 1249 760 paratus
1306 699 1369 745 ad
1414 700 1594 758 vitam,
1650 700 1854 759 paratus

162 778 290 822 esset
336 774 398 820 ad
445 775 677 833 mortem,
725 775 899 834 utpote
941 773 1050 834 qui,
1099 788 1212 820 cum
1252 788 1302 820 se
1343 774 1492 820 sciret
1530 771 1854 835 incognitum.

164 849 293 896 ultro
334 847 509 895 obvius
551 847 862 894 venientibus
901 846 1042 894 fieret
1074 846 1283 894 callidus
1317 847 1475 909 magis
1508 863 1655 908 quam
1690 846 1854 892 minus

96 940 138 972 10
162 926 356 979 cautus;
410 923 723 984 transegerat
762 922 915 982 enim,
956 924 1012 967 ut
1052 921 1239 968 dictum
1279 923 1368 979 est,
1408 936 1517 967 cum
1558 922 1723 967 animo
1764 935 1854 966 suo

162 999 250 1043 aut
289 995 548 1057 adquirere
588 1011 702 1042 cum
741 995 961 1056 periculo
994 994 1257 1042 victoriam
1290 996 1391 1042 suis
1424 997 1512 1041 aut
1542 1010 1632 1055 pro
1665 993 1854 1042 cunctis

162 1069 461 1118 occumbere.
540 1072 590 1116 et
630 1069 929 1117 Terentiana
968 1070 1214 1116 sententia
1255 1061 1444 1133 (heaut.
1481 1071 1527 1128 2,
1554 1071 1602 1127 3,
1631 1061 1723 1126 73)
1763 1068 1854 1114 hoc

161 1145 404 1205 loquitur⁷
451 1159 550 1190 non
597 1143 703 1190 fieri
749 1144 853 1190 sine
900 1159 1082 1204 magno
1129 1143 1349 1203 periculo
1389 1143 1581 1189 facinus
1621 1158 1854 1205 magnum

162 1221 251 1265 aut
303 1217 637 1264 memorabile.
715 1217 836 1264 haec
890 1233 988 1264 non
1044 1217 1169 1277 ipso*
1206 1218 1429 1278 tempore
1485 1219 1603 1263 sunt
1654 1217 1860 1278 cognita

25 1335 33 1339 -
95 1310 137 1342 15
164 1309 258 1354 quo
298 1291 496 1351 fiebant,
536 1292 620 1338 sed
659 1293 774 1352 post
813 1290 1056 1338 excidium
1089 1290 1266 1338 Troiae
1307 1293 1356 1337 et
1391 1292 1651 1337 interitum
1682 1290 1854 1336 Troia-

162 1382 351 1414 norum.
429 1367 611 1424 tamen,
655 1364 749 1412 nisi
791 1364 860 1411 dii
902 1367 1065 1412 essent
1099 1380 1129 1411 0
1170 1364 1364 1412 diverso
1404 1364 1612 1426 imperio
1653 1363 1854 1421 Priami,

162 1440 358 1488 Sinonis
391 1440 590 1486 fraudes
621 1440 754 1486 inter
783 1438 930 1486 initia
957 1438 1067 1499 ipsa
1091 1438 1317 1501 intellegi
1341 1437 1630 1497 debuerunt,
1656 1437 1853 1498 quando

161 1515 468 1578 incognitum
517 1529 566 1560 se
612 1513 746 1571 ultro
792 1513 1003 1575 ingessit
1042 1514 1091 1560 et
1130 1527 1187 1559 eo
1227 1515 1448 1574 tempore
1490 1528 1586 1573 quo
1627 1516 1853 1572 suspecta

161 1590 327 1635 omnia
373 1589 584 1635 fuerant.
662 1588 876 1645 undique
921 1587 1109 1634 visendi
1154 1588 1313 1634 studio
1365 1587 1582 1634 Troiana
1614 1587 1855 1632 'luventas

92 1679 138 1711 so
162 1663 457 1721 circumfusa
495 1663 596 1708 ruit
634 1663 908 1720 certantque
946 1661 1166 1708 «inludere
1205 1664 1366 1720 capto:
1420 1661 1659 1721 expressit
1698 1659 1853 1707 homi-

161 1753 279 1783 num
317 1751 525 1795 morem3
566 1735 679 1796 quis
719 1737 851 1782 enim
890 1750 987 1782 non
1028 1738 1227 1795 cuperet
1266 1734 1460 1782 hostem
1499 1749 1642 1781 suum
1688 1733 1853 1780 videre

161 1808 447 1872 captivum‘.>
503 1812 647 1871 capto
678 1809 870 1856 interea
898 1824 1067 1855 omnes
1091 1809 1380 1856 nitebantur
1402 1807 1639 1854 inludere.
1695 1810 1855 1864 accipe

159 1899 290 1931 meuc
333 1885 574 1932 Danaum
619 1884 830 1930 insidias
878 1885 920 1929 ct
965 1884 1168 1930 crimen.
1224 1883 1285 1930 ab
1339 1897 1437 1929 uno
1493 1882 1622 1929 disce
1675 1885 1855 1928 onmis:

161 1957 256 2006 viri
294 1959 438 2006 fortis
479 1959 644 2005 animo
692 1956 903 2004 destruit
942 1955 1242 2004 Graecorum
1288 1971 1551 2018 personam
1598 1956 1853 2004 occasione

93 2049 139 2082 25
162 2032 295 2079 omni
320 2034 371 2079 et
400 2031 622 2084 defendit
653 2046 793 2079 suam
826 2032 988 2078 totum
1019 2031 1072 2077 in
1104 2029 1306 2078 deorum
1340 2030 1603 2078 adversum
1634 2029 1854 2077 studium

161 2121 416 2166 revocans,
463 2108 520 2152 ut
567 2100 797 2154 ostendat
836 2103 1048 2152 Graecos
1094 2104 1289 2152 insidiis
1338 2107 1388 2152 et
1426 2104 1630 2151 deorum
1668 2093 1853 2150 iniusto

162 2181 330 2228 favore
378 2179 651 2228 obtinuisse
696 2180 980 2239 victoriam,
1037 2178 1130 2225 sibi
1183 2194 1300 2226 vero
1347 2179 1541 2226 Aeneas
1594 2180 1643 2224 et
1689 2177 1853 2226 defen-

163 2255 350 2302 sionem
396 2260 633 2315 procurat
671 2256 720 2300 et
758 2252 979 2314 laudem,
1020 2268 1132 2300 cum
1171 2252 1356 2300 adserit
1393 2252 1446 2299 in
1485 2251 1661 2299 Troiae
1701 2251 1854 2299 cladi·

162 2327 252 2375 bus
286 2332 398 2375 'non
421 2382 423 2384 ¹
447 2326 681 2386 Graecos,
735 2326 822 2374 sed
872 2326 988 2374 deos
1036 2325 1256 2374 extitisse
1303 2327 1528 2374 victores
1614 2325 1689 2373 ait
1737 2341 1853 2388 ergo

94 2418 141 2450 zo
165 2402 330 2463 accipe
376 2417 506 2449 nunc
544 2402 776 2448 Danaum
821 2400 1029 2448 insidias
1078 2402 1127 2448 et
1174 2400 1372 2448 crimen.
1451 2399 1639 2461 duplici
1676 2415 1853 2462 genere

282 2517 309 2556 3
341 2513 444 2570 equi
473 2513 560 2555 LR
589 2527 644 2557 ea
675 2512 746 2556 ed.
839 2517 867 2555 4
899 2512 960 2556 iis
990 2511 1076 2554 LR
1106 2511 1178 2556 his
1208 2511 1280 2554 ed.
1384 2515 1411 2554 8
1443 2511 1524 2566 qui
1553 2510 1640 2553 LR
1670 2509 1742 2554 ed.
1775 2510 1856 2565 qui

164 2586 265 2616 cum
295 2585 391 2615 nos.
536 2576 571 2614 ,9
603 2572 751 2629 mayis
779 2585 871 2624 om.
905 2571 1015 2615 edF.
1066 2574 1073 2624 Ι
1129 2571 1284 2615 minus
1317 2584 1405 2614 om.
1440 2570 1512 2614 ed.
1667 2573 1721 2612 10
1752 2584 1854 2613 cum

166 2644 253 2674 om.
278 2631 350 2675 ed.
484 2635 538 2675 11
571 2631 811 2687 adquirem‘
841 2630 940 2673 LR.
1065 2634 1118 2673 12
1151 2629 1404 2674 occumbere
1434 2628 1521 2672 LR
1550 2642 1590 2672 ο.
1616 2629 1752 2672 morti
1781 2628 1857 2679 ed.

256 2695 310 2733 16
343 2695 494 2734 tamen
524 2689 612 2732 LR
641 2695 739 2740 tum
770 2689 841 2734 ed.
871 2691 878 2744 Ι
905 2703 927 2734 e
957 2689 1134 2733 diverso
1166 2687 1253 2732 LR
1283 2689 1466 2732 adversi
1495 2688 1566 2731 ed.
1670 2685 1724 2730 19
1755 2687 1853 2741 fue-

165 2753 277 2793 runt
305 2749 376 2793 ed.
451 2753 526 2792 ,20
558 2749 712 2793 ludere
741 2748 784 2791 R
807 2762 921 2792 corr.
945 2762 970 2791 r
987 2769 1044 2784 =
1062 2747 1111 2791 L.
1204 2753 1260 2791 23
1292 2747 1462 2792 crimen
1492 2746 1580 2790 LR-
1609 2746 1686 2802 (cf.
1713 2745 1854 2801 Serv.)

165 2808 353 2853 erimine
383 2807 477 2852 ed.:
510 2807 706 2852 distinxi
731 2807 987 2858 secundum
1010 2806 1460 2863 interpretationem.
1553 2810 1610 2848 25
1642 2805 1856 2859 defundit

166 2865 253 2915 LR
274 2867 478 2922 defendit
499 2866 747 2919 LII-man.
771 2881 806 2910 r.
908 2871 963 2920 27
989 2870 1262 2923 procuraret
1284 2865 1372 2908 LR
1401 2870 1444 2909 et
1474 2864 1581 2908 add.
1605 2863 1642 2907 L
1665 2863 1708 2907 Π
1730 2865 1867 2908 mans

162 2931 383 2980 procurat
411 2932 451 2970 et
481 2925 516 2969 r'
550 2925 659 2970 edF.
696 2928 702 2982 Ι
737 2927 932 2970 assentit
962 2926 1034 2969 ed.
1157 2929 1214 2968 30
1245 2925 1410 2969 crimen
1445 2923 1530 2966 LR
1561 2924 1750 2967 crimine
1781 2923 1853 2967 ed.

1886 1812 1942 1851 65
