2014 3226
227 182 334 234 578
695 181 927 226 DONATI
956 182 1235 227 INTERPR.
1269 182 1446 227 VERG.

225 323 359 382 prias
383 322 592 369 iniurias
625 337 838 385 gemens,
863 322 1093 370 Aeolides
1127 326 1300 370 auctor
1330 323 1575 370 malorum
1607 325 1656 370 et
1687 319 1918 371 hortator

225 396 464 443 scelerum
495 396 548 442 in
580 412 749 455 unum,
779 397 959 456 inquit,
993 399 1326 444 convenerant
1356 397 1409 443 in
1440 396 1709 457 perniciem
1739 413 1915 445 meam.

136 474 221 513 530
240 469 331 525 dii,
387 469 507 517 talia
561 469 713 516 Grais
760 470 1053 525 instaurate,
1099 472 1188 528 pio
1233 472 1278 517 si
1322 485 1512 529 poenas
1565 485 1645 518 ore
1697 485 1918 530 reposco:

223 543 484 604 pulchram
522 543 641 590 fecit
689 544 1043 604 apostropham
1091 547 1140 591 et
1186 545 1346 591 multa
1384 546 1729 592 continentem.
1808 545 1917 605 soli,
1970 543 1971 546 ’

225 618 310 676 ait,
351 616 421 663 dii
460 617 670 678 potestis
712 632 814 664 esse
854 617 1002 665 huius
1042 618 1238 665 sceleris
1277 617 1499 666 vindices
1541 634 1636 679 quo
1683 618 1915 666 innocens
1950 632 1982 669 ὓ

222 690 371 751 perii,
420 690 506 751 qui
551 690 678 737 talia
726 690 1011 752 rependatis
1061 690 1203 739 Grais
1255 691 1426 753 qualia
1470 692 1522 738 in
1572 707 1733 740 meam
1784 708 1915 740 exer·
1986 744 1990 754 ς

223 767 429 811 cuerunt
478 765 770 825 perniciem,
822 764 1058 826 quoniam
1105 765 1348 813 deteriora
1404 765 1638 813 deficiunt
1687 781 1814 828 quae
1864 767 1916 813 in

221 838 531 885 adversarios
578 853 714 886 meos
763 838 965 886 debeam
1014 839 1280 900 postulare.
1360 838 1571 888 Graecos
1619 839 1919 902 generaliter
1988 864 1990 866 ·

220 911 486 959 maledicto
526 927 616 959 suo
657 912 880 975 collegit,
927 929 1026 960 non
1066 929 1162 974 quo
1203 927 1370 961 omnes
1409 914 1507 974 ipsi
1546 914 1680 960 mala
1718 914 1915 962 intulis·
1988 968 1993 985 ἱ

220 989 344 1046 sent,
384 986 469 1033 sed
499 989 557 1033 ut
589 1001 743 1049 genus
775 988 939 1048 ipsum
970 988 1171 1048 penitus
1202 989 1443 1048 interiret,
1483 987 1614 1035 unde
1645 988 1761 1036 talis
1793 1003 1916 1035 uxor
1938 1002 1987 1053 ις’

221 1062 271 1106 et
303 1059 429 1107 tales
462 1059 667 1119 inimici,
707 1063 813 1107 tam
844 1061 995 1121 saevi,
1033 1063 1139 1107 tam
1172 1061 1394 1108 crudeles
1425 1061 1711 1109 viderentur
1742 1063 1912 1109 exorti.

216 1133 460 1182 invasisse
500 1134 553 1181 in
593 1134 872 1181 cubiculum
903 1135 1099 1182 rettulit
1132 1137 1181 1182 et
1211 1136 1548 1196 praetermisit
1588 1151 1714 1196 quae
1747 1151 1913 1183 conse·
1975 1196 1978 1197 ⁷

219 1208 337 1255 cuta
386 1207 506 1268 sint,
556 1208 636 1255 vel
688 1210 807 1270 quia
856 1210 909 1256 in
959 1211 1193 1271 promptu
1239 1209 1485 1271 supplicia
1534 1209 1733 1258 fuerant
1787 1225 1914 1271 quae

218 1281 319 1329 illis
361 1282 695 1329 saevientibus
735 1283 945 1344 pertulit
983 1283 1063 1330 vel
1104 1282 1222 1344 quia
1251 1284 1497 1331 malorum
1527 1284 1748 1345 ipsorum
1785 1285 1913 1332 rela-

216 1356 378 1403 tiones
429 1355 675 1403 horrebat.
756 1357 940 1418 quippe
986 1357 1162 1404 melius
1209 1357 1307 1404 fuit
1351 1358 1622 1419 praeterire
1663 1357 1911 1420 superflua
1935 1374 1957 1415 r
1976 1360 1982 1383 ’-

217 1445 367 1491 quam
397 1429 580 1477 referre
613 1430 736 1477 dura
771 1432 820 1478 et
855 1446 982 1491 quae
1015 1430 1350 1479 offerebantur
1382 1432 1676 1493 aspectibus.
1744 1434 1912 1493 potest
1970 1467 1971 1470 η

215 1506 383 1551 tamen
424 1519 550 1565 quae
590 1506 740 1566 poeta
778 1520 878 1552 non
918 1505 1183 1566 conplexus
1224 1508 1298 1554 est
1327 1505 1491 1553 verbis
1522 1505 1681 1553 videri
1712 1505 1912 1553 demon·
1967 1502 1976 1565 ‘J

215 1579 397 1625 strasse
429 1577 760 1640 Deiphobum,
801 1594 911 1626 cum
944 1578 1130 1627 diceret
1161 1579 1247 1639 dii,
1285 1580 1409 1626 talia
1443 1578 1586 1628 Grais
1617 1580 1912 1641 instaurate,
1979 1592 1985 1645 ss·

212 1652 386 1713 utique
426 1651 552 1700 talia
600 1668 726 1713 quae
774 1652 866 1700 sibi
905 1653 1067 1700 inlata
1105 1652 1430 1701 monstrabat.
1509 1669 1617 1701 ecce
1655 1654 1911 1715 respondit
1977 1655 1991 1700 -;ὶ

212 1725 499 1787 propositis,
531 1725 659 1773 dixit
692 1727 824 1788 quod
857 1727 1106 1788 quaesivit
1127 1726 1336 1787 Aeneas,
1370 1728 1456 1788 qui
1481 1730 1606 1776 esset
1636 1743 1910 1789 poenarum
1947 1781 1950 1785 ¹

214 1802 400 1860 auctor,
440 1800 562 1861 quid
602 1802 767 1847 autem
806 1801 995 1848 factum
1035 1803 1176 1862 esset,
1217 1803 1453 1863 quoniam
1487 1801 1763 1863 aspectibus
1795 1801 1908 1850 sub·
1981 1855 1989 1865 ᾗ

214 1876 334 1934 erat,
375 1873 564 1921 dictum
602 1889 702 1921 non
749 1876 835 1923 est.
913 1875 998 1923 sed
1044 1879 1087 1922 te
1133 1877 1216 1935 qui
1260 1877 1426 1924 vivum
1479 1890 1623 1923 casus
1670 1891 1757 1937 aye
1798 1878 1908 1936 fare
1970 1873 1990 1953 ξ’,

211 1949 427 1996 vicissim
460 1949 731 1996 attulerint:
762 1949 992 2008 pelayine
1021 1950 1156 1997 venis
1188 1950 1434 1997 erroribus
1464 1953 1600 1998 actus
1625 1964 1692 1997 an
1721 1952 1908 1998 monitu
1969 1959 2002 2024 ᾖ·

211 2021 413 2069 divum?
453 2037 521 2070 an
559 2024 676 2081 quia
715 2026 758 2070 te
794 2024 996 2082 fortuna
1034 2024 1245 2083 fatiyat?
1282 2027 1338 2071 ut
1367 2025 1519 2071 tristis
1556 2025 1660 2072 sine
1689 2025 1787 2071 sole
1825 2023 1907 2071 do—
1974 2026 1989 2086 ξ

210 2110 334 2150 mus,
368 2097 472 2144 loca
496 2097 694 2144 turbida
719 2097 917 2145 adires?
958 2096 1156 2158 audisti,
1188 2097 1367 2159 inquit,
1400 2112 1540 2146 casus
1564 2113 1720 2146 meos:
1754 2099 1904 2146 etiam
1929 2114 1948 2146 2

209 2168 315 2230 ipse
354 2169 571 2218 vicissim
621 2171 750 2218 refer
795 2186 1000 2219 casusne
1045 2173 1096 2218 te
1136 2171 1200 2218 ad
1238 2172 1423 2219 inferos
1464 2171 1632 2220 vivum
1678 2173 1906 2219 miserint
1966 2195 1967 2198 ¹

210 2258 274 2290 an
323 2243 392 2290 dii
431 2244 747 2306 conpulerint
794 2244 931 2293 adire
975 2245 1205 2293 tenebras
1253 2261 1317 2293 an
1363 2246 1564 2294 fortuna
1610 2246 1704 2293 hoc
1752 2246 1904 2293 etiam
1962 2238 1966 2306 J

208 2316 303 2364 tibi
342 2316 528 2365 laboris
560 2318 823 2382 inpegerit,
863 2321 920 2366 ut
950 2319 1061 2367 loca
1091 2318 1259 2367 tristia
1290 2322 1341 2367 et
1371 2319 1474 2368 sole
1506 2321 1725 2367 carentia
1755 2336 1902 2382 pene-
1960 2351 1961 2354 =

207 2393 365 2438 trares
392 2394 442 2438 et
474 2407 601 2453 quae
633 2392 760 2439 nihil
793 2392 932 2440 aliud
961 2394 1160 2454 praeter
1191 2393 1429 2456 caligines
1461 2393 1691 2441 habeant.
1754 2409 1901 2455 quae-

208 2465 294 2513 siit
331 2466 430 2512 ista
469 2465 774 2527 Deiphobus,
814 2466 900 2514 sed
938 2466 1136 2514 Aeneae
1167 2467 1536 2529 responsionem
1568 2466 1756 2529 optimo
1788 2481 1901 2515 con·
1957 2463 1964 2473 '

329 2639 351 2678 7
383 2635 676 2691 quoniam—
695 2640 721 2679 8
749 2637 986 2692 postulare
1025 2649 1113 2680 om
1147 2636 1218 2681 ed.
1277 2639 1283 2694 Ι
1340 2637 1567 2692 definiunt
1597 2651 1688 2693 qua
1718 2636 1761 2680 V
1791 2638 1900 2692 defi-

205 2694 335 2737 ciwnt
364 2708 480 2750 quae
509 2707 607 2738 nos.
747 2700 772 2738 9
805 2709 900 2739 non
930 2696 1051 2751 quod
1082 2695 1152 2740 ed.
1301 2700 1353 2739 11
1387 2702 1565 2752 tamque
1595 2697 1795 2741 crudeles
1826 2696 1898 2740 ed.

1952 2684 1985 2746 33³·

295 2757 350 2796 13
381 2753 570 2807 fuerant
598 2752 642 2797 V
674 2755 790 2798 -rint
820 2754 892 2798 ed.
1025 2759 1079 2798 18
1112 2755 1341 2809 deifobum
1372 2754 1415 2798 V
1446 2755 1503 2798 of.
1531 2759 1688 2810 9‚195.
1725 2760 1794 2810 12
1812 2759 1902 2799 952
1952 2745 1984 2861 3

203 2811 384 2868 recepit
414 2812 560 2856 etiam
591 2812 662 2856 ed
793 2817 850 2856 20
874 2815 1140 2870 propositus
1170 2813 1213 2857 V
1244 2828 1358 2858 corr
1383 2813 1454 2857 ed.
1578 2818 1632 2856 22
1665 2828 1760 2859 mm
1790 2819 1904 2859 esset
1947 2851 1969 2865 .,

202 2870 246 2914 V
277 2884 391 2914 corr.
417 2871 489 2915 ed.
635 2875 690 2914 23
723 2873 942 2916 monitum
975 2871 1030 2918 V.
1182 2876 1239 2916 24
1271 2887 1357 2929 quc
1385 2888 1420 2917 u
1450 2874 1683 2929 expuncta
1713 2872 1756 2918 V
1786 2886 1902 2930 ergo

203 2943 255 2984 qc
279 2951 335 2967 =
361 2931 486 2986 quia,
519 2930 646 2986 quod
675 2930 839 2975 Aelius
870 2931 1081 2975 Donatus
1112 2930 1209 2988 legi
1195 2930 1252 2985 '‚t
1288 2932 1588 2976 confirmatur
1617 2931 1901 2994 interpreta-
1951 2942 1954 2943 ’

202 2987 344 3032 tione
373 2991 380 3046 1
416 2989 577 3056 domus
607 2991 663 3034 ut
695 2994 778 3033 231
811 2989 868 3034 V.
990 2994 1047 3034 29
1078 2990 1293 3048 caliyinis
1323 2990 1365 3035 V
1397 3004 1510 3036 corr.
1537 2990 1609 3036 ed
