<?xml version="1.0" encoding="UTF-8"?>
<!DOCTYPE html PUBLIC "-//W3C//DTD XHTML 1.0 Transitional//EN"
    "http://www.w3.org/TR/xhtml1/DTD/xhtml1-transitional.dtd">
<html xmlns="http://www.w3.org/1999/xhtml" xml:lang="en" lang="en">
 <head>
  <title>
</title>
<meta http-equiv="Content-Type" content="text/html;charset=utf-8" />
  <meta name='ocr-system' content='tesseract 3.04.00' />
  <meta name='ocr-capabilities' content='ocr_page ocr_carea ocr_par ocr_line ocrx_word'/>
</head>
<body>
  <div class='ocr_page' id='page_1' title='image "./interpretationes01donauoft_0326.png"; bbox 0 0 2014 3226; ppageno 0'>
   <div class='ocr_carea' id='block_1_1' title="bbox 188 154 1410 208">
    <p class='ocr_par' dir='ltr' id='par_1_1' title="bbox 188 154 1410 208">
     <span class='ocr_line' id='line_1_1' title="bbox 188 154 1410 208; baseline -0.01 1"><span class='ocrx_word' id='word_1_1' title='bbox 188 157 298 208; x_wconf 73' lang='grc'>276</span> <span class='ocrx_word' id='word_1_2' title='bbox 657 154 890 198; x_wconf 88' lang='lat' dir='ltr'>DONATI</span> <span class='ocrx_word' id='word_1_3' title='bbox 919 154 1200 197; x_wconf 81' lang='lat' dir='ltr'>lNTERPR.</span> <span class='ocrx_word' id='word_1_4' title='bbox 1233 154 1410 198; x_wconf 79' lang='lat' dir='ltr'>VERG.</span> 
     </span>
    </p>
   </div>
   <div class='ocr_carea' id='block_1_2' title="bbox 186 295 1988 2577">
    <p class='ocr_par' dir='ltr' id='par_1_2' title="bbox 186 295 1997 2577">
     <span class='ocr_line' id='line_1_2' title="bbox 188 295 1883 358; baseline -0.001 -15"><span class='ocrx_word' id='word_1_5' title='bbox 188 298 241 343; x_wconf 90' lang='lat' dir='ltr'>in</span> <span class='ocrx_word' id='word_1_6' title='bbox 276 295 463 343; x_wconf 87' lang='lat' dir='ltr'>excidio</span> <span class='ocrx_word' id='word_1_7' title='bbox 491 296 667 342; x_wconf 81' lang='lat' dir='ltr'>Troiae</span> <span class='ocrx_word' id='word_1_8' title='bbox 699 295 863 341; x_wconf 85' lang='lat' dir='ltr'>fuerat</span> <span class='ocrx_word' id='word_1_9' title='bbox 896 296 1257 354; x_wconf 89' lang='lat' dir='ltr'>consumptum.</span> <span class='ocrx_word' id='word_1_10' title='bbox 1314 296 1363 340; x_wconf 92' lang='lat' dir='ltr'>et</span> <span class='ocrx_word' id='word_1_11' title='bbox 1387 310 1673 342; x_wconf 79' lang='lat' dir='ltr'><strong>mansuram</strong></span> <span class='ocrx_word' id='word_1_12' title='bbox 1697 296 1883 358; x_wconf 76' lang='lat' dir='ltr'>urbem,</span> 
     </span>
     <span class='ocr_line' id='line_1_3' title="bbox 186 367 1884 432; baseline -0.001 -15"><span class='ocrx_word' id='word_1_13' title='bbox 186 386 316 432; x_wconf 89' lang='lat' dir='ltr'>quae</span> <span class='ocrx_word' id='word_1_14' title='bbox 356 385 629 430; x_wconf 77' lang='lat' dir='ltr'><strong>numquam</strong></span> <span class='ocrx_word' id='word_1_15' title='bbox 667 367 852 428; x_wconf 88' lang='lat' dir='ltr'>periret</span> <span class='ocrx_word' id='word_1_16' title='bbox 884 370 941 414; x_wconf 88' lang='lat' dir='ltr'>ut</span> <span class='ocrx_word' id='word_1_17' title='bbox 973 367 1134 415; x_wconf 90' lang='lat' dir='ltr'>Troia.</span> <span class='ocrx_word' id='word_1_18' title='bbox 1197 383 1338 415; x_wconf 86' lang='lat' dir='ltr'>serva</span> <span class='ocrx_word' id='word_1_19' title='bbox 1370 368 1528 416; x_wconf 89' lang='lat' dir='ltr'>altera</span> <span class='ocrx_word' id='word_1_20' title='bbox 1561 369 1738 415; x_wconf 82' lang='lat' dir='ltr'>Troiae</span> <span class='ocrx_word' id='word_1_21' title='bbox 1770 369 1884 416; x_wconf 92' lang='lat' dir='ltr'>Per-</span> 
     </span>
     <span class='ocr_line' id='line_1_4' title="bbox 192 441 1884 506; baseline -0.001 -15"><span class='ocrx_word' id='word_1_22' title='bbox 192 459 360 506; x_wconf 87' lang='lat' dir='ltr'>gama,</span> <span class='ocrx_word' id='word_1_23' title='bbox 408 443 645 503; x_wconf 80' lang='lat' dir='ltr'>reliquias</span> <span class='ocrx_word' id='word_1_24' title='bbox 687 442 918 488; x_wconf 88' lang='lat' dir='ltr'>Danaum</span> <span class='ocrx_word' id='word_1_25' title='bbox 967 443 1117 501; x_wconf 90' lang='lat' dir='ltr'>atque</span> <span class='ocrx_word' id='word_1_26' title='bbox 1165 441 1356 489; x_wconf 88' lang='lat' dir='ltr'>inmitis</span> <span class='ocrx_word' id='word_1_27' title='bbox 1397 441 1606 489; x_wconf 82' lang='lat' dir='ltr'>Achilli:</span> <span class='ocrx_word' id='word_1_28' title='bbox 1663 445 1711 489; x_wconf 87' lang='lat' dir='ltr'>et</span> <span class='ocrx_word' id='word_1_29' title='bbox 1751 443 1884 503; x_wconf 89' lang='lat' dir='ltr'>quic—</span> 
     </span>
     <span class='ocr_line' id='line_1_5' title="bbox 187 516 1885 578; baseline 0.001 -15"><span class='ocrx_word' id='word_1_30' title='bbox 187 517 312 578; x_wconf 86' lang='lat' dir='ltr'>quid</span> <span class='ocrx_word' id='word_1_31' title='bbox 351 520 400 563; x_wconf 87' lang='lat' dir='ltr'>te</span> <span class='ocrx_word' id='word_1_32' title='bbox 443 516 814 563; x_wconf 71' lang='lat' dir='ltr'>demonstrante</span> <span class='ocrx_word' id='word_1_33' title='bbox 853 516 1078 562; x_wconf 87' lang='lat' dir='ltr'>nostrum</span> <span class='ocrx_word' id='word_1_34' title='bbox 1115 516 1269 562; x_wconf 90' lang='lat' dir='ltr'>fuerit</span> <span class='ocrx_word' id='word_1_35' title='bbox 1300 516 1489 562; x_wconf 84' lang='lat' dir='ltr'>factum</span> <span class='ocrx_word' id='word_1_36' title='bbox 1519 519 1576 563; x_wconf 90' lang='lat' dir='ltr'>tu</span> <span class='ocrx_word' id='word_1_37' title='bbox 1609 532 1765 577; x_wconf 78' lang='lat' dir='ltr'>serva,</span> <span class='ocrx_word' id='word_1_38' title='bbox 1797 532 1885 564; x_wconf 89' lang='lat' dir='ltr'>nos</span> 
     </span>
     <span class='ocr_line' id='line_1_6' title="bbox 189 589 1887 651; baseline 0 -14"><span class='ocrx_word' id='word_1_39' title='bbox 189 607 384 651; x_wconf 90' lang='lat' dir='ltr'>quoque</span> <span class='ocrx_word' id='word_1_40' title='bbox 433 589 640 637; x_wconf 89' lang='lat' dir='ltr'>custodi.</span> <span class='ocrx_word' id='word_1_41' title='bbox 718 590 887 649; x_wconf 85' lang='lat' dir='ltr'>posuit</span> <span class='ocrx_word' id='word_1_42' title='bbox 933 589 1052 648; x_wconf 83' lang='lat' dir='ltr'>duo,</span> <span class='ocrx_word' id='word_1_43' title='bbox 1106 590 1322 637; x_wconf 89' lang='lat' dir='ltr'>incertus</span> <span class='ocrx_word' id='word_1_44' title='bbox 1370 591 1501 636; x_wconf 90' lang='lat' dir='ltr'>enim</span> <span class='ocrx_word' id='word_1_45' title='bbox 1547 590 1713 636; x_wconf 86' lang='lat' dir='ltr'>fuerat</span> <span class='ocrx_word' id='word_1_46' title='bbox 1767 590 1887 651; x_wconf 92' lang='lat' dir='ltr'>quid</span> 
     </span>
     <span class='ocr_line' id='line_1_7' title="bbox 188 662 1887 724; baseline 0.001 -14"><span class='ocrx_word' id='word_1_47' title='bbox 188 665 366 711; x_wconf 78' lang='lat' dir='ltr'>fuisset</span> <span class='ocrx_word' id='word_1_48' title='bbox 400 663 585 724; x_wconf 89' lang='lat' dir='ltr'>Apollo</span> <span class='ocrx_word' id='word_1_49' title='bbox 628 662 862 710; x_wconf 89' lang='lat' dir='ltr'>dicturus.</span> <span class='ocrx_word' id='word_1_50' title='bbox 924 662 1072 724; x_wconf 87' lang='lat' dir='ltr'>petiit</span> <span class='ocrx_word' id='word_1_51' title='bbox 1109 665 1289 724; x_wconf 90' lang='lat' dir='ltr'>parata</span> <span class='ocrx_word' id='word_1_52' title='bbox 1327 665 1524 710; x_wconf 90' lang='lat' dir='ltr'>moenia</span> <span class='ocrx_word' id='word_1_53' title='bbox 1564 666 1627 724; x_wconf 76' lang='lat' dir='ltr'>et,</span> <span class='ocrx_word' id='word_1_54' title='bbox 1659 680 1719 711; x_wconf 91' lang='lat' dir='ltr'>ne</span> <span class='ocrx_word' id='word_1_55' title='bbox 1759 664 1887 712; x_wconf 89' lang='lat' dir='ltr'>forte</span> 
     </span>
     <span class='ocr_line' id='line_1_8' title="bbox 189 736 1889 799; baseline 0 -14"><span class='ocrx_word' id='word_1_56' title='bbox 189 739 311 785; x_wconf 89' lang='lat' dir='ltr'>haec</span> <span class='ocrx_word' id='word_1_57' title='bbox 367 738 445 783; x_wconf 92' lang='lat' dir='ltr'>illi</span> <span class='ocrx_word' id='word_1_58' title='bbox 500 738 720 784; x_wconf 82' lang='lat' dir='ltr'>fatorum</span> <span class='ocrx_word' id='word_1_59' title='bbox 769 736 961 784; x_wconf 87' lang='lat' dir='ltr'>ratione</span> <span class='ocrx_word' id='word_1_60' title='bbox 1009 740 1330 799; x_wconf 85' lang='lat' dir='ltr'>negarentur,</span> <span class='ocrx_word' id='word_1_61' title='bbox 1379 737 1590 784; x_wconf 89' lang='lat' dir='ltr'>secundo</span> <span class='ocrx_word' id='word_1_62' title='bbox 1637 739 1787 798; x_wconf 89' lang='lat' dir='ltr'>petiit</span> <span class='ocrx_word' id='word_1_63' title='bbox 1831 741 1889 785; x_wconf 86' lang='lat' dir='ltr'>ut</span> 
     </span>
     <span class='ocr_line' id='line_1_9' title="bbox 191 810 1887 875; baseline 0.001 -17"><span class='ocrx_word' id='word_1_64' title='bbox 191 812 437 874; x_wconf 87' lang='lat' dir='ltr'>Pergama</span> <span class='ocrx_word' id='word_1_65' title='bbox 495 827 620 872; x_wconf 90' lang='lat' dir='ltr'>quae</span> <span class='ocrx_word' id='word_1_66' title='bbox 675 812 783 871; x_wconf 90' lang='lat' dir='ltr'>ipse</span> <span class='ocrx_word' id='word_1_67' title='bbox 843 810 1158 857; x_wconf 89' lang='lat' dir='ltr'>conditurum</span> <span class='ocrx_word' id='word_1_68' title='bbox 1221 826 1325 858; x_wconf 90' lang='lat' dir='ltr'>sese</span> <span class='ocrx_word' id='word_1_69' title='bbox 1388 811 1621 872; x_wconf 87' lang='lat' dir='ltr'>sperabat</span> <span class='ocrx_word' id='word_1_70' title='bbox 1681 814 1887 875; x_wconf 87' lang='lat' dir='ltr'>rogatus</span> 
     </span>
     <span class='ocr_line' id='line_1_10' title="bbox 191 884 1889 946; baseline 0.001 -15"><span class='ocrx_word' id='word_1_71' title='bbox 191 885 376 946; x_wconf 90' lang='lat' dir='ltr'>Apollo</span> <span class='ocrx_word' id='word_1_72' title='bbox 416 887 651 933; x_wconf 89' lang='lat' dir='ltr'>servaret.</span> <span class='ocrx_word' id='word_1_73' title='bbox 729 899 871 932; x_wconf 87' lang='lat' dir='ltr'>serva</span> <span class='ocrx_word' id='word_1_74' title='bbox 909 884 986 931; x_wconf 91' lang='lat' dir='ltr'>bis</span> <span class='ocrx_word' id='word_1_75' title='bbox 1028 884 1370 945; x_wconf 89' lang='lat' dir='ltr'>accipiendum</span> <span class='ocrx_word' id='word_1_76' title='bbox 1409 887 1505 932; x_wconf 87' lang='lat' dir='ltr'>est:</span> <span class='ocrx_word' id='word_1_77' title='bbox 1547 900 1689 932; x_wconf 86' lang='lat' dir='ltr'>serva</span> <span class='ocrx_word' id='word_1_78' title='bbox 1730 886 1889 932; x_wconf 90' lang='lat' dir='ltr'>altera</span> 
     </span>
     <span class='ocr_line' id='line_1_11' title="bbox 193 958 1888 1021; baseline 0.001 -16"><span class='ocrx_word' id='word_1_79' title='bbox 193 960 368 1006; x_wconf 88' lang='lat' dir='ltr'>Troiae</span> <span class='ocrx_word' id='word_1_80' title='bbox 416 958 684 1021; x_wconf 83' lang='lat' dir='ltr'>Pergama,</span> <span class='ocrx_word' id='word_1_81' title='bbox 740 974 882 1006; x_wconf 90' lang='lat' dir='ltr'>serva</span> <span class='ocrx_word' id='word_1_82' title='bbox 927 958 1167 1020; x_wconf 86' lang='lat' dir='ltr'>reliquias</span> <span class='ocrx_word' id='word_1_83' title='bbox 1215 958 1447 1005; x_wconf 90' lang='lat' dir='ltr'>Danaum</span> <span class='ocrx_word' id='word_1_84' title='bbox 1494 961 1644 1019; x_wconf 87' lang='lat' dir='ltr'>atque</span> <span class='ocrx_word' id='word_1_85' title='bbox 1697 959 1888 1007; x_wconf 88' lang='lat' dir='ltr'>inmitis</span> 
     </span>
     <span class='ocr_line' id='line_1_12' title="bbox 191 1032 1889 1094; baseline 0.001 -15"><span class='ocrx_word' id='word_1_86' title='bbox 191 1033 392 1080; x_wconf 83' lang='lat' dir='ltr'>Achilli.</span> <span class='ocrx_word' id='word_1_87' title='bbox 469 1033 797 1094; x_wconf 89' lang='lat' dir='ltr'>reliquiarum</span> <span class='ocrx_word' id='word_1_88' title='bbox 843 1032 1027 1079; x_wconf 87' lang='lat' dir='ltr'>idcirco</span> <span class='ocrx_word' id='word_1_89' title='bbox 1075 1032 1195 1080; x_wconf 85' lang='lat' dir='ltr'>fecit</span> <span class='ocrx_word' id='word_1_90' title='bbox 1241 1033 1780 1094; x_wconf 70' lang='lat' dir='ltr'>commemorationem,</span> <span class='ocrx_word' id='word_1_91' title='bbox 1832 1036 1889 1080; x_wconf 91' lang='lat' dir='ltr'>ut</span> 
     </span>
     <span class='ocr_line' id='line_1_13' title="bbox 192 1106 1888 1169; baseline 0 -15"><span class='ocrx_word' id='word_1_92' title='bbox 192 1106 562 1154; x_wconf 84' lang='lat' dir='ltr'>misericordem</span> <span class='ocrx_word' id='word_1_93' title='bbox 622 1107 809 1153; x_wconf 87' lang='lat' dir='ltr'>faceret</span> <span class='ocrx_word' id='word_1_94' title='bbox 871 1122 1017 1167; x_wconf 91' lang='lat' dir='ltr'>quem</span> <span class='ocrx_word' id='word_1_95' title='bbox 1077 1106 1302 1169; x_wconf 88' lang='lat' dir='ltr'>rogabat.</span> <span class='ocrx_word' id='word_1_96' title='bbox 1394 1123 1540 1168; x_wconf 92' lang='lat' dir='ltr'>quem</span> <span class='ocrx_word' id='word_1_97' title='bbox 1603 1106 1888 1169; x_wconf 76' lang='lat' dir='ltr'>sequimur?</span> 
     </span>
     <span class='ocr_line' id='line_1_14' title="bbox 193 1181 1890 1244; baseline 0.001 -17"><span class='ocrx_word' id='word_1_98' title='bbox 193 1183 400 1228; x_wconf 83' lang='lat' dir='ltr'>noverat</span> <span class='ocrx_word' id='word_1_99' title='bbox 447 1181 581 1227; x_wconf 92' lang='lat' dir='ltr'>enim</span> <span class='ocrx_word' id='word_1_100' title='bbox 625 1196 1003 1241; x_wconf 89' lang='lat' dir='ltr'>nonnumquam</span> <span class='ocrx_word' id='word_1_101' title='bbox 1048 1181 1101 1226; x_wconf 88' lang='lat' dir='ltr'>in</span> <span class='ocrx_word' id='word_1_102' title='bbox 1140 1181 1389 1242; x_wconf 86' lang='lat' dir='ltr'>responsis</span> <span class='ocrx_word' id='word_1_103' title='bbox 1430 1182 1582 1228; x_wconf 90' lang='lat' dir='ltr'>etiam</span> <span class='ocrx_word' id='word_1_104' title='bbox 1619 1196 1708 1242; x_wconf 92' lang='lat' dir='ltr'>per</span> <span class='ocrx_word' id='word_1_105' title='bbox 1746 1183 1890 1244; x_wconf 87' lang='lat' dir='ltr'>signa</span> 
     </span>
     <span class='ocr_line' id='line_1_15' title="bbox 193 1253 1891 1319; baseline 0 -17"><span class='ocrx_word' id='word_1_106' title='bbox 193 1255 461 1302; x_wconf 88' lang='lat' dir='ltr'>monstrari</span> <span class='ocrx_word' id='word_1_107' title='bbox 509 1254 628 1315; x_wconf 89' lang='lat' dir='ltr'>quid</span> <span class='ocrx_word' id='word_1_108' title='bbox 676 1253 923 1318; x_wconf 88' lang='lat' dir='ltr'>agendum</span> <span class='ocrx_word' id='word_1_109' title='bbox 969 1255 1047 1301; x_wconf 88' lang='lat' dir='ltr'>sit.</span> <span class='ocrx_word' id='word_1_110' title='bbox 1127 1270 1285 1315; x_wconf 85' lang='lat' dir='ltr'>quove</span> <span class='ocrx_word' id='word_1_111' title='bbox 1325 1254 1395 1301; x_wconf 91' lang='lat' dir='ltr'>ire</span> <span class='ocrx_word' id='word_1_112' title='bbox 1435 1253 1608 1302; x_wconf 79' lang='lat' dir='ltr'>iubes?</span> <span class='ocrx_word' id='word_1_113' title='bbox 1647 1258 1705 1302; x_wconf 92' lang='lat' dir='ltr'>ut</span> <span class='ocrx_word' id='word_1_114' title='bbox 1743 1270 1891 1319; x_wconf 83' lang='lat' dir='ltr'>super</span> 
     </span>
     <span class='ocr_line' id='line_1_16' title="bbox 193 1327 1976 1391; baseline 0.001 -16"><span class='ocrx_word' id='word_1_115' title='bbox 193 1331 439 1376; x_wconf 90' lang='lat' dir='ltr'>terrarum</span> <span class='ocrx_word' id='word_1_116' title='bbox 470 1327 711 1376; x_wconf 83' lang='lat' dir='ltr'>vocabulo</span> <span class='ocrx_word' id='word_1_117' title='bbox 736 1329 950 1375; x_wconf 89' lang='lat' dir='ltr'>incertos</span> <span class='ocrx_word' id='word_1_118' title='bbox 977 1328 1267 1391; x_wconf 85' lang='lat' dir='ltr'>dignaretur</span> <span class='ocrx_word' id='word_1_119' title='bbox 1289 1329 1548 1376; x_wconf 84' lang='lat' dir='ltr'>instruere.</span> <span class='ocrx_word' id='word_1_120' title='bbox 1597 1329 1684 1376; x_wconf 90' lang='lat' dir='ltr'>ubi</span> <span class='ocrx_word' id='word_1_121' title='bbox 1707 1345 1889 1390; x_wconf 91' lang='lat' dir='ltr'>ponere</span> <span class='ocrx_word' id='word_1_122' title='bbox 1973 1346 1976 1350; x_wconf 67' lang='grc'><strong>’</strong></span> 
     </span>
     <span class='ocr_line' id='line_1_17' title="bbox 195 1400 1890 1463; baseline 0.001 -13"><span class='ocrx_word' id='word_1_123' title='bbox 195 1400 367 1450; x_wconf 77' lang='lat' dir='ltr'>sedes?</span> <span class='ocrx_word' id='word_1_124' title='bbox 407 1405 463 1449; x_wconf 88' lang='lat' dir='ltr'>ut</span> <span class='ocrx_word' id='word_1_125' title='bbox 500 1403 666 1450; x_wconf 90' lang='lat' dir='ltr'>locum</span> <span class='ocrx_word' id='word_1_126' title='bbox 703 1403 868 1463; x_wconf 90' lang='lat' dir='ltr'>ipsum</span> <span class='ocrx_word' id='word_1_127' title='bbox 907 1403 1076 1450; x_wconf 86' lang='lat' dir='ltr'>nosset</span> <span class='ocrx_word' id='word_1_128' title='bbox 1114 1403 1167 1448; x_wconf 92' lang='lat' dir='ltr'>in</span> <span class='ocrx_word' id='word_1_129' title='bbox 1209 1418 1307 1463; x_wconf 92' lang='lat' dir='ltr'>quo</span> <span class='ocrx_word' id='word_1_130' title='bbox 1346 1418 1528 1449; x_wconf 85' lang='lat' dir='ltr'>novam</span> <span class='ocrx_word' id='word_1_131' title='bbox 1566 1405 1890 1451; x_wconf 86' lang='lat' dir='ltr'>constitueret</span> 
     </span>
     <span class='ocr_line' id='line_1_18' title="bbox 195 1475 1890 1538; baseline 0.001 -14"><span class='ocrx_word' id='word_1_132' title='bbox 195 1476 372 1524; x_wconf 90' lang='lat' dir='ltr'>sedem.</span> <span class='ocrx_word' id='word_1_133' title='bbox 449 1477 502 1522; x_wconf 93' lang='lat' dir='ltr'>in</span> <span class='ocrx_word' id='word_1_134' title='bbox 549 1476 861 1524; x_wconf 88' lang='lat' dir='ltr'>conclusione</span> <span class='ocrx_word' id='word_1_135' title='bbox 906 1475 1174 1537; x_wconf 87' lang='lat' dir='ltr'>petitiones</span> <span class='ocrx_word' id='word_1_136' title='bbox 1223 1491 1336 1523; x_wconf 89' lang='lat' dir='ltr'>suas</span> <span class='ocrx_word' id='word_1_137' title='bbox 1383 1479 1514 1524; x_wconf 88' lang='lat' dir='ltr'>recte</span> <span class='ocrx_word' id='word_1_138' title='bbox 1563 1477 1890 1538; x_wconf 85' lang='lat' dir='ltr'>commendat,</span> 
     </span>
     <span class='ocr_line' id='line_1_19' title="bbox 195 1549 1890 1612; baseline 0.001 -15"><span class='ocrx_word' id='word_1_139' title='bbox 195 1566 256 1597; x_wconf 87' lang='lat' dir='ltr'>ne</span> <span class='ocrx_word' id='word_1_140' title='bbox 295 1565 531 1612; x_wconf 88' lang='lat' dir='ltr'>responso</span> <span class='ocrx_word' id='word_1_141' title='bbox 571 1549 721 1597; x_wconf 91' lang='lat' dir='ltr'>dubio</span> <span class='ocrx_word' id='word_1_142' title='bbox 761 1551 863 1609; x_wconf 79' lang='lat' dir='ltr'>vel,</span> <span class='ocrx_word' id='word_1_143' title='bbox 909 1551 967 1596; x_wconf 92' lang='lat' dir='ltr'>ut</span> <span class='ocrx_word' id='word_1_144' title='bbox 1005 1550 1195 1597; x_wconf 87' lang='lat' dir='ltr'>factum</span> <span class='ocrx_word' id='word_1_145' title='bbox 1236 1553 1330 1610; x_wconf 88' lang='lat' dir='ltr'>est,</span> <span class='ocrx_word' id='word_1_146' title='bbox 1379 1551 1534 1612; x_wconf 89' lang='lat' dir='ltr'>signis</span> <span class='ocrx_word' id='word_1_147' title='bbox 1573 1552 1776 1598; x_wconf 87' lang='lat' dir='ltr'>incertis</span> <span class='ocrx_word' id='word_1_148' title='bbox 1814 1553 1890 1598; x_wconf 91' lang='lat' dir='ltr'>in-</span> 
     </span>
     <span class='ocr_line' id='line_1_20' title="bbox 196 1623 1888 1685; baseline 0.001 -14"><span class='ocrx_word' id='word_1_149' title='bbox 196 1626 377 1672; x_wconf 88' lang='lat' dir='ltr'>certior</span> <span class='ocrx_word' id='word_1_150' title='bbox 421 1623 562 1671; x_wconf 90' lang='lat' dir='ltr'>fieret</span> <span class='ocrx_word' id='word_1_151' title='bbox 610 1624 697 1684; x_wconf 90' lang='lat' dir='ltr'>qui</span> <span class='ocrx_word' id='word_1_152' title='bbox 741 1624 891 1685; x_wconf 90' lang='lat' dir='ltr'>plena</span> <span class='ocrx_word' id='word_1_153' title='bbox 937 1626 987 1671; x_wconf 86' lang='lat' dir='ltr'>et</span> <span class='ocrx_word' id='word_1_154' title='bbox 1031 1624 1293 1685; x_wconf 88' lang='lat' dir='ltr'>perspicua</span> <span class='ocrx_word' id='word_1_155' title='bbox 1340 1623 1652 1672; x_wconf 82' lang='lat' dir='ltr'>desiderabat</span> <span class='ocrx_word' id='word_1_156' title='bbox 1703 1625 1888 1673; x_wconf 84' lang='lat' dir='ltr'>audire.</span> 
     </span>
     <span class='ocr_line' id='line_1_21' title="bbox 196 1697 1958 1760; baseline 0.001 -15"><span class='ocrx_word' id='word_1_157' title='bbox 196 1699 260 1745; x_wconf 90' lang='lat' dir='ltr'>da</span> <span class='ocrx_word' id='word_1_158' title='bbox 297 1700 441 1759; x_wconf 87' lang='lat' dir='ltr'>pater</span> <span class='ocrx_word' id='word_1_159' title='bbox 477 1698 745 1760; x_wconf 85' lang='lat' dir='ltr'>augurium</span> <span class='ocrx_word' id='word_1_160' title='bbox 777 1700 927 1759; x_wconf 88' lang='lat' dir='ltr'>atque</span> <span class='ocrx_word' id='word_1_161' title='bbox 961 1697 1138 1745; x_wconf 83' lang='lat' dir='ltr'>animis</span> <span class='ocrx_word' id='word_1_162' title='bbox 1169 1697 1390 1745; x_wconf 86' lang='lat' dir='ltr'>inlabere</span> <span class='ocrx_word' id='word_1_163' title='bbox 1422 1698 1627 1746; x_wconf 88' lang='lat' dir='ltr'>nostris:</span> <span class='ocrx_word' id='word_1_164' title='bbox 1665 1701 1890 1760; x_wconf 84' lang='lat' dir='ltr'>paterno,</span> <span class='ocrx_word' id='word_1_165' title='bbox 1955 1748 1958 1758; x_wconf 39' lang='lat'><em>¹</em></span> 
     </span>
     <span class='ocr_line' id='line_1_22' title="bbox 195 1772 1891 1834; baseline 0.001 -15"><span class='ocrx_word' id='word_1_166' title='bbox 195 1772 381 1834; x_wconf 82' lang='lat' dir='ltr'>inquit⁷</span> <span class='ocrx_word' id='word_1_167' title='bbox 437 1772 602 1820; x_wconf 90' lang='lat' dir='ltr'>animo</span> <span class='ocrx_word' id='word_1_168' title='bbox 657 1787 746 1820; x_wconf 90' lang='lat' dir='ltr'>nos</span> <span class='ocrx_word' id='word_1_169' title='bbox 800 1773 990 1819; x_wconf 88' lang='lat' dir='ltr'>instrue</span> <span class='ocrx_word' id='word_1_170' title='bbox 1044 1774 1093 1819; x_wconf 91' lang='lat' dir='ltr'>et</span> <span class='ocrx_word' id='word_1_171' title='bbox 1147 1772 1318 1819; x_wconf 85' lang='lat' dir='ltr'>favore</span> <span class='ocrx_word' id='word_1_172' title='bbox 1371 1773 1659 1834; x_wconf 88' lang='lat' dir='ltr'>plenissimo</span> <span class='ocrx_word' id='word_1_173' title='bbox 1712 1773 1891 1821; x_wconf 88' lang='lat' dir='ltr'>animis</span> 
     </span>
     <span class='ocr_line' id='line_1_23' title="bbox 197 1844 1892 1907; baseline 0.001 -15"><span class='ocrx_word' id='word_1_174' title='bbox 197 1847 379 1893; x_wconf 87' lang='lat' dir='ltr'>nostris</span> <span class='ocrx_word' id='word_1_175' title='bbox 421 1861 547 1907; x_wconf 90' lang='lat' dir='ltr'>quae</span> <span class='ocrx_word' id='word_1_176' title='bbox 588 1845 924 1893; x_wconf 84' lang='lat' dir='ltr'>desideramus</span> <span class='ocrx_word' id='word_1_177' title='bbox 962 1844 1180 1893; x_wconf 79' lang='lat' dir='ltr'>infunde.</span> <span class='ocrx_word' id='word_1_178' title='bbox 1238 1846 1333 1893; x_wconf 88' lang='lat' dir='ltr'>hoc</span> <span class='ocrx_word' id='word_1_179' title='bbox 1371 1847 1480 1895; x_wconf 87' lang='lat' dir='ltr'>loco</span> <span class='ocrx_word' id='word_1_180' title='bbox 1512 1846 1708 1894; x_wconf 87' lang='lat' dir='ltr'>Aeneae</span> <span class='ocrx_word' id='word_1_181' title='bbox 1740 1847 1892 1895; x_wconf 86' lang='lat' dir='ltr'>verba</span> 
     </span>
     <span class='ocr_line' id='line_1_24' title="bbox 198 1919 1988 1982; baseline 0.002 -15"><span class='ocrx_word' id='word_1_182' title='bbox 198 1919 554 1968; x_wconf 86' lang='lat' dir='ltr'>consideranda</span> <span class='ocrx_word' id='word_1_183' title='bbox 616 1922 752 1979; x_wconf 83' lang='lat' dir='ltr'>sunt3</span> <span class='ocrx_word' id='word_1_184' title='bbox 821 1935 936 1968; x_wconf 90' lang='lat' dir='ltr'>cum</span> <span class='ocrx_word' id='word_1_185' title='bbox 998 1921 1130 1967; x_wconf 91' lang='lat' dir='ltr'>enim</span> <span class='ocrx_word' id='word_1_186' title='bbox 1184 1919 1423 1981; x_wconf 88' lang='lat' dir='ltr'>supplicis</span> <span class='ocrx_word' id='word_1_187' title='bbox 1478 1923 1527 1968; x_wconf 92' lang='lat' dir='ltr'>et</span> <span class='ocrx_word' id='word_1_188' title='bbox 1580 1921 1890 1982; x_wconf 87' lang='lat' dir='ltr'>deprecantis</span> <span class='ocrx_word' id='word_1_189' title='bbox 1986 1967 1988 1971; x_wconf 80' lang='grc'>,</span> 
     </span>
     <span class='ocr_line' id='line_1_25' title="bbox 198 1993 1891 2056; baseline 0.002 -16"><span class='ocrx_word' id='word_1_190' title='bbox 198 2009 332 2041; x_wconf 90' lang='lat' dir='ltr'>more</span> <span class='ocrx_word' id='word_1_191' title='bbox 365 1993 536 2041; x_wconf 86' lang='lat' dir='ltr'>divina</span> <span class='ocrx_word' id='word_1_192' title='bbox 565 1993 804 2041; x_wconf 88' lang='lat' dir='ltr'>beneficia</span> <span class='ocrx_word' id='word_1_193' title='bbox 835 1994 1088 2056; x_wconf 86' lang='lat' dir='ltr'>postulare</span> <span class='ocrx_word' id='word_1_194' title='bbox 1121 1993 1384 2055; x_wconf 86' lang='lat' dir='ltr'>debuisset,</span> <span class='ocrx_word' id='word_1_195' title='bbox 1415 1995 1712 2056; x_wconf 84' lang='lat' dir='ltr'>imperativo</span> <span class='ocrx_word' id='word_1_196' title='bbox 1744 1995 1891 2043; x_wconf 89' lang='lat' dir='ltr'>modo</span> 
     </span>
     <span class='ocr_line' id='line_1_26' title="bbox 199 2066 1983 2132; baseline 0.002 -18"><span class='ocrx_word' id='word_1_197' title='bbox 199 2082 318 2115; x_wconf 88' lang='lat' dir='ltr'>usus</span> <span class='ocrx_word' id='word_1_198' title='bbox 358 2066 436 2128; x_wconf 82' lang='lat' dir='ltr'>da,</span> <span class='ocrx_word' id='word_1_199' title='bbox 474 2069 661 2128; x_wconf 79' lang='lat' dir='ltr'>inquit⁷</span> <span class='ocrx_word' id='word_1_200' title='bbox 699 2070 957 2129; x_wconf 88' lang='lat' dir='ltr'>propriam</span> <span class='ocrx_word' id='word_1_201' title='bbox 995 2067 1220 2126; x_wconf 78' lang='lat' dir='ltr'>domum,</span> <span class='ocrx_word' id='word_1_202' title='bbox 1261 2068 1324 2115; x_wconf 91' lang='lat' dir='ltr'>da</span> <span class='ocrx_word' id='word_1_203' title='bbox 1361 2069 1579 2130; x_wconf 82' lang='lat' dir='ltr'>moenia,</span> <span class='ocrx_word' id='word_1_204' title='bbox 1620 2069 1683 2115; x_wconf 92' lang='lat' dir='ltr'>da</span> <span class='ocrx_word' id='word_1_205' title='bbox 1722 2085 1892 2132; x_wconf 85' lang='lat' dir='ltr'>genus,</span> <span class='ocrx_word' id='word_1_206' title='bbox 1944 2103 1950 2112; x_wconf 61' lang='grc'><em>.</em></span> <span class='ocrx_word' id='word_1_207' title='bbox 1979 2080 1983 2081; x_wconf 70' lang='grc'>’</span> 
     </span>
     <span class='ocr_line' id='line_1_27' title="bbox 200 2141 1979 2206; baseline 0.002 -19"><span class='ocrx_word' id='word_1_208' title='bbox 200 2141 264 2188; x_wconf 90' lang='lat' dir='ltr'>da</span> <span class='ocrx_word' id='word_1_209' title='bbox 309 2156 596 2188; x_wconf 88' lang='lat' dir='ltr'>mansuram</span> <span class='ocrx_word' id='word_1_210' title='bbox 633 2141 828 2202; x_wconf 83' lang='lat' dir='ltr'>urbem,</span> <span class='ocrx_word' id='word_1_211' title='bbox 880 2141 1001 2189; x_wconf 87' lang='lat' dir='ltr'>item</span> <span class='ocrx_word' id='word_1_212' title='bbox 1039 2157 1182 2190; x_wconf 89' lang='lat' dir='ltr'>serva</span> <span class='ocrx_word' id='word_1_213' title='bbox 1222 2142 1380 2189; x_wconf 88' lang='lat' dir='ltr'>altera</span> <span class='ocrx_word' id='word_1_214' title='bbox 1419 2142 1596 2190; x_wconf 89' lang='lat' dir='ltr'>Troiae</span> <span class='ocrx_word' id='word_1_215' title='bbox 1635 2142 1891 2206; x_wconf 87' lang='lat' dir='ltr'>Pergama,</span> <span class='ocrx_word' id='word_1_216' title='bbox 1969 2154 1979 2170; x_wconf 68' lang='lat'><em>⁵</em></span> 
     </span>
     <span class='ocr_line' id='line_1_28' title="bbox 201 2214 1890 2279; baseline 0.001 -17"><span class='ocrx_word' id='word_1_217' title='bbox 201 2229 343 2262; x_wconf 88' lang='lat' dir='ltr'>serva</span> <span class='ocrx_word' id='word_1_218' title='bbox 373 2214 611 2276; x_wconf 86' lang='lat' dir='ltr'>reliquias</span> <span class='ocrx_word' id='word_1_219' title='bbox 644 2215 888 2276; x_wconf 89' lang='lat' dir='ltr'>Danaum,</span> <span class='ocrx_word' id='word_1_220' title='bbox 928 2215 1109 2262; x_wconf 87' lang='lat' dir='ltr'>iterum</span> <span class='ocrx_word' id='word_1_221' title='bbox 1141 2215 1218 2276; x_wconf 86' lang='lat' dir='ltr'>da,</span> <span class='ocrx_word' id='word_1_222' title='bbox 1250 2218 1407 2278; x_wconf 84' lang='lat' dir='ltr'>pater,</span> <span class='ocrx_word' id='word_1_223' title='bbox 1442 2218 1707 2279; x_wconf 84' lang='lat' dir='ltr'>augurium</span> <span class='ocrx_word' id='word_1_224' title='bbox 1738 2218 1788 2264; x_wconf 87' lang='lat' dir='ltr'>et</span> <span class='ocrx_word' id='word_1_225' title='bbox 1817 2219 1890 2264; x_wconf 90' lang='lat' dir='ltr'>in-</span> 
     </span>
     <span class='ocr_line' id='line_1_29' title="bbox 199 2288 1892 2352; baseline 0.002 -17"><span class='ocrx_word' id='word_1_226' title='bbox 199 2288 364 2336; x_wconf 88' lang='lat' dir='ltr'>labere</span> <span class='ocrx_word' id='word_1_227' title='bbox 406 2288 584 2336; x_wconf 88' lang='lat' dir='ltr'>animis</span> <span class='ocrx_word' id='word_1_228' title='bbox 623 2289 830 2351; x_wconf 87' lang='lat' dir='ltr'>nostris,</span> <span class='ocrx_word' id='word_1_229' title='bbox 878 2290 1044 2337; x_wconf 91' lang='lat' dir='ltr'>omnia</span> <span class='ocrx_word' id='word_1_230' title='bbox 1082 2290 1380 2351; x_wconf 86' lang='lat' dir='ltr'>imperativo</span> <span class='ocrx_word' id='word_1_231' title='bbox 1418 2290 1565 2338; x_wconf 91' lang='lat' dir='ltr'>modo</span> <span class='ocrx_word' id='word_1_232' title='bbox 1604 2293 1892 2352; x_wconf 83' lang='lat' dir='ltr'>prosecutus</span> 
     </span>
     <span class='ocr_line' id='line_1_30' title="bbox 201 2362 1892 2425; baseline 0.002 -16"><span class='ocrx_word' id='word_1_233' title='bbox 201 2365 288 2411; x_wconf 87' lang='lat' dir='ltr'>est.</span> <span class='ocrx_word' id='word_1_234' title='bbox 364 2362 458 2410; x_wconf 89' lang='lat' dir='ltr'>hoc</span> <span class='ocrx_word' id='word_1_235' title='bbox 506 2377 618 2410; x_wconf 86' lang='lat' dir='ltr'>cum</span> <span class='ocrx_word' id='word_1_236' title='bbox 665 2379 765 2411; x_wconf 92' lang='lat' dir='ltr'>non</span> <span class='ocrx_word' id='word_1_237' title='bbox 814 2364 881 2411; x_wconf 90' lang='lat' dir='ltr'>sit</span> <span class='ocrx_word' id='word_1_238' title='bbox 927 2363 1258 2425; x_wconf 85' lang='lat' dir='ltr'>deprecantis,</span> <span class='ocrx_word' id='word_1_239' title='bbox 1299 2363 1385 2411; x_wconf 88' lang='lat' dir='ltr'>sed</span> <span class='ocrx_word' id='word_1_240' title='bbox 1422 2364 1660 2425; x_wconf 82' lang='lat' dir='ltr'>iubentis,</span> <span class='ocrx_word' id='word_1_241' title='bbox 1699 2365 1892 2412; x_wconf 88' lang='lat' dir='ltr'>intelle-</span> 
     </span>
     <span class='ocr_line' id='line_1_31' title="bbox 201 2435 1949 2500; baseline 0.003 -18"><span class='ocrx_word' id='word_1_242' title='bbox 201 2437 336 2498; x_wconf 86' lang='lat' dir='ltr'>gitur</span> <span class='ocrx_word' id='word_1_243' title='bbox 385 2435 566 2483; x_wconf 85' lang='lat' dir='ltr'>fiducia</span> <span class='ocrx_word' id='word_1_244' title='bbox 604 2437 822 2485; x_wconf 82' lang='lat' dir='ltr'>numinis</span> <span class='ocrx_word' id='word_1_245' title='bbox 861 2438 932 2485; x_wconf 89' lang='lat' dir='ltr'>sic</span> <span class='ocrx_word' id='word_1_246' title='bbox 970 2437 1167 2486; x_wconf 86' lang='lat' dir='ltr'>locutus</span> <span class='ocrx_word' id='word_1_247' title='bbox 1208 2439 1258 2485; x_wconf 88' lang='lat' dir='ltr'>et</span> <span class='ocrx_word' id='word_1_248' title='bbox 1295 2438 1464 2485; x_wconf 88' lang='lat' dir='ltr'>meriti</span> <span class='ocrx_word' id='word_1_249' title='bbox 1510 2439 1600 2486; x_wconf 89' lang='lat' dir='ltr'>sui.</span> <span class='ocrx_word' id='word_1_250' title='bbox 1679 2438 1892 2500; x_wconf 90' lang='lat' dir='ltr'>denique</span> <span class='ocrx_word' id='word_1_251' title='bbox 1923 2460 1949 2476; x_wconf 74' lang='lat'>2·</span> 
     </span>
     <span class='ocr_line' id='line_1_32' title="bbox 202 2504 1892 2577; baseline 0.003 -21"><span class='ocrx_word' id='word_1_252' title='bbox 202 2510 252 2557; x_wconf 79' lang='lat' dir='ltr'>et</span> <span class='ocrx_word' id='word_1_253' title='bbox 302 2511 355 2556; x_wconf 91' lang='lat' dir='ltr'>in</span> <span class='ocrx_word' id='word_1_254' title='bbox 410 2511 548 2557; x_wconf 83' lang='lat' dir='ltr'>sexto</span> <span class='ocrx_word' id='word_1_255' title='bbox 602 2510 730 2558; x_wconf 89' lang='lat' dir='ltr'>libro</span> <span class='ocrx_word' id='word_1_256' title='bbox 777 2504 896 2577; x_wconf 83' lang='lat'>(56)</span> <span class='ocrx_word' id='word_1_257' title='bbox 946 2526 1003 2558; x_wconf 89' lang='lat' dir='ltr'>ex</span> <span class='ocrx_word' id='word_1_258' title='bbox 1057 2511 1277 2559; x_wconf 89' lang='lat' dir='ltr'>eiusdem</span> <span class='ocrx_word' id='word_1_259' title='bbox 1321 2511 1519 2559; x_wconf 88' lang='lat' dir='ltr'>Aeneae</span> <span class='ocrx_word' id='word_1_260' title='bbox 1566 2528 1778 2574; x_wconf 89' lang='lat' dir='ltr'>persona</span> <span class='ocrx_word' id='word_1_261' title='bbox 1823 2511 1892 2562; x_wconf 87' lang='lat' dir='ltr'>sic</span> 
     </span>
    </p>
   </div>
   <div class='ocr_carea' id='block_1_3' title="bbox 1910 0 2014 3226">
    <p class='ocr_par' dir='ltr' id='par_1_3' title="bbox 1910 0 2014 3226">
     <span class='ocr_line' id='line_1_33' title="bbox 1910 0 2014 2970; baseline 0 -352"><span class='ocrx_word' id='word_1_262' title='bbox 1910 0 2014 2970; x_wconf 95' lang='lat' dir='ltr'>    </span> 
     </span>
     <span class='ocr_line' id='line_1_34' title="bbox 1910 2970 2014 3226; baseline 0 0"><span class='ocrx_word' id='word_1_263' title='bbox 1910 2970 2014 3226; x_wconf 95' lang='lat' dir='ltr'> </span> 
     </span>
    </p>
   </div>
   <div class='ocr_carea' id='block_1_4' title="bbox 200 2665 1986 3007">
    <p class='ocr_par' dir='ltr' id='par_1_4' title="bbox 200 2665 1986 3007">
     <span class='ocr_line' id='line_1_35' title="bbox 320 2665 1942 2727; baseline 0.003 -20"><span class='ocrx_word' id='word_1_264' title='bbox 320 2667 348 2706; x_wconf 83' lang='lat'>4</span> <span class='ocrx_word' id='word_1_265' title='bbox 379 2668 658 2708; x_wconf 63' lang='lat' dir='ltr'>monsvra‘nte</span> <span class='ocrx_word' id='word_1_266' title='bbox 690 2665 761 2709; x_wconf 92' lang='lat' dir='ltr'>ed.</span> <span class='ocrx_word' id='word_1_267' title='bbox 852 2670 876 2709; x_wconf 84' lang='grc'>7</span> <span class='ocrx_word' id='word_1_268' title='bbox 909 2667 1121 2721; x_wconf 77' lang='lat' dir='ltr'>faturum</span> <span class='ocrx_word' id='word_1_269' title='bbox 1144 2666 1231 2709; x_wconf 87' lang='lat' dir='ltr'>LR</span> <span class='ocrx_word' id='word_1_270' title='bbox 1253 2667 1456 2721; x_wconf 77' lang='lat' dir='ltr'>fatorum</span> <span class='ocrx_word' id='word_1_271' title='bbox 1478 2681 1502 2709; x_wconf 87' lang='lat'>1·</span> <span class='ocrx_word' id='word_1_272' title='bbox 1523 2668 1758 2721; x_wconf 64' lang='lat' dir='ltr'>facturum</span> <span class='ocrx_word' id='word_1_273' title='bbox 1782 2667 1854 2712; x_wconf 89' lang='lat' dir='ltr'>ed.</span> <span class='ocrx_word' id='word_1_274' title='bbox 1883 2667 1889 2727; x_wconf 81' lang='grc' dir='ltr'>Ι</span> <span class='ocrx_word' id='word_1_275' title='bbox 1940 2691 1942 2694; x_wconf 59' lang='lat'>&gt;</span> 
     </span>
     <span class='ocr_line' id='line_1_36' title="bbox 201 2723 1942 2784; baseline 0.002 -17"><span class='ocrx_word' id='word_1_276' title='bbox 201 2724 603 2780; x_wconf 73' lang='lat' dir='ltr'>‘rationeyarentur</span> <span class='ocrx_word' id='word_1_277' title='bbox 618 2723 654 2766; x_wconf 91' lang='lat' dir='ltr'>L</span> <span class='ocrx_word' id='word_1_278' title='bbox 678 2725 857 2768; x_wconf 73' lang='lat' dir='ltr'>ratione</span> <span class='ocrx_word' id='word_1_279' title='bbox 878 2730 1090 2783; x_wconf 66' lang='lat' dir='ltr'>gerentur</span> <span class='ocrx_word' id='word_1_280' title='bbox 1105 2725 1147 2768; x_wconf 89' lang='lat' dir='ltr'><strong>R</strong></span> <span class='ocrx_word' id='word_1_281' title='bbox 1169 2728 1349 2770; x_wconf 72' lang='lat' dir='ltr'>ratione</span> <span class='ocrx_word' id='word_1_282' title='bbox 1371 2732 1650 2784; x_wconf 56' lang='lat' dir='ltr'>‘amarentur</span> <span class='ocrx_word' id='word_1_283' title='bbox 1670 2741 1694 2768; x_wconf 86' lang='lat' dir='ltr'>r</span> <span class='ocrx_word' id='word_1_284' title='bbox 1716 2728 1895 2771; x_wconf 80' lang='lat' dir='ltr'>ratione</span> <span class='ocrx_word' id='word_1_285' title='bbox 1939 2729 1942 2730; x_wconf 68' lang='grc'>’</span> 
     </span>
     <span class='ocr_line' id='line_1_37' title="bbox 200 2781 1832 2841; baseline 0.001 -15"><span class='ocrx_word' id='word_1_286' title='bbox 200 2788 444 2840; x_wconf 74' lang='lat' dir='ltr'>neqaretur</span> <span class='ocrx_word' id='word_1_287' title='bbox 466 2781 538 2826; x_wconf 87' lang='lat' dir='ltr'>ed.</span> <span class='ocrx_word' id='word_1_288' title='bbox 625 2787 652 2826; x_wconf 91' lang='lat'>8</span> <span class='ocrx_word' id='word_1_289' title='bbox 676 2784 772 2839; x_wconf 78' lang='lat' dir='ltr'>ipse</span> <span class='ocrx_word' id='word_1_290' title='bbox 787 2783 874 2826; x_wconf 86' lang='lat' dir='ltr'>LR</span> <span class='ocrx_word' id='word_1_291' title='bbox 896 2798 941 2829; x_wconf 85' lang='grc'>36</span> <span class='ocrx_word' id='word_1_292' title='bbox 965 2785 1037 2828; x_wconf 88' lang='lat' dir='ltr'>ed.</span> <span class='ocrx_word' id='word_1_293' title='bbox 1066 2786 1072 2841; x_wconf 92' lang='grc' dir='ltr'>Ι</span> <span class='ocrx_word' id='word_1_294' title='bbox 1100 2798 1190 2829; x_wconf 80' lang='lat' dir='ltr'>esse</span> <span class='ocrx_word' id='word_1_295' title='bbox 1204 2784 1292 2828; x_wconf 82' lang='lat' dir='ltr'>LR</span> <span class='ocrx_word' id='word_1_296' title='bbox 1315 2785 1386 2829; x_wconf 90' lang='lat' dir='ltr'>ed.</span> <span class='ocrx_word' id='word_1_297' title='bbox 1403 2799 1450 2829; x_wconf 95' lang='grc'>36</span> <span class='ocrx_word' id='word_1_298' title='bbox 1472 2799 1563 2830; x_wconf 86' lang='grc'><em>6336</em></span> <span class='ocrx_word' id='word_1_299' title='bbox 1585 2800 1609 2828; x_wconf 90' lang='lat' dir='ltr'>r</span> <span class='ocrx_word' id='word_1_300' title='bbox 1629 2799 1720 2830; x_wconf 79' lang='lat' dir='ltr'>sese</span> <span class='ocrx_word' id='word_1_301' title='bbox 1734 2799 1832 2830; x_wconf 78' lang='lat' dir='ltr'>nos,</span> 
     </span>
     <span class='ocr_line' id='line_1_38' title="bbox 205 2841 1986 2908; baseline 0.003 -23"><span class='ocrx_word' id='word_1_302' title='bbox 205 2845 260 2885; x_wconf 83' lang='lat'>14</span> <span class='ocrx_word' id='word_1_303' title='bbox 284 2841 470 2885; x_wconf 77' lang='lat' dir='ltr'>autLR</span> <span class='ocrx_word' id='word_1_304' title='bbox 493 2847 545 2886; x_wconf 75' lang='lat' dir='ltr'>ut</span> <span class='ocrx_word' id='word_1_305' title='bbox 567 2855 591 2884; x_wconf 92' lang='lat' dir='ltr'>r</span> <span class='ocrx_word' id='word_1_306' title='bbox 614 2841 685 2887; x_wconf 88' lang='lat' dir='ltr'>ed.</span> <span class='ocrx_word' id='word_1_307' title='bbox 766 2846 820 2886; x_wconf 83' lang='lat'>15</span> <span class='ocrx_word' id='word_1_308' title='bbox 838 2857 1008 2899; x_wconf 78' lang='lat' dir='ltr'>ponere</span> <span class='ocrx_word' id='word_1_309' title='bbox 1023 2843 1111 2886; x_wconf 67' lang='grc' dir='ltr'>ΕΒ,</span> <span class='ocrx_word' id='word_1_310' title='bbox 1135 2849 1278 2888; x_wconf 75' lang='lat' dir='ltr'>-erent</span> <span class='ocrx_word' id='word_1_311' title='bbox 1294 2843 1403 2887; x_wconf 87' lang='lat' dir='ltr'>edF.</span> <span class='ocrx_word' id='word_1_312' title='bbox 1484 2849 1538 2888; x_wconf 88' lang='lat'>16</span> <span class='ocrx_word' id='word_1_313' title='bbox 1563 2845 1713 2900; x_wconf 80' lang='lat' dir='ltr'>ipsum</span> <span class='ocrx_word' id='word_1_314' title='bbox 1729 2845 1798 2887; x_wconf 86' lang='lat' dir='ltr'>Lr</span> <span class='ocrx_word' id='word_1_315' title='bbox 1819 2844 1892 2890; x_wconf 83' lang='lat' dir='ltr'>ed.</span> <span class='ocrx_word' id='word_1_316' title='bbox 1942 2887 1945 2889; x_wconf 17' lang='grc' dir='ltr'><strong>Α</strong></span> <span class='ocrx_word' id='word_1_317' title='bbox 1983 2844 1986 2908; x_wconf 64' lang='grc' dir='ltr'>Ῑ</span> 
     </span>
     <span class='ocr_line' id='line_1_39' title="bbox 201 2900 1986 2959; baseline 0.002 -16"><span class='ocrx_word' id='word_1_318' title='bbox 201 2901 341 2944; x_wconf 76' lang='lat' dir='ltr'>istum</span> <span class='ocrx_word' id='word_1_319' title='bbox 355 2900 410 2943; x_wconf 83' lang='lat' dir='ltr'>R.</span> <span class='ocrx_word' id='word_1_320' title='bbox 439 2902 445 2957; x_wconf 85' lang='grc' dir='ltr'>Ι</span> <span class='ocrx_word' id='word_1_321' title='bbox 473 2906 749 2946; x_wconf 75' lang='lat' dir='ltr'>construeret</span> <span class='ocrx_word' id='word_1_322' title='bbox 771 2902 842 2945; x_wconf 91' lang='lat' dir='ltr'>ed.</span> <span class='ocrx_word' id='word_1_323' title='bbox 923 2906 979 2946; x_wconf 90' lang='lat'>18</span> <span class='ocrx_word' id='word_1_324' title='bbox 1002 2903 1124 2947; x_wconf 74' lang='lat' dir='ltr'>velut</span> <span class='ocrx_word' id='word_1_325' title='bbox 1146 2903 1216 2946; x_wconf 93' lang='lat' dir='ltr'>ed.</span> <span class='ocrx_word' id='word_1_326' title='bbox 1246 2906 1252 2959; x_wconf 90' lang='grc' dir='ltr'>Ι</span> <span class='ocrx_word' id='word_1_327' title='bbox 1279 2903 1465 2947; x_wconf 76' lang='lat' dir='ltr'>incertis</span> <span class='ocrx_word' id='word_1_328' title='bbox 1488 2916 1575 2947; x_wconf 91' lang='lat' dir='ltr'>om.</span> <span class='ocrx_word' id='word_1_329' title='bbox 1596 2903 1666 2946; x_wconf 89' lang='lat' dir='ltr'>ed.</span> <span class='ocrx_word' id='word_1_330' title='bbox 1741 2907 1796 2947; x_wconf 81' lang='lat'>21</span> <span class='ocrx_word' id='word_1_331' title='bbox 1821 2905 1910 2948; x_wconf 59' lang='lat' dir='ltr'>in-</span> <span class='ocrx_word' id='word_1_332' title='bbox 1983 2910 1986 2958; x_wconf 70' lang='lat' dir='ltr'><strong><em>f</em></strong></span> 
     </span>
     <span class='ocr_line' id='line_1_40' title="bbox 201 2958 1983 3007; baseline 0.002 -4"><span class='ocrx_word' id='word_1_333' title='bbox 201 2964 345 3004; x_wconf 76' lang='lat' dir='ltr'>struet</span> <span class='ocrx_word' id='word_1_334' title='bbox 375 2958 461 3003; x_wconf 81' lang='lat' dir='ltr'>LR</span> <span class='ocrx_word' id='word_1_335' title='bbox 492 2961 667 3005; x_wconf 71' lang='lat' dir='ltr'>instrue</span> <span class='ocrx_word' id='word_1_336' title='bbox 697 2965 739 3005; x_wconf 76' lang='lat' dir='ltr'>et</span> <span class='ocrx_word' id='word_1_337' title='bbox 769 2975 792 3003; x_wconf 88' lang='lat' dir='ltr'>r</span> <span class='ocrx_word' id='word_1_338' title='bbox 823 2962 999 3006; x_wconf 69' lang='lat' dir='ltr'>imme</span> <span class='ocrx_word' id='word_1_339' title='bbox 1029 2961 1102 3006; x_wconf 88' lang='lat' dir='ltr'>ed.</span> <span class='ocrx_word' id='word_1_340' title='bbox 1225 2966 1279 3005; x_wconf 82' lang='lat'>27</span> <span class='ocrx_word' id='word_1_341' title='bbox 1313 2962 1477 3007; x_wconf 78' lang='lat' dir='ltr'>iterum</span> <span class='ocrx_word' id='word_1_342' title='bbox 1508 2962 1595 3006; x_wconf 79' lang='lat' dir='ltr'>LR</span> <span class='ocrx_word' id='word_1_343' title='bbox 1624 2963 1730 3007; x_wconf 76' lang='lat' dir='ltr'>item</span> <span class='ocrx_word' id='word_1_344' title='bbox 1761 2963 1862 3007; x_wconf 89' lang='lat' dir='ltr'>ed.-</span> <span class='ocrx_word' id='word_1_345' title='bbox 1928 2991 1935 3005; x_wconf 53' lang='lat' dir='ltr'><em>s</em></span> <span class='ocrx_word' id='word_1_346' title='bbox 1982 2975 1983 2983; x_wconf 59' lang='lat'>¹</span> 
     </span>
    </p>
   </div>
  </div>
 </body>
</html>
