2014 3226
797 152 1100 203 AENEmos
1134 159 1194 203 Ἦ
1727 166 1828 218 581

152 311 250 342 non
290 296 477 356 placet,
516 296 617 342 iam
655 297 877 344 recedam
920 300 1199 360 expleturus
1240 316 1495 348 numerum
1543 297 1712 366 (quem
1753 305 1835 351 ab·

153 369 312 416 eundo
350 363 621 434 minuerat)
663 373 712 416 et
742 371 957 419 tenebris
991 373 1171 420 iterum
1202 374 1393 422 reddar.
1457 378 1471 422 ἱ
1503 376 1658 426 decus.
1691 380 1723 432 i,
1755 394 1836 424 no·

152 447 321 498 strum,
359 442 638 490 melioribus
675 447 807 491 utere
845 447 985 504 fatis:
1033 462 1142 493 cum
1190 448 1380 496 duobus
1421 449 1613 497 locutus
1653 453 1726 498 est
1765 452 1834 498 di·

152 531 292 564 verso
347 532 546 579 genere,
600 517 821 578 placavit
874 519 1052 567 iratam
1101 524 1266 568 vatem
1321 524 1371 569 et
1426 523 1617 570 Aeneae
1672 525 1837 571 felicia

109 606 129 638 5
154 591 349 652 optavit
387 592 438 638 et
474 605 726 652 prospera,
766 592 851 639 sed
890 610 1071 657 magna
1109 594 1352 642 brevitate
1385 596 1637 656 sermonis,
1676 614 1735 644 ne
1766 598 1836 644 lo-

155 663 346 725 quendo
370 664 598 726 plurimis
623 680 787 712 moras
811 670 1042 726 necteret,
1075 684 1197 728 quas
1221 669 1600 730 reprehenderat
1632 669 1834 732 Sibylla.

263 738 480 798 Respicit
516 738 710 786 Aeneas
749 741 904 787 subito
945 745 986 788 et
1015 742 1104 789 sub
1135 757 1256 803 rupe
1287 744 1486 791 sinistra
1519 747 1706 792 moene'a
1738 746 1838 792 lala

152 813 280 859 videt
318 813 496 872 tripliei
534 814 832 860 circumdata
872 829 1024 865 muro,
1066 831 1188 874 quae
1226 818 1431 875 rapidus
1470 819 1681 875 flammis
1720 833 1820 866 am·
1840 823 1926 862 560

154 886 221 933 bit
266 886 556 934 torrentibus
602 889 764 934 amuis
805 887 1073 935 Tartareus
1119 890 1402 950 Pleleqethon
1450 894 1720 950 torquetque
1765 906 1837 939 so-

89 976 131 1008 10
154 962 330 1007 nautia
383 975 521 1008 saxa.
600 965 748 1019 porta
804 961 1011 1009 adversa
1064 964 1233 1021 inqens
1284 965 1527 1024 solidoque
1580 967 1839 1012 adamante

155 1034 425 1090 columnae,
478 1035 553 1081 vis
602 1036 658 1080 ut
700 1034 839 1083 nulla
886 1038 1069 1089 virum,
1123 1052 1217 1083 non
1274 1039 1370 1096 ipsi
1424 1039 1668 1086 excindere
1722 1039 1838 1086 bello

154 1107 406 1156 caelicolae
436 1108 644 1163 valeant,
683 1111 782 1156 stat
809 1110 972 1168 ferrea
1003 1111 1154 1157 turris
1178 1111 1243 1158 ad
1266 1126 1433 1166 auras,
1479 1112 1823 1172 Tisiphoneque
1841 1116 1927 1155 555

152 1181 322 1229 sedens
359 1182 505 1240 palla
549 1184 790 1230 succincta
841 1186 1038 1231 cruenta
1089 1185 1372 1232 vestibulum
1426 1188 1635 1233 exomnis
1681 1189 1839 1234 servat

14 1310 32 1319 „
152 1259 402 1316 noctesque
439 1257 647 1315 diesque.
722 1257 834 1304 hine
874 1259 1096 1305 exaudiri
1138 1259 1342 1318 yemz'tus
1388 1261 1431 1306 et
1474 1274 1622 1307 saeva
1666 1274 1840 1307 sonare

88 1344 130 1378 15
162 1330 372 1385 verbera,
403 1333 506 1377 tum
535 1331 716 1378 stridor
745 1332 867 1391 ferr-i
899 1334 1170 1391 tractaeque
1201 1335 1418 1380 catenae:
1456 1332 1720 1395 descriptio
1744 1333 1841 1380 loci

156 1403 528 1464 quaestionibus
570 1406 620 1452 et
658 1404 914 1467 suppliciis
961 1407 1093 1453 recte
1139 1406 1453 1454 conveniens:
1499 1422 1614 1454 nam
1652 1407 1841 1468 triplici

155 1493 298 1525 muro
337 1477 502 1526 fuerat
541 1478 753 1538 clausus,
791 1494 851 1526 ne
890 1480 988 1526 reis
1027 1479 1225 1526 labendi
1265 1483 1414 1541 atque
1454 1479 1692 1528 evadendi
1730 1479 1841 1527 sub-

157 1554 288 1599 esset
320 1554 536 1614 occasi03
574 1554 750 1614 portae
783 1555 886 1601 eius
917 1555 1022 1600 tam
1055 1552 1220 1615 durae,
1259 1555 1364 1601 tam
1396 1554 1561 1614 fortes,
1593 1557 1650 1601 ut
1682 1568 1840 1614 neque

155 1625 373 1674 humana
418 1641 578 1688 neque
625 1626 830 1674 deorum
874 1629 1060 1675 virtute
1108 1627 1329 1688 superari
1375 1630 1597 1689 possent,
1647 1627 1842 1675 etiamsi

89 1714 133 1747 ιο
156 1699 278 1747 belli
318 1702 565 1748 certamen
606 1702 857 1760 existeret3
909 1702 1074 1748 omnia
1112 1701 1291 1748 fluvius
1338 1702 1581 1749 clauserat
1625 1700 1842 1763 rapidus,

158 1773 288 1822 saxis
329 1775 378 1821 et
417 1773 686 1823 verticibus
725 1774 966 1822 flammeis
1006 1776 1246 1836 copiosus,
1286 1775 1370 1836 qui
1409 1775 1611 1823 transiri
1640 1776 1844 1836 propter

155 1848 483 1909 rapacitatem
536 1850 586 1896 et
640 1864 759 1896 saxa
806 1864 932 1911 quae
979 1848 1211 1897 volvebat
1263 1850 1561 1910 propterque
1614 1846 1843 1895 incendia

155 1937 253 1969 non
292 1925 484 1983 posset3
523 1922 674 1970 turris
713 1923 818 1970 illic
856 1923 955 1970 fuit
993 1922 1169 1970 educta
1199 1923 1251 1969 in
1291 1922 1605 1970 altitudinem
1636 1922 1840 1969 nimiam

157 1999 264 2043 tam
303 1995 463 2056 fortis,
500 1998 560 2044 ut
597 1997 771 2044 ferreis
811 1996 942 2045 saxis
980 1998 1243 2058 putaretur
1281 1998 1525 2056 extructa3
1562 1997 1612 2042 in
1655 1995 1841 2043 foribus

90 2084 133 2118 2⁶
157 2069 310 2117 Furia
349 2070 448 2118 fuit
484 2085 709 2134 egressus
742 2070 972 2133 diligenti
1003 2070 1199 2118 cautela
1229 2068 1525 2127 custodiens,
1563 2069 1642 2116 die
1673 2071 1842 2116 noctu·

160 2159 253 2204 que
293 2146 525 2192 continue
556 2145 785 2208 pervigil,
824 2143 1035 2208 flagellis
1065 2142 1302 2191 terribilis
1343 2146 1392 2191 et
1423 2143 1617 2190 armata
1648 2158 1842 2204 serpen-

157 2217 306 2265 tibus.
385 2217 504 2279 quid
542 2218 649 2267 illic
687 2233 787 2266 non
826 2219 1099 2277 cruentum,
1138 2233 1236 2265 non
1267 2218 1410 2266 triste
1443 2231 1547 2265 esse
1585 2217 1843 2279 potuisset,

156 2290 245 2338 ubi
290 2291 416 2339 nihil
463 2291 729 2356 gerebatur
774 2291 873 2340 nisi
921 2291 1052 2353 quod
1105 2294 1354 2339 tormenta
1405 2292 1705 2338 monstraret
1755 2291 1843 2336 aut

157 2363 404 2427 poenam?
450 2364 662 2428 denique
701 2367 915 2428 gemitus
954 2368 1002 2413 et
1041 2366 1233 2413 sonitus
1270 2363 1529 2412 verberum
1575 2366 1625 2411 et
1659 2364 1841 2411 tracta·

90 2454 135 2488 ιο
157 2455 270 2486 rum
310 2440 597 2488 catenarum
636 2440 821 2489 stridor
862 2438 1061 2487 auditus
1109 2437 1227 2500 quid
1271 2438 1407 2486 intus
1453 2439 1705 2500 gereretur
1742 2436 1842 2482 evi·

159 2511 446 2562 dentissime
484 2513 767 2561 nuntiabat.
843 2515 1051 2561 constitit
1087 2511 1282 2559 Aeneas
1318 2513 1658 2570 strepitumque
1695 2512 1842 2556 exter-

157 2589 283 2635 ritus
313 2588 499 2635 hausit:
537 2590 708 2635 tantus
739 2589 791 2634 in
823 2587 913 2634 illo
945 2586 1052 2635 loco
1083 2588 1441 2650 tormentorum
1473 2585 1707 2645 strepitus
1731 2582 1843 2642 fuit,

157 2663 216 2708 ut
252 2660 447 2709 Aeneas
488 2663 628 2709 exta-a
664 2661 829 2723 ipsum
867 2660 1059 2722 positus
1095 2659 1223 2707 ferre
1260 2659 1510 2720 nequisset
1540 2655 1669 2718 quod
1700 2655 1843 2704 ferie·

279 2789 304 2829 7
335 2786 543 2831 siuextra
565 2785 620 2831 V.
715 2790 771 2831 18
802 2791 898 2830 tam
919 2785 1060 2839 sortes
1082 2783 1124 2828 V
1154 2789 1197 2830 et
1226 2787 1255 2828 t.
1279 2785 1315 2839 f.
1339 2788 1470 2828 erant
1500 2781 1571 2826 ed.
1664 2784 1718 2824 19
1749 2781 1843 2825 vir·

158 2849 275 2890 tutes
306 2843 359 2889 V.
474 2849 533 2890 20
561 2846 758 2902 rapidus
789 2858 878 2888 om.
902 2842 974 2887 ed.
1086 2846 1143 2887 24
1166 2847 1413 2900 putaretur
1442 2839 1484 2883 V
1514 2839 1739 2886 videretur
1769 2837 1842 2883 ed.

248 2907 305 2948 29
341 2905 452 2960 post
480 2917 678 2961 poenam
718 2917 799 2948 sex
834 2902 932 2947 fere
970 2901 1234 2947 litterarum
1279 2900 1485 2958 spatium
1521 2901 1656 2943 vacat
1691 2897 1742 2941 in
1780 2894 1844 2941 Vt*

158 2961 358 3007 fortasse
388 2964 587 3008 sontium
617 2962 821 3008 excidit?
941 2965 996 3005 31
1029 2960 1398 3017 extrepidumque
1425 2957 1483 3004 V.
