2014 3226
199 180 310 231 444
668 179 898 222 DONATI
930 178 1209 222 INTERPR.
1243 179 1420 223 VERG.

203 320 265 367 ad
305 321 424 367 litus
466 322 585 379 saxi,
618 335 677 365 ne
718 318 894 366 tertius
935 318 1074 365 fieret
1114 321 1201 366 aut
1242 323 1461 380 quartus,
1494 322 1536 368 si
1571 321 1648 367 illi
1686 321 1888 368 transis-
1950 341 1969 379 „1

204 398 312 441 sent
345 394 430 454 qui
462 394 659 440 fuerant
691 393 941 453 postremi.
1003 396 1053 440 ai
1090 395 1255 453 qravis
1294 397 1347 439 ut
1383 394 1538 453 fundo
1578 396 1660 441 vix
1697 394 1891 440 tandem

201 469 418 514 redditas
452 470 543 514 imo
578 470 666 513 esi:
704 468 1063 527 praecipitatus
1103 466 1352 515 Menoetes
1394 469 1444 514 et
1481 467 1562 515 vix
1602 471 1650 514 et
1689 467 1889 516 tandem

204 542 401 588 emersit
448 557 504 586 ex
551 540 717 599 undis,
764 540 875 586 ideo
923 541 1145 601 tandem,
1194 543 1313 602 quia
1362 543 1463 601 vix3
1518 541 1615 588 fuit
1663 542 1792 588 enim
1838 542 1887 587 in
1951 531 1957 534 ’

202 618 308 676 ipso
348 614 510 661 reditu
551 615 653 662 eius
695 617 742 660 et
782 614 1048 661 difficultas
1090 617 1138 662 et
1177 631 1329 662 mora.
1390 615 1510 662 dicit
1551 630 1723 662 causas
1764 614 1889 661 diffi-

204 690 402 736 cultatis
447 689 602 749 ipsius
644 690 692 735 et
730 703 920 735 morae:
975 690 1076 735 iam
1114 690 1274 735 senior
1313 689 1607 747 madidaque
1645 691 1800 747 fluens
1838 690 1891 735 in

203 766 326 809 reste
380 763 647 809 ilsenoez‘Cffl
718 761 915 808 cadenti
969 764 1020 808 in
1074 778 1308 824 praeceps
1363 779 1423 809 ne
1478 765 1670 809 mature
1727 763 1893 823 posset

118 841 200 879 180
221 852 467 898 emergere
500 835 836 897 inpedimento
878 836 1076 882 fuerunt
1116 839 1338 884 senectus
1375 838 1424 883 et
1463 838 1638 884 vestes.
1701 850 1893 883 summa

193 912 315 968 petii
360 911 542 970 scopuli
588 912 809 968 siccaque
850 911 904 956 in
942 923 1064 969 rupe
1102 911 1300 957 resedit:
1356 910 1440 971 qui
1479 911 1643 957 fuerat
1680 909 1892 957 madidis
1995 958 1998 970 ,

201 984 420 1032 vestibus
467 1000 564 1031 non
611 983 851 1031 remeavit
891 983 954 1030 ad
992 999 1191 1045 navem,
1241 985 1326 1031 sed
1365 985 1415 1030 in
1457 1000 1572 1031 saxo
1613 986 1738 1031 sicco
1779 999 1891 1031 con·
1916 1002 1934 1038 2
1997 987 1998 993 ’

203 1058 341 1106 sedit.
404 1059 542 1105 illum
583 1061 624 1105 ei
663 1058 898 1104 labentem
932 1058 1106 1106 Teucri
1139 1061 1181 1105 ei
1210 1060 1359 1106 risere
1388 1061 1636 1106 natantem
1669 1061 1710 1105 ei
1739 1058 1894 1105 salsos

202 1132 362 1179 rident
406 1135 720 1179 revomentem
757 1134 947 1190 pectore
985 1134 1182 1191 fluetus:
1236 1149 1508 1180 maerorem
1553 1132 1740 1195 gloriae
1786 1147 1894 1192 per·
1939 1175 1941 1177 .

205 1206 335 1252 ditae
375 1206 460 1253 ille
500 1205 644 1254 sociis
685 1207 785 1252 suis
827 1208 1127 1266 excusserat,
1175 1221 1284 1253 cum
1326 1205 1543 1266 caderet,
1593 1222 1703 1252 cum
1743 1221 1892 1252 emer-

203 1282 362 1342 geret,
412 1295 523 1327 cum
560 1282 836 1327 revomeret
874 1279 1065 1328 fluctus.
1142 1281 1218 1327 hie
1257 1281 1383 1328 laeta
1423 1282 1643 1327 extremis
1682 1293 1789 1339 spes
1829 1282 1896 1326 est

205 1368 406 1401 aceensa
453 1354 661 1410 duobus,
707 1352 923 1412 Serqesto
962 1355 1283 1414 Mnesihique,
1328 1354 1475 1414 Gyan
1519 1369 1752 1413 superare
1797 1368 1894 1400 mo·
1918 1369 1936 1402 1

203 1431 417 1475 rantem:
478 1428 667 1475 duobus
722 1429 984 1488 postremis
1041 1443 1150 1489 spes
1206 1430 1412 1476 accessit
1467 1445 1525 1474 ex
1578 1442 1695 1475 casu
1744 1426 1894 1489 Gyae,

207 1503 444 1563 quoniam
492 1504 595 1550 eius
642 1517 783 1548 mora
825 1504 1024 1562 poterat
1063 1502 1292 1564 prodesse
1334 1501 1674 1563 sequentibus,
1721 1503 1778 1548 ut
1817 1517 1894 1552 su·
1946 1534 1950 1537 -

118 1582 201 1620 185
220 1576 437 1637 periores
486 1576 810 1624 efficerentur.
887 1575 1135 1636 Serqesius
1174 1579 1303 1636 capit
1341 1581 1451 1624 ante
1490 1577 1646 1624 locum
1683 1574 1896 1635 scopulo·
1950 1627 1951 1630 Ἴ
1996 1624 1997 1627 ,

205 1664 293 1709 que
324 1651 639 1710 propinquat,
680 1665 765 1697 nce
804 1653 900 1697 iota
939 1654 1101 1698 tamen
1139 1651 1220 1698 ille
1241 1652 1385 1710 prior
1407 1652 1675 1710 praeeunte
1707 1651 1894 1704 carina,

195 1728 340 1782 parte
370 1725 526 1783 prior,
567 1729 760 1783 partem
806 1727 961 1771 rostro
991 1726 1175 1783 premii
1211 1725 1404 1772 aemula
1442 1725 1641 1772 Pristis:
1693 1724 1895 1785 propin·
1926 1744 1949 1757 ν

206 1798 405 1859 quabat,
443 1797 623 1860 inquit,
662 1799 868 1859 scopulo
910 1798 1183 1861 Sergestus,
1223 1800 1293 1847 sic
1332 1801 1513 1858 tamen,
1553 1799 1611 1845 ut
1647 1814 1748 1845 non
1785 1798 1896 1845 tota
1947 1791 1949 1793 ’

205 1874 344 1919 navis
378 1875 505 1920 esset
535 1872 704 1920 libera.
767 1887 884 1934 pars
923 1874 1106 1934 quippe
1147 1872 1248 1920 eius
1287 1872 1550 1920 videbatur
1586 1871 1895 1932 praeterisse,

204 1962 318 2007 pars
373 1961 488 1994 vero
545 1948 759 2008 opprimi
812 1946 1100 2008 posterioris
1146 1950 1322 1995 rostro.
1400 1946 1647 1994 aemulam
1693 1945 1896 1992 Pristim
1942 1974 1948 2011 J

205 2019 344 2079 dixit,
383 2036 510 2081 quae
547 2021 759 2069 transire
798 2021 1130 2069 contenderet.
1194 2024 1246 2068 ai
1281 2022 1442 2068 media
1479 2022 1631 2068 socios
1673 2019 1896 2067 incedens
1940 2031 1942 2036 ·

204 2109 328 2141 nave
350 2109 444 2153 per
473 2096 602 2154 ipsos
631 2096 852 2142 hortatur
883 2095 1192 2142 Mnestheus:
1222 2095 1507 2142 Mnestheus
1541 2092 1673 2156 quod
1703 2092 1894 2141 videret
1924 2114 1938 2137 ι·

206 2167 398 2215 modico
431 2168 599 2215 labore
632 2169 853 2230 conpleri
884 2184 1028 2230 posse
1060 2169 1324 2217 victoriam
1351 2171 1441 2216 aut
1462 2167 1657 2215 modica
1681 2165 1896 2229 segnitia
1936 2187 1938 2189 >

206 2243 430 2302 interire,
476 2242 706 2290 incedens
753 2259 843 2304 per
887 2242 1102 2290 mediam
1147 2258 1325 2290 navem
1364 2242 1417 2290 id
1456 2244 1529 2290 est
1566 2241 1698 2288 inter
1737 2239 1894 2290 omnis
1934 2263 1935 2266 ¹
1994 2253 1997 2284 3

206 2315 415 2380 remiges
463 2315 738 2364 discurrens
784 2316 1078 2365 hortabatur
1124 2318 1378 2364 universos
1425 2315 1488 2364 ad
1535 2315 1747 2378 gloriam
1785 2330 1893 2376 per·
1931 2348 1936 2361 .

121 2394 205 2434 190
220 2389 494 2437 ficiendam.
548 2405 679 2438 nunc
709 2406 839 2439 nune
869 2393 1103 2451 insurqite
1133 2393 1292 2446 remiS,
1316 2391 1539 2438 Hectorei
1561 2390 1692 2453 socii,
1722 2389 1895 2437 Troiae

207 2477 326 2524 quos
362 2467 486 2510 sorte
523 2478 751 2523 suprema
790 2466 940 2526 deleqi
971 2467 1160 2512 comites
1170 2482 1188 2523 ,·
1224 2479 1356 2512 nune
1385 2464 1499 2511 illas
1520 2463 1729 2524 promite
1758 2462 1894 2519 viris,
1924 2484 1939 2522 χ.

206 2551 338 2585 nunc
392 2539 602 2593 animae,
659 2539 834 2597 quibus
886 2540 938 2586 in
997 2538 1219 2587 Gaetulis
1262 2538 1485 2600 Syrtibus
1538 2539 1617 2585 usi
1661 2537 1896 2595 Ionioque

206 2613 336 2659 mari
366 2611 656 2671 Maleaeque
689 2613 974 2672 sequacibus
1012 2613 1185 2661 undis:
1224 2611 1520 2660 admonebat
1559 2625 1640 2658 eos
1679 2613 1895 2671 praeter<

206 2686 308 2733 itae
346 2684 548 2734 virtutis
588 2701 756 2756 eorum
796 2686 948 2734 fortia
986 2686 1122 2735 facta
1159 2699 1547 2734 commemorans
1580 2699 1638 2732 ac
1667 2685 1894 2750 repetens
1932 2707 1937 2710 ·
1996 2749 1997 2757 ἵ

327 2816 355 2855 4
386 2811 538 2855 emesit
565 2811 600 2854 L
633 2811 780 2855 emisit
810 2811 852 2854 R
883 2825 995 2856 corr.
1021 2827 1056 2854 r.
1166 2816 1192 2856 6
1224 2816 1265 2856 et
1296 2824 1384 2855 om.
1411 2809 1482 2855 ed.
1591 2813 1618 2854 8
1650 2811 1897 2867 inmergere,
1920 2812 1929 2821 ’“

208 2869 294 2913 LR
327 2883 440 2914 corr.
471 2885 496 2913 r
527 2870 597 2914 ed.
745 2873 800 2913 14
831 2876 1045 2915 evomeret
1074 2871 1144 2915 cd.
1294 2874 1347 2913 15
1381 2869 1702 2924 Mnestheoque
1733 2868 1805 2912 ed..
1858 2918 1864 2922 ,
1891 2883 1920 2915 χ
1994 2905 1996 2910 ,

209 2933 266 2973 20
291 2930 456 2987 pistris
487 2929 572 2972 LR
603 2927 745 2985 (infra
775 2931 986 2987 pristim).
1131 2933 1188 2973 23
1217 2930 1366 2986 premi
1396 2927 1467 2972 ed.
1613 2932 1668 2971 26
1701 2926 1926 2985 sequium.
1993 2943 1995 2962 ¹

208 2987 296 3032 LR
325 2989 542 3033 tarditate
574 2987 646 3032 ed.
768 2991 824 3031 30
855 2993 971 3033 sorte
1000 3002 1168 3045 suppre
1198 2988 1234 3031 L
1265 2988 1381 3043 forte
1411 3001 1608 3043 supprae
1639 2985 1693 3031 R.
1865 2981 1895 3021 '⁵
