2014 3226
193 188 297 239 178
656 185 888 229 DONATI
918 185 1198 227 INTERPR.
1231 184 1409 228 VERG.

190 330 419 376 securim:
474 326 639 388 qualis
679 325 817 372 tollit
854 325 1096 387 mugitus,
1145 341 1255 372 cum
1296 325 1394 372 aris
1432 327 1606 373 taurus
1650 325 1879 374 admotus

190 419 289 450 non
334 402 480 462 pleno
527 400 631 446 ictu
676 399 955 460 percutitur
998 400 1048 445 et
1087 413 1198 446 aras
1237 398 1423 462 effugit,
1463 398 1581 445 talis
1621 400 1880 447 emittebat

190 476 418 523 Laocoon
454 475 691 522 clamores
725 472 787 519 ad
820 472 994 519 sidera.
1057 472 1461 534 reprehendentis
1494 473 1683 519 scilicet
1715 474 1878 521 animo

189 549 418 607 faciebat,
451 547 583 609 quod
614 561 703 593 nec
743 546 1062 593 subvenirent
1099 548 1203 594 tam
1243 561 1390 593 saeva
1429 547 1789 606 perferentibus
1830 551 1880 595 et

190 624 392 685 indigna
431 621 539 668 fieri
577 622 880 683 paterentur.
960 619 1145 666 adlusit
1192 622 1357 667 autem
1397 619 1455 666 de
1494 622 1693 683 mugitu
1731 623 1878 682 tauri,
1925 637 1945 669 5

193 696 426 758 quoniam
479 697 532 742 in
585 695 674 742 illo
729 693 968 742 sacrificio
1030 696 1231 741 taurum
1293 694 1443 741 fuisse
1503 697 1877 744 memoraverat.

189 770 326 817 tollit
370 770 446 816 bis
495 768 837 830 accipiendum
884 770 980 827 est,
1026 770 1086 815 ut
1125 768 1191 814 sit
1228 768 1365 815 tollit
1403 769 1652 831 mugitum
1689 770 1879 828 tauruS,

189 844 325 890 tollit
369 842 598 891 Laocoon
646 843 883 890 clamores
932 841 995 888 ad
1041 840 1223 901 sidera,
1272 844 1328 888 ut
1374 841 1462 888 illo
1509 842 1591 889 vel
1636 858 1733 890 vox
1769 858 1878 904 per-

101 925 184 963 ‘225
203 919 395 965 veniret
431 917 560 964 unde
599 916 878 964 insontibus
918 930 1017 963 non
1055 916 1224 977 potuit
1263 915 1526 963 subveniri.
1606 919 1657 963 at
1701 918 1880 976 ycmiui

190 993 332 1051 lapsu
371 991 575 1038 delubra
613 990 679 1038 ad
717 1005 910 1037 summa
950 989 1182 1037 dracones
1214 989 1479 1049 diffuyiuut
1508 1003 1772 1050 saevaeque
1794 1004 1879 1049 pe·
1905 1007 1948 1038 10

190 1068 295 1112 tunt
343 1064 610 1112 Tritonidis
661 1078 820 1112 arcem
869 1064 958 1111 sub
1000 1065 1300 1123 pedibusque
1351 1063 1467 1110 deae
1513 1064 1743 1123 clipeique
1789 1065 1878 1112 sub

189 1140 299 1186 orbe
329 1142 576 1199 teguntur:
608 1137 925 1186 confirmatur
955 1137 1054 1184 ista
1086 1138 1380 1197 coniectura,
1407 1137 1538 1198 quod
1568 1153 1669 1186 non
1699 1138 1881 1186 inertia

190 1229 280 1261 sua
318 1229 476 1274 neque
516 1213 622 1260 sola
662 1211 860 1259 Sinonis
899 1211 1089 1271 fraude,
1122 1211 1207 1259 sed
1244 1212 1447 1258 inimico
1487 1213 1638 1259 etiam
1677 1211 1880 1260 deorum

189 1287 352 1334 studio
394 1289 444 1334 et
480 1286 561 1334 vel
599 1287 812 1333 maxime
850 1287 1007 1347 ipsius
1045 1285 1315 1346 Minervae,
1354 1287 1492 1333 cuius
1532 1285 1716 1333 donum
1754 1285 1879 1334 Lao-

189 1362 377 1409 coontis
431 1377 583 1408 manu
637 1359 898 1408 constabat
952 1375 1055 1407 csse
1109 1360 1384 1420 pulsatum,
1432 1359 1637 1406 Troiani
1686 1359 1879 1422 decepti
1903 1376 1947 1409 15

189 1436 301 1495 sint,
342 1450 453 1482 cum
492 1434 728 1482 dracones
765 1433 910 1481 ambo
941 1433 1163 1494 perfecta
1193 1432 1491 1481 Laocoontis
1524 1448 1582 1482 ac
1611 1433 1879 1482 liberorum
1982 1483 1985 1496 ,

187 1525 347 1571 poena
387 1508 451 1556 ad
488 1508 730 1569 templum
768 1507 1021 1554 Minervae
1062 1507 1421 1555 contenderunt
1452 1522 1541 1555 nec
1574 1502 1733 1555 solum
1765 1523 1879 1555 con-
1979 1507 1985 1565 ξ

186 1585 314 1631 tenti
375 1583 577 1630 fuerunt
629 1581 904 1644 parietibus
958 1582 1154 1643 templi,
1211 1581 1296 1629 sed
1351 1581 1414 1628 ad
1467 1580 1626 1644 ipsam
1683 1597 1881 1643 quoque
1969 1570 1983 1626 ,2³

189 1673 371 1716 arcem,
418 1657 512 1704 hoc
559 1658 635 1703 est
673 1655 759 1703 ubi
797 1655 917 1703 deae
957 1655 1275 1703 simulacrum
1316 1654 1504 1716 stabat,
1551 1655 1696 1703 celeri
1735 1656 1879 1717 lapsu
1967 1714 1977 1723 ,.

187 1732 519 1793 pervenerunt
586 1729 907 1793 vestigiisque
978 1730 1082 1776 eius
1144 1731 1194 1776 et
1255 1729 1413 1791 clipeo
1475 1731 1689 1778 contecti
1749 1732 1876 1777 sunt.
1903 1726 1979 1788 9οζ

188 1805 469 1852 mirandum
514 1821 614 1852 non
662 1806 738 1852 est
784 1804 941 1865 clipeo
989 1805 1039 1851 et
1086 1803 1341 1850 simulacri
1385 1804 1611 1866 vestigiis
1649 1804 1756 1866 tegi
1792 1819 1879 1865 po-

187 1879 340 1926 tuisse
381 1894 502 1940 quos
543 1894 692 1939 supra
732 1879 782 1925 et
818 1878 993 1940 longos
1034 1879 1083 1924 et
1121 1877 1311 1924 validos
1352 1876 1478 1924 dixit
1517 1880 1567 1925 et
1611 1877 1878 1939 multiplici
1963 1915 1977 1950 ν

190 1952 379 1999 ambitu
425 1951 800 2000 circumdedisse
848 1950 1144 2000 Laocoontis
1191 1966 1367 2013 corpus
1415 1966 1471 1998 ac
1515 1951 1785 1999 liberorum
1830 1953 1880 1999 et
1966 1956 1976 2029 ξ

188 2025 339 2073 fuisse
380 2026 677 2087 superfluam
714 2027 920 2087 partem.
989 2025 1181 2073 interea
1221 2025 1476 2086 amplexus
1516 2025 1642 2072 dixit
1681 2041 1878 2087 serpen-

188 2101 311 2159 tum,
351 2115 463 2146 cum
500 2101 643 2161 pueri
682 2102 732 2146 et
762 2099 992 2147 Laocoon
1023 2100 1331 2159 necarentur,
1363 2101 1421 2146 ut
1452 2099 1734 2147 ostenderet
1756 2098 1922 2147 Ver-⁹
1902 2114 1969 2148 25,

189 2173 338 2237 gilius
378 2189 481 2222 esse
519 2172 749 2233 blandos,
789 2189 894 2222 esse
934 2172 1201 2235 aliquando
1243 2172 1394 2220 etiam
1431 2173 1734 2234 perniciosos
1776 2189 1877 2220 am·
1964 2179 1972 2181 ’

188 2246 374 2329 plexus.
450 2247 711 2310 vulgatum
758 2249 925 2295 autem
973 2249 1168 2295 constat
1206 2249 1256 2294 et
1294 2246 1519 2294 omnibus
1558 2247 1877 2294 manifestum
1958 2247 1971 2293 ,ἰ

190 2321 242 2368 111
286 2322 414 2368 mari
460 2336 667 2384 angues,
713 2321 766 2368 in
811 2323 947 2368 terra
994 2323 1266 2383 serpentes,
1312 2322 1366 2367 in
1411 2321 1597 2382 templo
1641 2320 1876 2368 dracones
1954 2309 1970 2382 j

187 2396 387 2456 poetam
425 2394 618 2442 dixisse.
1953 2382 1969 2458 3?

302 2469 429 2516 Twm
485 2483 595 2515 vero
653 2469 931 2528 tremefacta
978 2482 1133 2516 novus
1178 2483 1273 2528 per
1315 2471 1514 2528 pectora
1567 2469 1747 2516 cunctis
1802 2470 1876 2516 in-
1900 2483 1949 2516 30

190 2544 358 2589 sinuat
400 2556 584 2602 pavor:
644 2543 753 2588 tum
804 2558 920 2590 vero
970 2544 1089 2590 tunc
1134 2543 1315 2605 magis;
1377 2557 1527 2603 supra
1573 2541 1703 2589 enim
1750 2542 1878 2589 dixit
1949 2591 1950 2596 ,

190 2616 417 2664 horresco
455 2616 671 2663 referens
711 2617 761 2663 et
799 2615 1083 2679 diffugimus
1114 2615 1226 2664 visu
1258 2631 1516 2678 exangues,
1547 2631 1678 2663 nunc
1710 2618 1875 2664 autem

188 2690 406 2752 perfecto
445 2688 742 2737 Laocoontis
789 2691 840 2736 et
883 2689 1099 2737 filiorum
1146 2690 1296 2738 exitio
1341 2692 1392 2738 et
1430 2689 1722 2738 draconibus
1762 2704 1875 2738 con-
1938 2749 1955 2760 ψ

1847 2813 1851 2822 ’
1920 2741 1962 2955 ἒ

309 2878 332 2918 1
365 2887 572 2918 securum
602 2873 644 2916 R
673 2887 868 2918 securem
895 2889 932 2918 r.
1055 2879 1081 2917 3
1113 2875 1281 2919 scilicet
1311 2887 1399 2918 om.
1425 2873 1495 2917 ed.
1618 2877 1647 2916 4
1675 2873 1877 2927 faciebat

188 2931 275 2976 LR
306 2933 486 2977 tollebat
515 2932 588 2976 ed.
711 2937 766 2976 26
799 2946 888 2977 esse
919 2933 1110 2978 blandos
1141 2933 1229 2977 LR
1259 2947 1348 2978 esse
1379 2946 1467 2976 om.
1494 2932 1565 2975 ed.
1689 2935 1743 2975 31
1776 2930 1875 2979 tm'n

188 2992 336 3049 magis
366 2991 437 3035 ed.
531 3039 534 3052 Σ
561 2995 616 3035 32
649 2996 798 3036 autem
829 2991 916 3034 LR
945 3006 1046 3037 vero
1077 2992 1148 3035 ed.
1835 3013 1840 3017 ·
