2014 3226
200 186 308 239 360
552 231 559 239 ,
666 184 898 228 DONATI
927 183 1207 227 INTERPR.
1240 183 1418 228 VERG.

200 342 368 375 sensus
408 327 663 373 morientis
703 325 1032 387 extinguitur,
1079 326 1240 371 totum
1278 326 1452 372 interit
1492 341 1587 386 quo
1626 326 1733 373 vita
1771 328 1886 374 reti·
1956 354 1963 367 ν.

198 402 365 460 netur,
411 399 575 461 perdit
621 397 909 459 obsequium
957 399 1181 459 quisquis
1226 398 1357 446 illud
1401 414 1499 446 non
1545 400 1755 460 homini,
1802 400 1887 448 sed
1964 390 1966 396 ’

112 481 166 519 35
202 475 352 522 cineri
397 488 691 536 praerogare
738 471 1004 519 contendit.
1083 475 1198 528 esto,
1243 487 1441 531 aeyram
1477 474 1605 521 nulli
1643 473 1887 533 quondam
1950 519 1951 523 ,

198 551 369 608 flea-ere
406 548 588 603 mariti,
626 561 725 593 non
756 547 959 606 Libyae,
991 559 1091 593 non
1130 549 1240 594 ante
1274 547 1416 606 Tyro,
1457 547 1701 607 despectus
1731 547 1886 596 Hiar-

201 624 285 670 bas
325 623 633 681 ductoresque
672 620 775 675 alii,
809 634 926 680 quos
949 617 1137 680 Africa
1168 623 1299 668 terra
1330 621 1588 680 triumphis
1620 621 1751 668 dives
1784 622 1886 678 alit,

190 697 435 757 placitone
475 697 619 742 etiam
647 694 898 755 puynabis
936 694 1127 741 amori?
1189 709 1301 741 cum
1340 694 1514 754 adhuc,
1546 694 1724 756 inquit,
1757 710 1885 743 esses
1946 691 1948 694 ’

200 786 367 832 aegra,
421 769 513 816 hoc
568 769 642 816 est
696 784 807 814 cum
860 782 1027 815 recens
1081 769 1252 815 mariti
1304 767 1489 829 perditi
1534 771 1584 817 te
1632 768 1887 832 adfligeret

199 844 358 903 dolor,
406 844 644 904 petitores
691 842 907 889 reiecisti
952 842 1170 902 potentis
1212 844 1261 889 et
1299 842 1553 904 plurimos.
1632 844 1888 891 consenuit

198 919 342 979 lapsu
373 917 610 978 temporis
643 916 798 975 dolor,
824 932 963 964 amor
992 916 1197 977 placuit,
1221 915 1496 977 conplenda
1528 917 1774 964 sententia
1798 919 1886 965 est.

199 1008 261 1038 an
308 991 402 1039 tibi
450 990 581 1052 quod
628 991 902 1051 praesumis
949 991 1020 1037 sic
1067 989 1245 1038 animis
1293 990 1438 1038 debet
1476 989 1634 1038 videri
1672 992 1886 1038 retinen-

198 1066 336 1126 dum,
382 1068 439 1112 ut
479 1065 732 1126 perpetuis
771 1063 988 1111 luctibus
1027 1079 1210 1111 vacans
1247 1063 1503 1112 iuventam
1541 1079 1736 1112 omnem
1774 1079 1887 1112 con-

197 1141 336 1202 iugia
389 1138 664 1200 respuendo
718 1136 1065 1187 transmittas?
1143 1140 1185 1186 si
1237 1139 1394 1200 igitur
1446 1140 1683 1200 petitores
1737 1138 1888 1200 primi

198 1213 401 1262 fastidio
442 1211 739 1275 inpedientis
779 1211 963 1260 doloris
1002 1212 1130 1259 nihil
1169 1228 1258 1274 pro
1298 1213 1555 1260 voluntate
1586 1214 1887 1272 meruerunt,

198 1287 330 1350 quod
368 1303 498 1349 nunc
536 1287 727 1348 placuit
765 1302 864 1334 non
904 1285 1049 1333 debet
1088 1286 1338 1335 contraria
1376 1287 1633 1334 voluntate
1667 1286 1886 1334 dissolvi·

196 1377 281 1410 nec
311 1363 442 1410 venit
469 1363 522 1409 in
555 1364 757 1408 mentem
781 1374 987 1419 quorum
1010 1361 1278 1408 consederis
1303 1361 1470 1408 arvis?
1522 1360 1654 1421 quod
1685 1360 1887 1408 obscure
1919 1414 1924 1418 ,

197 1435 324 1483 dixit
370 1451 581 1496 quorum
627 1434 904 1482 consederis
946 1435 1078 1482 arvis
1117 1434 1295 1496 incipit
1333 1434 1587 1482 evidenter
1626 1450 1887 1496 exponeret

108 1512 164 1551 40
195 1511 308 1558 hine
348 1509 586 1557 Gaetulae
622 1510 779 1564 urbe&
815 1522 970 1568 yenus
1007 1509 1337 1568 insuperabile
1376 1509 1516 1564 belle,
1560 1511 1604 1556 et
1639 1508 1888 1557 Numidae

196 1585 382 1644 infreni
429 1585 626 1643 einyunt
673 1586 716 1630 et
758 1583 1005 1643 inhospita
1040 1581 1222 1643 Syrtis,
1262 1584 1374 1631 hine
1411 1584 1601 1631 deserta
1637 1584 1721 1631 siti
1757 1585 1887 1643 reyio
1944 1580 1945 1583 ’

197 1659 381 1717 lateque
410 1658 626 1717 furentes
657 1657 885 1705 Barcaei.
949 1657 1067 1716 quid
1107 1656 1232 1706 bella
1272 1657 1401 1717 Tyro
1438 1659 1690 1718 sumentia
1728 1657 1888 1705 dicam
1915 1686 1918 1690 Δ

193 1733 508 1792 yermwnique
544 1732 742 1779 minas?
816 1731 1020 1792 plenum
1059 1730 1278 1779 studium
1327 1731 1584 1779 suadentis
1631 1731 1890 1792 exequitur

196 1808 370 1868 utpote
407 1805 657 1853 unanimis
696 1821 846 1854 soror.
924 1821 1042 1853 nam
1078 1806 1194 1866 post
1229 1805 1391 1852 multa
1428 1804 1718 1867 necessaria,
1762 1812 1887 1866 quae

199 1881 426 1941 superius
463 1879 650 1940 posuit,
682 1879 877 1926 addidit
914 1878 1130 1927 faciendi
1167 1879 1512 1927 necessitatem
1545 1879 1746 1943 singula
1776 1893 1887 1927 cum

198 1969 286 2001 suo
325 1956 462 2001 metu
500 1969 803 2015 percurrens.
873 1969 988 2014 non,
1025 1954 1206 2015 inquit,
1244 1954 1383 2001 venit
1420 1954 1474 2000 in
1511 1955 1728 2001 mentem
1769 1968 1887 2014 quo-

196 2044 307 2075 rum
355 2027 630 2075 consederis
678 2025 844 2075 arvis?
891 2027 983 2074 hoc
1030 2029 1104 2074 est
1153 2042 1247 2075 non
1294 2028 1481 2075 tractas
1519 2029 1570 2074 te
1609 2042 1712 2076 esse
1749 2042 1886 2089 pere-

199 2101 393 2166 grinam
448 2104 594 2164 atque
649 2102 702 2148 in
755 2100 1030 2164 peregrinis
1076 2100 1302 2162 partibus
1352 2101 1619 2162 imperium
1664 2103 1714 2149 te
1761 2100 1886 2149 velle
1982 2115 1992 2122 ’

197 2174 421 2235 fundare,
459 2175 607 2223 initia
646 2176 813 2223 omnia
851 2174 1033 2223 habere
1071 2175 1292 2223 laborem
1331 2173 1524 2238 durum,
1556 2174 1635 2223 vel
1673 2175 1887 2223 maxime

198 2249 250 2296 in
297 2263 446 2297 causa
489 2248 689 2310 imperii
740 2248 879 2310 novi,
936 2248 1068 2310 quod
1120 2249 1307 2297 femina
1361 2252 1410 2297 et
1458 2249 1564 2297 sola
1608 2250 1663 2296 in
1709 2248 1886 2296 alienis
1928 2247 1932 2251 ’

196 2322 342 2370 terris
380 2338 557 2385 parare
597 2322 853 2371 contendis
891 2323 1226 2383 firmissimam
1256 2322 1436 2383 sedem,
1469 2338 1571 2371 esse
1599 2323 1886 2377 innumeras
1927 2360 1935 2373 ,

198 2397 381 2460 gentis,
437 2412 562 2458 quae
615 2399 665 2444 te
719 2398 934 2445 maximo
988 2397 1188 2444 urbium
1238 2413 1444 2445 nurnero
1496 2396 1735 2444 infestare
1786 2411 1886 2444 non

198 2469 449 2531 dubitent,
504 2486 632 2531 quae
686 2470 944 2519 ferocitate
998 2470 1252 2534 gaudeant
1301 2473 1352 2518 et
1392 2471 1651 2533 potentiae
1698 2469 1919 2522 viribus'
1996 2517 1999 2523 .

196 2545 391 2606 possint
443 2543 633 2606 inplere
689 2543 924 2606 quicquid
977 2546 1144 2592 animo
1192 2545 1443 2606 coeperint
1489 2546 1539 2592 et
1584 2545 1886 2607 cogitatione
1979 2558 1999 2610 j,

196 2615 463 2679 perficere?
531 2617 646 2666 hinc
687 2616 927 2666 Gaetulae
965 2618 1126 2678 urbes,
1166 2633 1321 2683 genus
1358 2618 1693 2680 insuperabile
1730 2617 1884 2676 bello:

199 2691 332 2753 quod
366 2706 523 2756 genus
561 2691 818 2739 hominum
855 2692 1058 2754 nesciat,
1096 2692 1277 2754 inquit,
1315 2692 1462 2753 vinci,
1502 2707 1612 2740 cum
1658 2691 1886 2740 intulerit
1962 2694 1971 2742 ’.

317 2821 342 2861 9
377 2817 503 2873 lapso
535 2816 633 2860 LR
750 2821 805 2860 10
837 2819 1006 2862 animis
1036 2817 1123 2861 LR
1153 2819 1308 2863 animo
1340 2818 1412 2862 ed.
1522 2822 1574 2860 13
1607 2818 1887 2874 inpedientes

199 2875 284 2918 LR
308 2889 420 2919 corr.
438 2890 462 2918 r
485 2875 556 2920 ed.
651 2879 707 2920 18
738 2876 888 2920 inhita
917 2875 954 2920 L
984 2877 1143 2931 inhsrta
1171 2877 1214 2920 R
1243 2877 1475 2933 inhospita
1505 2891 1540 2920 r.
1633 2880 1690 2921 28
1719 2875 1884 2931 sirmis·

197 2935 360 2980 simam
397 2933 484 2977 LR
522 2934 603 2979 edI
648 2935 1009 2989 infirmissimam
1055 2949 1162 2979 cum
1199 2949 1343 2992 prava
1382 2934 1683 2980 distinctione
1722 2933 1830 2979 edF.
1864 2933 1912 2999 j
1907 2994 1910 2995 ⁷
1974 2950 1978 2965 ³

198 2986 344 3039 sedem
374 3007 463 3040 esse
493 2993 536 3037 R
566 3007 656 3039 esse
685 2994 830 3038 sedem
861 2993 910 3037 L.
954 2996 960 3051 Ι
1011 2996 1277 3040 innumeras
1306 2994 1393 3038 LR
1425 2993 1505 3039 edI
1534 2995 1589 3040 ob
1618 2995 1651 3039 i·
1684 2993 1794 3043 edl?
1875 2998 1878 3001 ’
