2014 3226
200 174 307 226 256
669 172 900 216 DONATI
931 173 1210 216 INTERPR.
1245 173 1421 217 VERG.

198 316 454 362 servitium
502 314 805 374 pollicentis,
854 328 964 359 cum
1011 328 1069 359 ea
1116 313 1286 360 futura
1333 329 1441 360 sum
1489 329 1546 360 ex
1587 329 1685 375 qua
1725 329 1892 361 omnes

200 389 268 435 dii
301 389 618 450 gratulantur
650 402 699 434 se
734 402 836 433 esse
869 387 1171 449 progenitos,
1205 402 1358 447 quam
1389 390 1692 434 venerantur
1724 403 1892 435 omnes

201 464 286 523 qui
325 462 536 508 libenter
575 460 852 522 potioribus
893 460 1134 507 deferunt.
1204 477 1304 508 non
1342 461 1520 508 cecidit
1552 462 1752 508 fortuna
1784 476 1894 508 mea
1990 494 1993 533 Ι

199 552 286 583 1100
326 536 586 582 debilitata
627 535 906 582 succubuit:
947 534 1195 582 Dardanis
1237 537 1287 581 et
1326 534 1469 582 divae
1494 534 1700 582 Veneris
1740 550 1894 582 nurus
1991 547 1993 599 ζ

201 610 345 656 (1011111
385 610 536 655 matri
585 608 814 669 deputari
862 610 1142 655 commerui.
1222 608 1471 656 Dardanis
1521 611 1570 655 et
1618 609 1760 656 divae
1800 608 1895 656 Ve-
1943 623 1993 662 5'

200 685 329 731 neris
369 698 520 729 nurus
560 683 886 743 praeferentis
928 684 1093 730 animo
1133 683 1353 743 positum
1393 682 1626 730 debemus
1660 684 1895 743 accipere,

199 757 567 818 Myrmidonum
595 755 909 817 Dolopumve
943 756 1080 804 sedes
1118 751 1403 820 [aspiciam]
1438 758 1526 804 aut
1550 755 1693 804 Grais
1724 757 1895 803 matri-

200 832 289 878 bus
346 830 427 877 ibo
482 831 728 878 servitura
784 829 1089 877 detrahentis
1146 832 1310 878 animo
1368 830 1567 878 dictum.
1647 830 1895 878 Dardanis

201 906 310 951 laus
367 905 731 952 communicata
786 919 896 951 cum
948 903 1174 952 omnibus
1223 905 1474 965 Troianis,
1531 904 1675 952 divae
1730 905 1897 952 autem

200 978 407 1025 Veneris
456 994 608 1026 nurus
659 993 784 1038 quae
833 979 930 1025 fuit
977 979 1205 1039 specialis
1252 980 1425 1040 ipsius.
1513 994 1543 1026 a
1588 994 1800 1039 persona
1848 981 1896 1026 et
1922 999 1964 1030 10

200 1053 307 1100 1000
347 1053 501 1099 traxit
542 1051 842 1100 Graecorum
882 1052 1314 1100 obtrectationem:
1359 1069 1387 1099 a
1426 1067 1652 1113 persona,
1684 1052 1896 1099 liberata

202 1142 329 1187 sum,
376 1126 563 1188 inquit,
611 1126 892 1173 infimorum
938 1126 1194 1174 hominum
1241 1128 1534 1188 captivitate
1582 1129 1632 1173 et
1679 1129 1895 1174 extremo

201 1201 427 1261 servitio,
471 1216 500 1248 a
539 1201 663 1260 loco,
703 1216 800 1248 non
841 1200 922 1247 ibo
963 1200 1027 1248 ad
1068 1199 1367 1248 Graecorum
1409 1200 1558 1261 sedes,
1600 1199 1805 1256 sedero
1843 1201 1897 1246 111

201 1274 526 1337 originalibus
574 1274 695 1322 10015
744 1276 794 1321 et
840 1290 951 1322 011111
999 1274 1201 1322 (100111111
1249 1276 1470 1323 011111111111
1508 1277 1681 1321 matre.
1759 1275 1897 1321 tenet

198 1365 276 1396 me
323 1349 434 1408 illa,
483 1364 608 1410 quae
658 1350 816 1396 omnis
866 1348 981 1395 deos
1027 1349 1222 1400 ratione
1267 1350 1485 1396 numinis
1534 1351 1583 1395 et
1631 1349 1896 1410 potestatis
1922 1366 1989 1406 15¹

201 1422 466 1470 antevenit.
546 1424 836 1484 conparatio
884 1424 984 1470 ista
1030 1424 1218 1486 tangit,
1266 1425 1322 1470 ut
1360 1422 1546 1469 dictum
1587 1425 1682 1483 est,
1725 1421 1897 1469 mariti

201 1498 454 1557 solacium,
496 1498 582 1557 qui
620 1511 709 1543 nec
749 1497 1002 1558 captivam
1039 1511 1242 1544 uxorem
1281 1498 1503 1558 repperit
1541 1511 1630 1544 nec
1669 1497 1896 1557 occisam,

200 1572 320 1632 quin
359 1572 526 1632 potius
569 1571 822 1618 detentam
853 1570 1112 1618 voluntate
1146 1572 1249 1618 eius
1283 1587 1381 1633 qua
1413 1570 1578 1618 nullus
1613 1573 1687 1618 est
1717 1572 1897 1631 potior.

199 1647 392 1704 iamque
415 1645 524 1692 vale
553 1648 596 1692 et
623 1646 731 1692 nati
760 1659 903 1692 serva
935 1646 1202 1692 communis
1234 1659 1470 1692 amorem:
1509 1645 1898 1693 consolationem

201 1734 343 1766 suam
373 1718 447 1765 fili
472 1718 896 1766 commendatione
922 1719 1176 1767 conclusit.
1222 1722 1388 1780 potest
1412 1718 1571 1766 videri
1594 1719 1668 1766 ita
1694 1718 1896 1766 dixisse:
1921 1736 1965 1771 20

200 1793 350 1840 habes
397 1792 556 1840 filium
602 1795 848 1854 nostrum,
898 1793 1001 1840 eius
1053 1808 1272 1841 amorem
1312 1808 1455 1841 serva
1494 1795 1544 1840 et
1583 1793 1898 1840 amissionem

201 1883 364 1914 meam
401 1867 559 1914 levius
597 1867 725 1914 feres
766 1870 816 1914 et
853 1867 1125 1928 plurimum
1163 1867 1287 1914 mihi
1327 1867 1578 1914 detuleris.
1643 1868 1808 1928 potest
1847 1867 1898 1914 et

203 1942 292 1988 51οε
347 1940 534 1988 sciebat
573 1941 706 1987 enim
745 1941 866 2003 quid
903 1942 1035 1988 inter
1074 1944 1238 1989 cetera
1275 1941 1624 2002 praedixisset,
1673 1939 1892 1988 futurum

202 2015 390 2062 scilicet
428 2017 484 2062 ut
514 2014 708 2062 Aeneas
747 2014 1008 2062 habiturus
1041 2018 1169 2063 esset
1201 2016 1487 2078 coniugium
1517 2030 1715 2076 novum,
1748 2029 1895 2075 quae-

202 2089 386 2136 siturus
425 2088 521 2136 sibi
558 2104 783 2149 uxorem,
831 2089 933 2137 filio
981 2104 1266 2137 novercam:
1328 2089 1420 2136 hoc
1466 2090 1624 2152 igitur
1670 2090 1895 2136 metuens
1921 2105 1971 2140 π’

201 2165 360 2209 mater
390 2162 655 2210 novissime
689 2163 982 2223 conlocavit,
1013 2165 1071 2210 ut
1102 2163 1328 2210 haereret
1361 2163 1511 2210 altius
1543 2165 1750 2224 paterno
1785 2177 1896 2223 pec-

202 2237 302 2284 tori
358 2236 488 2297 quod
543 2236 776 2298 cupiebat
830 2252 934 2285 esse
985 2239 1251 2286 servatum.
1336 2253 1436 2284 non
1490 2239 1658 2284 autem
1712 2251 1897 2284 novum

205 2309 444 2358 suadebat
491 2310 760 2371 adfectum,
809 2312 1047 2372 quoniam
1093 2310 1280 2359 sciebat
1319 2326 1370 2359 se
1409 2311 1551 2372 loqui
1590 2325 1701 2357 cum
1738 2312 1895 2371 patre,

206 2385 294 2445 qui
341 2399 559 2432 amorem
604 2383 679 2431 fili
725 2385 826 2432 iam
872 2385 1076 2432 tenebat
1120 2385 1175 2432 111
1222 2384 1468 2445 sensibus,
1514 2384 1724 2446 ideoque
1771 2382 1897 2431 dixit
1963 2414 1981 2448 3

205 2473 346 2506 serva
385 2473 603 2505 amorem
642 2459 749 2506 nati
780 2459 1067 2520 communis,
1100 2460 1218 2520 quia
1249 2460 1447 2520 poterat
1478 2457 1608 2506 effici
1638 2460 1694 2505 ut
1725 2458 1894 2505 favore
1918 2475 1938 2507 a
1977 2451 1981 2456 ¹

203 2531 418 2580 viventis
457 2533 507 2578 et
545 2547 703 2580 novae
744 2531 968 2596 coniugis
1009 2532 1186 2580 ductus
1220 2534 1324 2580 eius
1355 2533 1683 2595 praeponeret
1713 2530 1894 2579 liberos
1926 2592 1929 2594 μ

203 2604 306 2654 filio
340 2621 398 2653 ex
429 2606 639 2668 coniuge
671 2608 914 2668 suscepto.
967 2607 1268 2668 temperavit
1299 2621 1415 2670 ergo
1447 2609 1504 2653 ut
1535 2605 1720 2653 diceret
1751 2620 1894 2653 serva

323 2750 351 2789 4
367 2745 613 2790 Dardanis
629 2772 686 2778 —
703 2750 729 2789 ὅ
754 2749 997 2792 commerui
1013 2761 1101 2791 om.
1114 2747 1186 2792 ed.
1269 2751 1293 2790 7
1318 2748 1542 2803 aspiciam
1559 2760 1647 2790 om.
1658 2746 1744 2789 LR
1761 2745 1832 2789 ed.

208 2810 261 2848 15
292 2805 493 2849 ‘nominis
514 2804 600 2847 LR
624 2804 695 2848 ed.
791 2810 844 2849 16
877 2808 1145 2862 conparatio
1162 2833 1219 2839 —
1238 2810 1293 2850 18
1311 2806 1467 2863 potior
1490 2819 1579 2849 om.
1598 2806 1669 2849 ed.
1687 2803 1832 2848 Lucii.

207 2868 260 2916 18
293 2865 451 2908 nullus
474 2863 560 2906 LR
585 2865 719 2908 nulla
749 2864 858 2908 edF.
952 2870 1007 2908 23
1039 2866 1105 2910 sic
1127 2865 1210 2909 LR
1236 2866 1302 2910 sic
1332 2865 1531 2922 intelliyi
1554 2864 1624 2908 ed.
1655 2866 1661 2921 Ι
1695 2864 1815 2920 quod
1837 2862 1891 2908 R.

295 2927 351 2966 24
375 2937 464 2967 esse
479 2923 521 2966 R
544 2928 653 2967 esset
674 2938 710 2967 r.
793 2927 848 2967 28
874 2926 1088 2980 quoniam
1105 2924 1192 2968 LE
1215 2925 1326 2982 quia
1342 2923 1413 2968 ed.
1496 2928 1551 2967 29
1577 2924 1688 2980 quia
1710 2927 1891 2967 mortem
1958 2935 1959 2938 ’

206 2981 291 3024 LR
315 2981 387 3026 ed.
413 2983 493 3038 qui
523 2995 717 3026 amorem
748 2997 784 3027 r.
878 2987 933 3026 32
966 2997 1022 3028 ex
1051 2985 1241 3042 coniuye
1270 2983 1356 3026 LR.
1381 2983 1535 3039 priori
1563 2982 1786 3038 interpos.
1819 2981 1891 3026 ed.
1955 2999 1957 3001 ·
