2014 3226
181 163 291 215 326
650 161 885 205 DONATI
918 161 1195 204 INTERPR.
1229 161 1405 206 VERG.

181 304 367 350 fecerat
421 303 637 349 Helenus
693 303 820 362 ipse,
883 301 967 348 sed
1029 318 1248 362 parvam.
1339 304 1526 349 certum
1580 303 1702 350 facit
1754 303 1874 351 haec

180 376 409 435 dicendo,
459 376 588 436 quod
635 391 722 436 per
768 377 933 436 ipsum
979 375 1156 423 Troiae
1210 376 1411 423 fortuna
1459 376 1640 423 evadat
1686 378 1873 440 ingens.

182 467 237 498 eo
287 466 368 497 ore
416 450 608 497 locutus
657 452 750 508 est,
795 451 850 495 ut
890 451 938 495 et
977 450 1107 496 vatis
1150 449 1366 496 officium
1407 452 1455 497 et
1495 451 1643 497 amici
1681 451 1875 499 intelle-

182 528 329 584 gatur
367 523 602 583 inplesse3
644 523 811 583 aliqua
853 523 983 569 enim
1025 523 1150 570 dixit
1189 524 1361 570 futura
1400 525 1457 569 ut
1496 524 1738 584 sacerdos,
1775 524 1874 572 alia

181 601 236 644 ut
290 599 475 644 amicus
531 598 724 644 monuit
779 595 1083 644 cessantibus
1144 596 1372 658 partibus
1435 599 1581 644 vatis.
1667 598 1873 647 celerius
1920 617 1941 650 5

180 671 403 717 redditur
442 673 533 718 sic:
573 685 696 729 quae
726 674 988 730 postquam
1026 673 1158 718 vates
1189 673 1258 718 sic
1289 685 1369 717 ore
1401 673 1575 730 effatus
1607 674 1759 719 amico
1793 675 1872 719 est.
1986 720 1987 723 ,

290 745 425 791 Haec
467 760 582 806 ergo
624 760 734 792 cum
773 743 1002 792 benivolo
1037 759 1120 791 ore
1151 745 1330 792 fuisset
1360 745 1556 792 locutus
1589 747 1638 792 et
1669 745 1874 794 Aenean
1966 774 1972 778 ·

179 818 391 865 fideliter
437 818 771 879 instruxisset,
820 817 1108 864 muneribus
1158 819 1448 866 cumulavit.
1526 821 1655 866 dona
1706 820 1875 868 dehinc

89 896 174 934 465
194 906 315 939 auro
355 894 532 951 qravz'a
577 896 791 952 sectoque
839 892 1085 951 elephanto
1130 890 1368 953 [impe-rat
1414 894 1480 940 ad
1517 895 1661 940 navis
1698 892 1851 955 ferri]
1859 911 1875 942 .·
1980 949 1982 953 .

178 966 232 1012 fit
273 967 674 1014 commemoratio
715 981 976 1013 munerum
1015 982 1126 1014 cum
1166 968 1346 1014 ornatu
1385 982 1495 1027 suo3
1535 983 1653 1014 nam
1685 968 1871 1028 species
1899 985 1941 1018 ιο
1980 1016 1981 1020 ,

179 1041 298 1086 secti
338 1039 497 1087 eboris
541 1042 589 1088 et
627 1040 772 1087 multi
812 1041 922 1086 auri
952 1039 1147 1101 pondus
1180 1040 1515 1103 significatum
1548 1041 1875 1090 ostendebant
1980 1037 1983 1042 ’

177 1115 408 1160 meritum
439 1130 699 1161 munerum
731 1129 858 1175 quae
890 1113 1109 1162 Helenus
1141 1114 1348 1162 donavit
1379 1117 1429 1163 et
1458 1115 1606 1163 iussit
1636 1115 1700 1162 ad
1730 1116 1873 1164 navis

175 1188 308 1234 ferri.
385 1190 624 1247 stipatque
662 1189 847 1236 carinis
885 1189 1056 1248 inqens
1095 1192 1371 1249 argentum:
1410 1188 1699 1252 largitorem
1730 1205 1871 1251 prae-

176 1262 380 1323 cipuum
419 1262 555 1322 dicit,
597 1264 683 1323 qui
720 1263 919 1309 tantum
955 1261 1187 1310 donasset
1219 1264 1414 1326 argenti
1445 1264 1689 1324 quantum
1719 1278 1873 1312 naves
1979 1324 1981 1326 q

176 1336 273 1382 nisi
327 1337 543 1396 stipatae
597 1337 726 1383 ferre
780 1351 877 1383 non
933 1338 1148 1396 possent.
1237 1337 1621 1396 Dodonaeosque
1675 1338 1872 1385 lebetas:
1897 1354 1939 1388 ιε

175 1410 468 1470 poculorum
515 1425 669 1473 genus
716 1411 884 1458 ferunt
930 1425 1035 1457 esse
1082 1410 1283 1458 lebetas.
1361 1411 1562 1459 loricam
1605 1415 1873 1459 consertam

174 1484 333 1531 hamis
372 1498 588 1542 auroque
626 1485 831 1532 trilicem
871 1487 914 1531 et
951 1498 1125 1531 conum
1163 1485 1372 1544 insiqnis
1406 1486 1577 1545 qaleae
1608 1487 1872 1545 cristasque

175 1559 431 1613 comantis,
480 1573 623 1606 arma
661 1557 984 1617 Neoptolemi:
1038 1557 1245 1607 donavit
1292 1574 1419 1620 quae
1466 1573 1583 1620 opes
1632 1562 1872 1622 augerent
1962 1623 1964 1626 .
1996 1599 1998 1602 .

176 1631 479 1693 accipientis,
519 1632 725 1680 donavit
757 1647 884 1694 quae
918 1631 1150 1680 adversus
1181 1632 1380 1680 hostilis
1410 1634 1626 1694 impetus
1659 1633 1872 1681 salutem

173 1707 447 1753 tuerentur.
512 1706 712 1769 singula
752 1722 864 1754 cum
904 1706 1077 1754 decore
1110 1721 1198 1753 suo
1229 1706 1411 1768 posuit,
1445 1706 1651 1755 dicendo
1686 1708 1870 1769 quippe
1893 1724 1940 1758 πο

175 1781 451 1827 consertam
497 1780 659 1828 hamis
705 1781 798 1828 hoc
842 1782 916 1828 est
955 1780 1164 1842 pulchra
1203 1782 1310 1828 arte
1348 1781 1622 1842 perfectam
1661 1783 1711 1828 et
1750 1797 1870 1829 auro

174 1852 419 1916 insignem
459 1856 508 1902 et
547 1855 743 1918 galeam
783 1856 1076 1903 comantem.
1147 1870 1286 1901 arma
1325 1854 1664 1916 Neoptolemi:
1703 1856 1870 1903 novis-

175 1925 355 1974 simum
385 1929 554 1989 posuit
585 1930 724 1976 cuius
757 1930 920 1977 essent
952 1943 1106 1988 arma,
1137 1928 1273 1976 illius
1307 1929 1495 1976 scilicet
1529 1928 1615 1990 qui
1646 1930 1870 1991 captivos

173 1999 350 2048 habuit
396 2002 636 2051 Troianos
682 2005 732 2050 et
779 2003 980 2050 Troiam
1025 2003 1238 2063 vicerat,
1288 2018 1386 2064 quo
1435 2005 1562 2051 esset
1606 2003 1868 2052 insultatio
1954 2068 1958 2070 Y

176 2089 313 2122 arma
350 2077 540 2123 victum
578 2077 829 2138 possidere
869 2077 1086 2124 victoris.
1149 2079 1266 2124 swnt
1297 2079 1340 2124 et
1367 2091 1462 2124 sua
1493 2078 1624 2125 dona
1644 2078 1868 2137 parenti:
1893 2093 1950 2128 2⁵.

174 2146 312 2195 dedit
358 2151 511 2197 etiam
549 2149 795 2198 Anchisae
842 2165 933 2198 sua
979 2149 1132 2212 dona,
1177 2149 1230 2197 id
1277 2151 1353 2198 est
1399 2166 1528 2213 quae
1568 2152 1726 2199 aetati
1764 2152 1868 2199 eius
1953 2144 1967 2181 '³'

85 2223 172 2263 4⁷0
189 2223 366 2270 merito
422 2226 754 2272 convenirent.
831 2224 972 2272 addit
1025 2238 1167 2284 equos
1220 2224 1451 2284 additque
1504 2225 1670 2273 duces:
1732 2224 1870 2273 dedit
1952 2236 1967 2281 ὲ,

175 2310 326 2357 equos
374 2312 486 2344 cum
533 2297 818 2347 ductoribus
866 2299 981 2345 suis.
1058 2299 1316 2358 remiqium
1361 2297 1577 2359 supplet:
1632 2298 1869 2360 quicquid

172 2370 393 2433 remigiis
432 2371 601 2419 deerat
637 2373 744 2433 ipse
777 2371 1041 2434 conplevit.
1102 2373 1255 2420 socios
1283 2373 1431 2420 simul
1460 2373 1663 2421 instruit
1691 2375 1868 2421 armis:

292 2499 318 2537 2
357 2497 572 2551 fortunae
608 2501 733 2542 vates
771 2499 963 2553 inquam
1000 2497 1087 2540 LR
1124 2499 1317 2552 fortuna
1354 2503 1644 2544 succresceret
1678 2512 1718 2542 v.
1751 2499 1782 2542 i.
1823 2497 1870 2541 r'

171 2554 387 2605 fortunae
415 2559 652 2614 reswryent
679 2570 719 2600 v.
752 2557 782 2600 i.
817 2557 904 2612 ed.²
941 2557 1024 2600 sed
1063 2562 1186 2602 vates
1226 2558 1417 2613 inquam
1457 2559 1728 2614 corruptum
1767 2570 1867 2601 esse

171 2613 326 2668 patet:
358 2614 552 2668 fortuna
581 2615 747 2659 evadat
776 2617 938 2674 inqens
968 2629 1064 2660 nos.
1211 2621 1239 2660 4
1270 2617 1432 2672 aliqua
1449 2642 1504 2650 —
1523 2617 1622 2661 alia
1651 2616 1738 2660 LR
1769 2616 1868 2661 alia

174 2698 228 2703 —
247 2672 344 2715 alia
374 2673 409 2716 r'
444 2674 605 2730 aliqua
621 2700 677 2706 —
693 2675 854 2730 aliqua
885 2675 956 2718 ed.
1110 2679 1136 2719 5
1169 2675 1348 2720 monuit
1376 2675 1463 2718 LR
1501 2690 1557 2720 m.
1590 2681 1643 2720 ut
1673 2674 1745 2720 ed.

171 2735 199 2772 6
231 2731 472 2776 redditwra
501 2733 563 2777 sit
592 2732 680 2776 LR
710 2733 781 2777 ed.
806 2733 1016 2779 redditwr
1044 2735 1112 2779 sic
1141 2748 1225 2778 nos
1257 2734 1305 2792 (i.
1323 2747 1362 2779 e.
1389 2734 1691 2779 coniunctum
1715 2747 1865 2778 sacer-

170 2789 296 2833 dotis
328 2791 376 2834 et
407 2790 548 2835 amici
579 2791 817 2848 officium).
910 2797 942 2851 9,
969 2793 1165 2850 imperat
1179 2819 1238 2827 -
1253 2793 1370 2848 ferri
1399 2793 1533 2839 deest
1561 2795 1611 2838 in
1642 2793 1750 2847 LR,
1782 2793 1866 2838 sed

171 2848 447 2904 explicatur.
586 2855 639 2894 11
672 2852 983 2909 siqnifieatum
1013 2852 1100 2896 LR
1137 2853 1318 2911 insigne
1349 2852 1420 2896 ed.
1562 2858 1616 2897 13
1647 2853 1751 2908 lieri
1779 2852 1868 2896 LR.

169 2907 287 2961 ferri
316 2922 351 2953 r.
483 2913 538 2953 15
570 2909 882 2966 dodoneosque
911 2911 1058 2956 lebeas
1087 2910 1228 2970 (infra
1259 2912 1439 2968 lebetas)
1471 2911 1570 2956 LR.
1701 2916 1758 2956 20
1789 2912 1863 2957 de-

169 2978 276 3011 coro
306 2967 378 3011 ed.
510 2973 563 3013 21
597 2969 848 3024 confectam
878 2969 949 3014 ed.
1074 2975 1128 3014 27
1162 2971 1288 3016 dedit
1317 2970 1406 3014 ΕΒ,
1436 2970 1571 3016 addit
1599 2971 1671 3015 ed.
1868 2983 1873 2987 ·
