2014 3226
770 192 1073 237 AENEIDOS
1106 193 1167 237 VI
1711 197 1815 249 531

131 330 310 390 inquit,
347 332 514 390 magni
552 332 719 390 fuerat
754 347 919 387 comes,
954 334 1165 380 Hectora
1198 334 1377 381 circum
1410 337 1452 381 et
1482 334 1599 382 lituo
1622 351 1821 395 puynas

132 405 335 463 insiynis
382 405 542 451 obibat
590 408 633 452 et
668 406 835 454 hasta:
888 421 997 453 cum
1039 408 1139 454 sint
1178 407 1323 455 multi
1365 407 1447 469 qui
1490 408 1613 456 alios
1653 409 1705 455 in
1745 410 1819 455 fu-

128 493 289 524 rorem
343 479 592 526 concitent
644 477 785 538 belli,
841 480 937 542 ipsi
984 484 1152 528 tamen
1198 497 1419 544 pugnare
1467 498 1564 529 non
1613 483 1820 544 possint,

127 551 361 599 laudatur
413 553 465 598 in
520 552 707 600 Miseno
764 554 880 614 quia
940 554 1153 602 faciebat
1208 572 1317 602 cum
1372 555 1491 602 viris
1547 555 1678 616 quod
1732 572 1819 617 per

83 640 101 671 5
126 624 298 672 tubam
345 626 451 687 ipse
500 625 708 673 dicebat.
786 627 1036 688 Hectoris,
1086 630 1273 690 inquit,
1329 630 1492 676 fuerat
1539 644 1720 677 comes:
1775 631 1818 677 si

126 699 464 747 consideretur
501 699 729 748 Hectoris
777 701 1089 764 magnitudo,
1136 704 1216 749 cui
1262 704 1355 750 iste
1406 703 1569 751 fuerat
1606 704 1818 763 iunctus,

126 772 448 837 intellegatur
489 774 648 835 qualis
688 775 863 822 fuisset
903 777 1053 823 etiam
1086 777 1322 834 Misenus;
1364 792 1479 823 nam
1518 777 1684 824 nullus
1716 779 1815 825 cui-

127 862 275 908 quam
315 862 476 895 comes
517 851 604 895 aut
643 850 829 896 amicus
870 849 1082 897 efficitur
1112 851 1207 896 m'si
1241 850 1327 911 qui
1359 850 1510 898 fuerit
1541 850 1816 899 studiorum

125 920 323 968 adfectu
362 937 460 969 non
500 921 700 983 dispari.
778 922 994 970 Hectora
1035 924 1217 971 circum
1258 927 1307 971 et
1345 924 1469 971 lituo
1509 940 1702 987 pugnas
1741 925 1816 972 in-

58 1009 100 1041 10
124 995 277 1058 signis
326 994 497 1043 obibat
543 997 593 1043 et
630 995 796 1044 hasta:
852 998 1079 1058 quotiens
1120 1013 1230 1045 cum
1269 997 1479 1044 Hectore
1518 998 1816 1059 procedebat

125 1068 186 1115 ad
232 1085 474 1132 pugnam,
522 1071 571 1117 et
616 1070 743 1117 lituo
790 1070 1021 1132 placebat
1068 1074 1118 1119 et
1155 1071 1300 1119 hasta
1338 1071 1542 1119 inferior
1580 1087 1679 1119 non
1718 1072 1815 1119 fuit

123 1142 219 1190 duo
275 1142 440 1191 officia
494 1144 643 1191 simul
698 1160 940 1192 exercens.
1007 1150 1268 1206 postquam
1321 1146 1459 1193 illum
1513 1147 1612 1193 ὐἱέα
1666 1148 1814 1194 victor

121 1217 351 1276 spoliavit
386 1215 620 1273 Achilles,
661 1218 924 1267 Dardanio
962 1218 1159 1268 Aeneae
1203 1233 1303 1267 sese
1344 1220 1639 1278 fortissimus
1676 1220 1813 1268 heros

123 1291 382 1338 addiderat
411 1293 595 1339 socium
625 1306 724 1339 non
753 1294 992 1353 inferio-ra
1022 1296 1236 1342 secutus:
1264 1293 1534 1355 plurimum
1558 1293 1798 1341 laudatur
1817 1299 1903 1339 170

57 1379 97 1411 15
121 1364 362 1424 Misenus,
411 1365 529 1427 quia
567 1382 841 1428 numquam
878 1366 956 1414 illi
995 1367 1204 1416 societas
1243 1367 1340 1415 nisi
1379 1382 1491 1414 cum
1530 1367 1811 1430 praecipuis

121 1439 240 1500 fuit,
286 1455 403 1487 nam
448 1441 562 1501 post
607 1439 836 1488 Hectoris
882 1443 1116 1502 mortem,
1164 1457 1312 1502 quem
1353 1439 1570 1489 AchiHes
1618 1441 1811 1501 occidit,

121 1507 195 1576 [se
244 1512 436 1560 addidit
482 1509 703 1578 Aeneae]
750 1530 849 1562 non
895 1515 1086 1578 dispari
1134 1516 1319 1563 virtute
1367 1514 1445 1563 vel
1492 1514 1651 1562 factis.
1728 1516 1811 1563 sed

120 1590 223 1634 tum
266 1588 390 1648 forte
435 1601 558 1635 cava
602 1589 720 1635 dum
755 1593 994 1648 personat
1037 1603 1249 1648 aequora
1296 1588 1473 1636 concha
1527 1589 1720 1636 demens
1770 1591 1813 1636 et

120 1663 267 1708 cantu
311 1665 450 1709 vocat
485 1663 540 1709 in
579 1664 846 1710 certamina
884 1664 1041 1718 divos,
1083 1663 1304 1711 aemulus
1342 1665 1584 1722 exceptum
1626 1662 1812 1718 Triton,

9 1774 11 1780 .
53 1748 97 1781 ιο
119 1735 163 1782 si
210 1736 399 1782 credere
445 1736 647 1795 diynum
695 1740 782 1793 est,
828 1738 955 1785 {mter
999 1751 1123 1785 saxa
1168 1738 1330 1784 virum
1367 1749 1597 1796 spumosa
1634 1738 1811 1785 inmer-

118 1811 251 1857 serat
286 1810 449 1857 unda:
501 1809 613 1870 illo,
651 1811 838 1871 inquit,
877 1812 1099 1872 tempore
1140 1826 1236 1872 quo
1277 1826 1389 1857 cum
1427 1809 1595 1856 Aenea
1631 1810 1816 1871 fuerat,

120 1882 239 1930 dum
285 1884 443 1931 artem
484 1898 624 1931 suam
664 1887 908 1932 exerceret
946 1886 999 1931 in
1038 1885 1184 1932 litore
1225 1887 1275 1932 et
1314 1885 1462 1931 cantu
1502 1884 1607 1931 eius
1645 1898 1810 1946 perso-

119 1959 296 2005 narent
342 1972 465 2005 cava
510 1972 762 2019 saxorum,
809 1959 1069 2020 repentina
1115 1958 1363 2009 dementia
1404 1971 1655 2019 possessus
1695 1956 1810 2006 deos

118 2029 265 2079 homo
304 2031 356 2078 in
397 2033 668 2079 certamina
708 2031 918 2080 credidit
954 2031 1308 2095 provocandos,
1340 2029 1424 2079 sed
1459 2031 1602 2078 illum
1635 2031 1809 2079 Triton

7 2109 17 2170 f
51 2117 94 2151 25
119 2107 375 2167 exceptum
413 2106 588 2168 utpote
627 2106 864 2169 aemulus,
904 2107 996 2154 hoc
1035 2108 1110 2154 est
1148 2121 1205 2154 ex
1242 2106 1594 2167 provocatione
1637 2104 1807 2153 adver-

119 2180 300 2242 sarius,
339 2180 470 2227 inter
508 2194 628 2227 saxa
666 2179 907 2228 conlisum
947 2179 1136 2228 dedidit
1173 2179 1324 2228 morti
1362 2180 1510 2241 atque
1550 2178 1694 2227 undis
1732 2179 1806 2226 in—

8 2299 11 2303 .
118 2254 302 2302 mersit.
379 2252 498 2302 licet
544 2254 612 2301 sit
656 2253 844 2302 factum
890 2256 949 2302 ut
994 2254 1110 2302 deos
1157 2253 1221 2301 ad
1268 2254 1440 2302 cantus
1494 2252 1642 2300 homo
1694 2268 1806 2315 pro-

7 2307 54 2375 i
117 2329 320 2374 vocaret
373 2329 423 2375 et
474 2342 606 2376 mors
660 2329 979 2390 provocantis
1034 2328 1299 2388 extitisset,
1352 2329 1518 2374 tamen
1569 2327 1718 2388 poeta
1764 2327 1807 2374 si

7 2378 26 2490 ξ
119 2399 314 2449 credere
353 2401 558 2465 dignum
598 2403 673 2450 est
702 2402 884 2464 inquit,
916 2404 974 2449 ut
1005 2401 1283 2451 ostenderet
1314 2402 1466 2448 etiam
1496 2415 1547 2448 se
1578 2399 1805 2448 dubitare

19 2503 27 2517 a·
42 2485 96 2522 ιο
117 2475 339 2536 potuisse
369 2477 576 2524 existere
607 2477 803 2523 tantam
835 2475 1095 2524 audaciam
1125 2491 1252 2538 quae
1282 2476 1336 2522 in
1367 2489 1508 2522 suam
1538 2474 1805 2535 perniciem

118 2547 342 2597 divinum
381 2548 549 2598 odium
588 2550 872 2597 concitaret.
934 2551 1195 2611 exceptum
1226 2549 1353 2596 dixit
1383 2550 1441 2596 ut
1469 2548 1626 2595 feram
1657 2561 1804 2595 vena·-

237 2707 263 2747 3
290 2709 475 2760 possent
502 2702 545 2748 V
577 2718 690 2749 corr
717 2704 788 2750 ed.
903 2709 928 2747 5
962 2705 1143 2749 turbam
1174 2703 1215 2748 V
1247 2717 1360 2748 corr.
1387 2702 1458 2746 ed.
1575 2705 1599 2746 7
1632 2701 1801 2747 intelle-

108 2800 111 2804 „
146 2767 254 2808 atur
283 2777 376 2807 non
408 2763 523 2808 satis
554 2763 799 2821 perspicue
822 2762 866 2807 V
889 2768 1038 2831 -9etur
1069 2762 1140 2807 ed.
1237 2766 1408 2806 12--13
1440 2762 1536 2805 vita
1559 2762 1701 2806 victor
1722 2774 1802 2817 spo

115 2777 159 2865 V
190 2823 346 2866 cetera
375 2822 515 2867 huius
545 2821 780 2867 lemmatis
813 2821 1026 2876 evanida,
1057 2823 1113 2866 ut
1175 2820 1365 2878 leraque
1396 2819 1540 2864 rubra
1569 2819 1619 2864 in
1650 2819 1802 2877 prima

116 2880 294 2938 pagina
325 2893 382 2925 ae
439 2895 466 2927 e
495 2881 730 2939 leguntur.
825 2885 879 2925 16
911 2857 1092 2927 achi'llis
1264 2884 1317 2923 17
1348 2893 1394 2924 se
1417 2879 1603 2924 addidit
1622 2880 1803 2923 Aeneae

117 2938 250 2984 deest
284 2939 335 2984 in
438 2940 734 2986 inseruerunt
770 2940 815 2983 H
825 2939 915 2984 ΟΠ
953 2940 1025 2985 ed
1064 2940 1154 2984 hoc
1190 2939 1265 2984 vel
1303 2937 1455 2983 simile
1497 2936 1679 2994 aliquid
1725 2949 1800 2982 ex·

117 2997 287 3044 cidisse
315 3001 462 3056 patet.
585 3004 640 3043 22
672 3001 725 3044 in
756 3012 844 3043 om.
870 2999 942 3045 ed
1065 3003 1121 3043 23
1145 3011 1372 3056 possessos
1401 2995 1455 3041 V.

1356 3070 1448 3116 34*
