2014 3226
827 155 1130 199 AENEIDOS
1163 157 1182 199 Ι
1785 156 1852 206 75

158 301 315 362 partis
355 300 604 361 ingressus
644 298 795 345 latius
836 296 1087 344 discussit!
1149 311 1274 357 quas
1314 312 1373 343 ne
1416 297 1635 356 apertius
1669 295 1851 343 diceret

158 372 469 436 praepedivit
507 373 784 419 necessaria
824 387 913 432 pro
955 371 1078 430 loco,
1113 387 1202 431 pro
1243 373 1481 431 tempore,
1519 386 1609 430 pro
1642 385 1851 430 persona

155 448 386 494 brevitas.
464 445 655 493 Aeneas
698 447 828 491 enim
867 447 919 491 in
959 445 1100 504 silva,
1140 446 1428 507 naufragus,
1462 460 1603 491 suum
1645 445 1694 491 et
1733 460 1852 491 nau-

158 524 411 585 fragorum
451 520 697 567 sociorum
736 521 992 582 negotium
1032 535 1206 582 gerens
1246 535 1334 579 per
1372 518 1424 564 id
1470 519 1708 579 temporis
1756 534 1852 579 quo

113 614 133 646 5
157 596 367 643 miseriis
407 595 511 642 suis
552 593 786 654 cupiebat
825 594 1141 655 aliquatenus
1183 592 1436 640 subveniri
1474 592 1715 639 tenendus
1754 608 1853 638 non

158 670 253 716 fuit
307 669 455 732 longo
510 670 651 715 textu
705 667 958 715 sermonis.
1037 670 1201 714 tamen
1260 669 1301 714 si
1357 667 1693 714 consideretur
1743 668 1853 726 ipsa

156 743 394 803 brevitas,
443 743 744 789 latissimum
786 741 926 789 dabit
965 741 1275 788 intellectum
1315 741 1672 788 rhetoricorum
1711 755 1853 802 prae-

155 820 425 878 ceptorum.
505 818 577 864 ait
624 816 752 862 enim
801 816 886 863 ille
934 816 1025 863 hoc
1074 818 1148 862 est
1194 817 1462 863 sceleratus
1514 818 1563 862 et
1618 815 1853 876 nefarius,

155 891 241 938 ille
282 891 340 938 de
381 906 478 951 quo
519 891 645 937 nihil
685 890 880 938 sceleris
922 889 1230 951 sperabatur,
1270 891 1355 937 ille
1395 905 1494 948 rex,
1529 905 1674 950 quem
1714 889 1854 936 nulla

91 983 133 1016 ιο
157 965 221 1012 ad
244 964 535 1026 inplendum
567 965 724 1012 scelus
758 964 967 1026 cogebat
998 964 1170 1024 inopia
1202 965 1378 1026 cuique
1412 966 1704 1025 supererant
1736 978 1853 1024 opes

156 1041 343 1102 regiae,
390 1039 475 1086 ille
524 1055 670 1099 quem
720 1041 1018 1086 convenerat
1065 1053 1233 1085 amare
1281 1039 1462 1086 sororis
1512 1051 1632 1084 suae
1675 1039 1853 1097 virum,

155 1114 240 1160 ille
283 1114 369 1174 qui
408 1128 697 1176 germanam
737 1128 879 1160 suam
917 1114 1025 1161 viro
1064 1113 1264 1174 privare
1304 1129 1403 1161 non
1444 1111 1716 1172 dubitavit,
1769 1111 1855 1172 qui

156 1203 351 1235 servare
398 1188 564 1249 potius
613 1186 826 1235 adfinem
881 1187 1053 1234 debuit
1108 1202 1259 1247 quam
1312 1202 1509 1248 nec-are,
1561 1185 1852 1247 Sychaeum,

154 1262 404 1308 hominem
442 1262 714 1320 innoxium,
756 1277 902 1322 quem
934 1277 1170 1325 generum
1200 1263 1345 1322 pater
1376 1261 1581 1324 dignum
1610 1260 1856 1308 iudicavit

90 1353 131 1385 15
158 1337 235 1382 cui
295 1335 514 1383 traderet
567 1335 723 1383 filiam
778 1336 939 1383 adhuc
992 1336 1238 1398 virginem
1293 1338 1342 1383 et
1404 1335 1608 1383 alterius
1671 1336 1854 1383 amoris

156 1410 456 1458 nescientem
496 1411 637 1470 eique
677 1409 840 1472 prima
879 1410 1188 1458 matrimonii
1224 1410 1593 1458 consecratione
1624 1409 1852 1457 coniunc-

155 1485 275 1544 tam,
318 1486 577 1546 acceptum
616 1485 765 1545 patri,
813 1485 1080 1532 amabilem
1120 1486 1291 1544 sorori,
1329 1485 1515 1531 faciens
1556 1486 1729 1530 contra
1767 1499 1853 1531 na-

156 1562 297 1606 turae
343 1558 659 1622 religionem,
714 1558 900 1606 faciens
949 1562 1122 1606 contra
1175 1558 1417 1606 iudicium
1468 1557 1648 1619 patris,
1703 1559 1852 1619 rupto

155 1632 482 1680 humanitatis
507 1635 557 1680 et
582 1632 857 1680 adfinitatis
889 1633 1102 1695 vinculo,
1131 1634 1330 1681 necavit
1360 1633 1621 1692 insontem,
1655 1633 1854 1679 necavit

89 1724 132 1756 20
156 1706 432 1766 incautum,
489 1709 639 1768 atque
687 1723 744 1755 eo
795 1707 1017 1768 facilius,
1073 1707 1206 1770 quod
1258 1706 1385 1755 talia
1439 1722 1538 1754 non
1592 1708 1856 1767 putaretur

155 1796 384 1842 ausurus,
424 1781 605 1829 occidit
645 1783 761 1829 ante
800 1796 927 1842 aras,
966 1785 1023 1829 ut
1060 1781 1377 1844 sacrilegium
1418 1796 1612 1842 quoque
1643 1781 1720 1827 his
1753 1795 1853 1828 sce-

154 1855 338 1903 leribus
378 1857 611 1916 necteret,
652 1855 833 1904 occidit
873 1859 988 1903 ante
1030 1871 1141 1904 aras
1181 1856 1274 1903 hoc
1313 1858 1389 1904 est
1431 1856 1528 1902 diis
1574 1855 1853 1915 inspectan-

153 1929 302 1990 tibus,
336 1945 458 1991 quos
488 1930 708 1977 humana
739 1930 887 1978 caede
918 1930 1172 1978 funestare
1204 1945 1304 1978 non
1335 1929 1519 1978 debuit.
1572 1931 1687 1991 post
1717 1929 1852 1989 haec,

155 2006 211 2050 ut
257 2003 380 2052 facti
425 2005 580 2065 ipsius
628 2003 1049 2052 demonstratione
1097 2019 1328 2066 expressa
1376 2020 1575 2052 causam
1627 2003 1854 2051 scelerati

32 2078 49 2101 ”·’
90 2095 132 2128 25
157 2077 370 2125 hominis
410 2080 670 2139 premeret,
711 2080 784 2126 ait
823 2081 974 2140 atque
1012 2080 1123 2126 auri
1154 2094 1328 2127 caecus
1361 2094 1542 2139 amore,
1574 2079 1631 2124 ut
1661 2077 1854 2124 nullam

45 2140 50 2150 ’
157 2153 202 2198 ei
255 2151 554 2200 defensionis
607 2153 912 2214 relinqueret
965 2155 1160 2214 partem
1217 2169 1315 2214 qua
1369 2153 1446 2200 uti
1499 2154 1711 2214 possunt
1764 2151 1853 2213 qui

157 2225 325 2287 aliqua
370 2226 614 2274 violentia
660 2227 818 2288 pressi
866 2229 955 2274 aut
999 2227 1052 2274 in
1099 2242 1151 2275 se
1199 2229 1287 2274 aut
1332 2228 1386 2274 in
1432 2226 1558 2274 alios
1597 2227 1854 2274 verterunt

156 2298 317 2360 inpias
355 2315 546 2348 manus.
624 2301 752 2349 clam
791 2302 1015 2362 superat3
1054 2301 1221 2350 nullus
1262 2302 1394 2348 enim
1433 2301 1620 2348 secreto
1661 2299 1854 2361 aliquid

155 2368 399 2436 †sceleris
447 2374 645 2422 conficit
683 2375 778 2423 nisi
820 2376 908 2437 qui
946 2375 1073 2423 sciat
1113 2390 1164 2422 se
1202 2374 1397 2423 inlicita
1435 2375 1852 2437 perpetraturum.

278 2563 299 2601 1
335 2573 523 2615 quas—
542 2565 567 2604 3
600 2561 796 2605 brevitas
825 2561 994 2604 misere
1027 2560 1236 2617 corrupit
1267 2560 1338 2603 ed.
1455 2564 1482 2603 4
1514 2563 1688 2615 tempus
1720 2558 1790 2602 ed.

157 2621 184 2660 6
216 2623 427 2662 contextu
458 2619 530 2664 ed.
559 2622 565 2677 Ι
593 2620 957 2664 consideraretur
987 2620 1059 2664 ed.
1168 2624 1194 2663 9
1228 2634 1257 2663 a
1289 2633 1377 2675 quo
1408 2620 1478 2662 nil
1509 2619 1579 2662 ed.
1691 2621 1746 2660 10
1776 2631 1852 2661 su·

153 2683 368 2732 pereraut
397 2677 485 2721 LR
513 2685 784 2734 superarent
813 2679 885 2723 ed.
988 2684 1041 2722 11
1075 2693 1204 2735 quem
1236 2678 1323 2721 LR
1353 2679 1431 2722 cui
1461 2678 1534 2721 ed.
1638 2681 1854 2732 14..·pater

158 2748 247 2780 om.
273 2736 344 2780 ed.
433 2742 486 2781 15
511 2751 686 2782 amores
701 2737 788 2781 LR
810 2752 1006 2783 artiorem
1031 2738 1102 2782 ed.
1121 2739 1293 2782 amoris
1314 2752 1415 2782 nos.
1505 2741 1558 2780 16
1584 2735 1758 2780 eosLR
1779 2735 1851 2779 ed..

156 2795 284 2851 eique
313 2809 410 2840 nos.
439 2797 446 2855 Ι
473 2797 760 2842 coniunctam
786 2797 872 2840 LR
904 2803 992 2842 -tos
1022 2797 1057 2840 L
1089 2797 1131 2840 Π
1160 2811 1221 2840 m.
1255 2797 1327 2840 ed.
1430 2801 1482 2839 17
1517 2801 1746 2851 acceptam
1778 2795 1849 2838 ed.

246 2858 303 2897 23
342 2856 704 2912 inspectantibus
740 2855 827 2899 LR
863 2857 1211 2912 respicientibus
1249 2856 1321 2900 ed.
1453 2858 1629 2898 28--29
1669 2854 1853 2910 aliquid

155 2913 334 2958 sceleris
362 2914 450 2958 LR
480 2915 552 2960 ed.
591 2915 770 2960 sceleris
807 2914 1015 2960 deletum
1047 2915 1148 2959 vult
1178 2930 1202 2958 r
1238 2929 1334 2959 non
1365 2913 1531 2958 dubito
1563 2913 1678 2969 quin
1708 2915 1849 2958 recte.

247 2976 302 3016 29
329 2979 697 3032 perpetraturum
731 2974 818 3018 LR
848 2974 929 3020 edI
961 2975 1171 3031 corrupit
1201 2974 1312 3018 edF.
