2014 3226
193 148 300 199 446
660 147 890 191 DONATI
922 147 1201 190 INTERPR.
1236 147 1412 191 VERG.

193 289 306 335 dere
363 304 462 334 non
519 287 718 334 debetis.
799 287 1083 348 superanda
1137 290 1251 335 sunt
1306 289 1524 334 extrema
1571 287 1786 335 ludibria
1833 291 1883 336 et

194 362 452 409 vitandum
492 362 693 421 pudoris
734 362 1097 408 detrimentum.
1177 363 1289 408 ante
1337 362 1660 408 novissimum
1707 362 1880 409 saltem

194 437 359 482 venire
408 435 659 494 debemus,
708 435 792 496 qui
838 450 936 481 non
983 435 1230 482 valuimus
1285 435 1574 496 praevenire
1628 437 1880 482 victorem.
1963 468 1965 470 ψ

197 509 281 570 qui
344 510 499 556 socios
565 524 676 556 suos
740 524 850 556 cum
912 525 1093 570 magna
1155 508 1300 555 laude
1364 508 1560 555 dicebat
1613 508 1880 558 Hectoreos

194 599 374 645 magna
431 585 535 629 arte
591 582 842 629 excusavit
897 598 924 629 a
981 583 1126 643 culpa
1179 598 1277 629 non
1330 584 1511 629 retenti
1567 584 1718 643 primi
1770 583 1881 643 loci,

195 658 431 717 quoniam
466 656 595 703 hunc
626 656 912 716 Neptunum
955 655 1174 703 adseruit
1211 656 1461 716 invidisse,
1504 656 1587 717 qui
1626 657 1679 703 in
1717 658 1881 719 regnis

195 732 294 777 suis
343 730 421 777 0111
471 730 629 777 voluit
669 729 806 777 favit.
887 745 995 777 ecce
1036 732 1084 777 et
1123 731 1302 777 victori
1341 730 1618 791 praeripuit
1656 731 1882 793 gloriam,
1952 743 1991 806 ‘w

196 806 314 864 quia
369 820 467 851 non
522 819 611 851 sua
664 804 872 863 virtute,
927 803 1012 852 sed
1067 804 1227 851 alieno
1284 804 1481 851 adiutus
1538 804 1721 851 auxilio
1772 805 1882 851 loca
1959 857 1982 864 ..

193 880 355 939 prima
386 878 684 938 possederat.
745 878 828 925 olli
860 879 1118 926 certamine
1147 892 1334 924 summo
1357 879 1698 936 procumbunt,
1731 880 1882 925 vastis
1958 874 1962 875 ⁷
1988 919 1993 935 ,

194 953 352 999 tremit
381 953 553 999 ictibus
586 966 730 999 aerea
752 954 965 1011 puppis:
1006 954 1246 1012 quantum
1277 952 1528 999 valuerint
1566 951 1881 999 hortamenta

194 1023 547 1074 describuntur.
611 1026 689 1072 illi
729 1026 858 1073 enim
897 1041 991 1073 non
1034 1027 1088 1072 in
1127 1040 1320 1073 cassum
1361 1025 1543 1072 auditis
1584 1041 1709 1087 quae
1750 1025 1883 1073 dicta
1944 1088 1946 1090 v
1986 1026 2003 1074 2.

193 1102 308 1146 sunt
363 1099 603 1146 dederunt
657 1099 817 1147 labori
864 1115 1086 1161 operam,
1141 1101 1193 1146 in
1239 1102 1435 1146 tantum
1483 1101 1539 1146 ut
1584 1101 1725 1146 navis
1771 1101 1884 1160 ipsa

192 1173 381 1220 nisibus
435 1173 719 1221 fortissimis
776 1175 1184 1221 contremisceret.
1271 1189 1462 1221 aeream
1518 1188 1695 1221 navem
1757 1173 1883 1220 dixit

193 1263 303 1294 aere
359 1247 648 1294 adornatam
707 1251 756 1294 et
811 1249 1179 1295 communitam.
1256 1248 1650 1307 subtrahiturque
1702 1248 1882 1294 solum:
1970 1307 1971 1310 Ἴ

193 1322 262 1369 sic
315 1321 497 1368 intenti
551 1321 711 1382 plenis
768 1321 943 1368 studiis
998 1322 1145 1369 remis
1207 1321 1579 1380 incumbebant,
1640 1323 1698 1367 ut
1754 1321 1880 1367 nihil
2000 1317 2001 1321 ¹

190 1397 390 1456 praeter
428 1411 478 1443 se
519 1398 567 1442 et
606 1411 783 1443 navem
822 1396 1062 1455 viderent⁷
1094 1398 1310 1443 ceterum
1349 1396 1609 1456 prolixitas
1643 1396 1749 1442 saxi
1781 1411 1880 1442 cer·
1954 1436 1959 1443 .

191 1469 402 1516 nebatur
448 1485 504 1516 ex
551 1470 698 1517 litore
745 1471 795 1516 et
834 1485 859 1517 e
900 1484 1016 1516 saxo
1058 1469 1331 1530 apparebat
1370 1469 1596 1516 soliditas
1637 1464 1878 1532 †fretum.
1948 1483 1950 1485 ’

103 1547 189 1586 200
207 1546 320 1590 tunc
360 1544 519 1591 creber
559 1544 798 1591 anhelitus
838 1546 975 1591 artus
1007 1545 1244 1603 aridaque
1275 1558 1363 1590 ora
1394 1544 1560 1602 quatit,
1592 1543 1742 1590 sudor
1773 1544 1884 1601 fluit
1946 1535 1962 1558 ⁸

191 1618 406 1677 uudique
451 1618 594 1665 rivis:
654 1619 900 1680 remigum
953 1617 1175 1666 laborem
1229 1616 1564 1665 accidentibus
1620 1617 1880 1664 contrariis

193 1693 443 1753 expressit.
522 1706 597 1753 os,
643 1692 833 1753 inquit,
887 1691 1136 1739 habebant
1182 1692 1386 1751 siccum,
1441 1707 1499 1738 ex
1547 1707 1718 1739 eorum
1763 1706 1879 1738 vero
1904 1707 1963 1740 so

192 1765 477 1827 corporibus
524 1765 745 1813 fluebant
790 1765 992 1813 sudores
1030 1767 1174 1826 rivis,
1222 1764 1366 1826 quasi
1407 1781 1464 1812 ex
1502 1764 1736 1812 interiore
1777 1779 1880 1812 cor-

190 1841 326 1901 poris
358 1842 500 1901 parte
532 1856 676 1887 umor
707 1840 880 1900 omnis,
913 1841 1001 1901 qui
1029 1856 1119 1901 per
1151 1854 1238 1886 ora
1269 1839 1487 1886 omnium
1520 1839 1700 1886 soleret
1730 1839 1880 1899 mitti,
1956 1888 1961 1890 ,

191 1929 280 1975 per
319 1913 511 1962 sudoris
550 1913 736 1961 fluxum
773 1913 1026 1961 videretur
1065 1913 1262 1960 effundi.
1340 1913 1403 1959 ad
1442 1913 1644 1960 virtutis
1689 1912 1880 1975 ingeni-

191 1990 299 2034 tum
344 1987 495 2035 robur
543 2003 651 2036 ecce
692 1990 934 2049 quantum
973 1988 1025 2034 in
1064 1987 1210 2034 rebus
1248 1987 1563 2035 hortamenta
1600 1985 1878 2048 proficiunt.
1939 1986 1960 2007 ²
1992 1985 1997 2004 ¹

191 2061 352 2116 attulit
386 2063 488 2121 ipse
526 2063 646 2110 viris
684 2064 899 2122 optatum
937 2077 1081 2110 casus
1110 2062 1358 2109 hamorem:
1398 2059 1646 2108 faciebant
1679 2059 1878 2121 quidem
1992 2065 1995 2090 f

193 2135 325 2196 quod
370 2136 600 2184 vincendi
646 2135 893 2198 cupiditas
941 2135 1190 2199 exigebat,
1246 2134 1330 2182 sed
1383 2134 1485 2182 illis
1541 2133 1604 2181 ad
1652 2134 1879 2182 effectum
1942 2199 1943 2202 Ἴ

190 2209 302 2271 plus
349 2210 562 2257 contulit
607 2225 762 2258 casus.
838 2224 1046 2269 namque
1097 2210 1267 2269 furens
1323 2210 1500 2256 animi:
1562 2207 1766 2256 dicendo
1823 2222 1880 2256 ac
1940 2218 1958 2265 ζ

190 2283 555 2344 praemittendo
601 2284 771 2331 furens
818 2283 971 2332 animi
1019 2282 1212 2345 aliquid
1255 2283 1351 2330 iste
1397 2281 1758 2330 inconsiderate
1804 2296 1878 2329 re·
1947 2325 1951 2329 .

190 2357 411 2418 perietur
454 2358 642 2406 fecisse.
719 2359 836 2406 dum
872 2372 1080 2418 proram
1127 2356 1193 2405 ad
1237 2371 1363 2404 saxa
1407 2357 1637 2416 suburyet
1679 2357 1880 2403 interior

313 2486 366 2526 10
399 2497 509 2527 aera
531 2483 677 2540 pupis
699 2482 797 2526 LR.
900 2487 951 2526 11
989 2482 1307 2527 describuntur
1328 2481 1414 2524 LR
1439 2482 1508 2525 ed.
1537 2481 1834 2525 describitur?
1868 2479 1874 2539 Ι

192 2542 332 2587 aditis
363 2541 450 2585 LR
479 2542 655 2587 auditis
684 2557 709 2585 1·
739 2542 810 2586 ed.
929 2547 982 2585 13
1014 2545 1371 2586 contremesceret
1401 2541 1448 2583 L.
1566 2544 1619 2583 17
1651 2540 1879 2584 solliditas
1950 2572 1953 2578 ι

189 2602 357 2655 fretum
394 2600 481 2644 LR
517 2602 685 2655 fretum
724 2615 811 2644 om.
845 2601 917 2645 ed.
957 2601 1167 2646 soliditas
1203 2601 1372 2655 fretum
1402 2622 1458 2636 =
1491 2599 1641 2643 omnis
1673 2598 1877 2642 ambitus
1942 2614 1946 2619 ·

191 2659 446 2704 fretorum?
507 2659 590 2704 sed
627 2661 780 2703 totum
818 2658 1013 2704 obscure
1053 2660 1252 2715 dictum,
1282 2659 1407 2702 unde
1441 2663 1472 2715 ᾇ
1501 2659 1575 2715 (=
1601 2663 1788 2714 quaere)
1827 2657 1878 2700 in
1938 2687 1941 2692 -

191 2732 338 2777 marg.
371 2719 621 2763 adnotasse
651 2718 837 2762 videtur
866 2734 890 2762 r
921 2732 1103 2763 crucem
1135 2732 1232 2762 nos.
1403 2723 1458 2761 21
1490 2717 1676 2763 sudores
1714 2731 1804 2760 om.
1836 2715 1878 2759 R
1930 2727 1932 2731 ’

193 2777 300 2823 add.
331 2793 366 2822 r.
524 2782 579 2822 22
612 2779 815 2822 omnium
845 2779 1002 2823 soleret
1031 2778 1067 2821 L
1107 2791 1212 2821 cum
1249 2790 1338 2821 ras.
1370 2776 1421 2820 in
1459 2790 1484 2821 ο
1514 2775 1570 2830 R,
1610 2775 1692 2820 sed
1729 2790 1754 2819 r
1790 2775 1878 2819 1100
1933 2802 1935 2808 ·

192 2837 434 2894 scripsisse
465 2836 650 2881 videtur
672 2836 714 2879 R
743 2850 942 2881 vacuum
965 2836 1231 2894 reliquisse:
1265 2837 1469 2881 omnium
1492 2835 1684 2879 minime
1706 2834 1877 2891 placet,
1932 2887 1934 2890 y

191 2895 391 2940 fortasse
420 2897 655 2941 hominum
683 2896 805 2940 solet.
899 2900 954 2939 27
986 2897 1178 2941 cortulit
1209 2909 1342 2940 casus
1364 2893 1496 2938 LRO
1529 2895 1751 2951 continyit
1773 2907 1808 2938 0.
1833 2891 1879 2936 Η

191 2956 380 3014 contiyit
410 2970 446 3001 c.
472 2954 515 2998 U
547 2955 738 3012 contiyit
768 2955 867 2998 sine
899 2969 1032 3000 casus
1063 2955 1134 2998 ed.
