2014 3226
771 158 1073 203 AENEIDos
1106 161 1167 203 VI
1702 167 1807 217 585

127 296 408 344 altitudinis
449 299 523 345 est
562 290 635 361 (1,
662 291 756 362 34)
798 299 878 357 „in
919 298 1076 345 altum
1117 301 1228 347 vela
1267 301 1452 348 dabant
1492 302 1652 350 laeti“.
1723 307 1796 353 hic
1813 312 1899 350 580

121 385 275 432 qenus
307 372 561 429 antiquum
587 370 781 425 Terrae,
813 372 1008 419 Titania
1032 375 1201 431 pubes,
1234 376 1437 434 fulmine
1469 378 1630 424 deiecto?
1657 380 1809 437 fundo

126 445 385 492 volvuntur
422 446 475 491 in
514 446 634 490 imo:
671 460 849 505 parum
888 446 985 492 fuit
1024 446 1202 494 dixisse
1241 451 1344 494 tam
1383 451 1625 509 prolixam
1661 452 1809 499 fuisse

127 518 445 566 altitudinem
477 517 691 577 Tartari,
731 519 781 564 in
822 519 937 578 imo,
978 519 1158 580 inquit,
1197 522 1350 569 fundo
1391 525 1494 570 eius
1533 524 1809 584 pendebant

82 609 102 638 5
129 592 330 640 Titanes
376 607 611 654 poenam,
659 593 745 652 qui
792 608 880 653 pro
930 594 1192 641 sceleribus
1240 596 1339 643 suis
1386 596 1471 643 icti
1514 598 1718 645 fulmine
1759 600 1810 644 in

126 666 269 713 illum
306 666 472 713 locum
509 665 638 712 iuste
678 667 952 726 meritoque
993 667 1201 716 coniecti
1239 672 1366 717 sunt.
1426 671 1502 717 hic
1535 675 1574 718 ct
1605 671 1812 719 Aloidas

123 741 360 798 neruimes,
408 740 632 786 inmania
678 740 781 787 vidi
827 754 1052 798 corpora:
1112 745 1332 803 geminos
1384 745 1454 791 ait
1510 760 1631 805 quos
1687 762 1811 792 unus

127 813 350 862 ediderat
394 815 590 875 partus,
639 815 726 860 aut
772 814 1044 875 simplicius
1099 816 1443 879 intellegamus
1492 818 1633 878 duos,
1687 820 1813 867 sicut

127 888 226 936 alio
264 887 373 936 loco
415 880 488 952 (2,
523 880 652 952 203)
694 889 844 948 poeta
882 889 987 948 ipse
1038 889 1109 935 ait
1156 905 1293 948 „ecce
1342 893 1506 938 autem
1554 893 1737 954 gemini
1785 910 1814 940 a

59 977 102 1010 ιο
127 961 322 1009 Tenedo
377 960 650 1022 tranquilla
703 977 792 1022 per
845 961 971 1020 alta,
1032 962 1258 1010 horresco
1311 965 1526 1013 referens
1580 965 1812 1013 inmensis

128 1035 325 1083 orbibus
375 1032 612 1098 angues“3
666 1034 771 1081 illic
815 1035 946 1082 enim
985 1035 1081 1083 duo
1122 1037 1387 1100 significati
1426 1043 1541 1086 sunt
1579 1055 1676 1087 non
1716 1056 1812 1087 uno

125 1112 274 1171 partu
328 1109 482 1156 effusi.
576 1111 792 1170 quantae
844 1110 932 1156 isti
985 1109 1193 1157 Aloidae
1255 1113 1566 1173 proceritatis
1628 1114 1813 1160 fuerint

126 1183 365 1231 ostendit:
417 1185 500 1241 que:
537 1183 787 1237 manibus,
829 1183 1017 1244 inquit,
1055 1198 1286 1244 magmum
1324 1187 1592 1233 rescindere
1630 1188 1814 1234 caelum

127 1252 346 1317 a'dyressi
407 1258 688 1316 superisque-
740 1257 908 1304 Iovem
968 1257 1218 1306 detrude-re
1280 1261 1451 1318 reqm‘s.
1538 1260 1655 1320 quid
1716 1276 1814 1308 non

12 1319 28 1331 ‘
60 1348 101 1381 15
128 1331 331 1378 auderet
367 1330 622 1379 temeritas
660 1332 742 1378 cui
771 1330 962 1378 ferebat
994 1333 1212 1392 corporis
1245 1333 1457 1381 altitudo
1491 1334 1778 1396 suffragium
1789 1332 1813 1380 ἱ)

127 1405 403 1468 tangebant
447 1403 676 1452 manibus
724 1405 938 1465 caelum,
985 1421 1042 1453 ex
1091 1421 1146 1453 eo
1194 1405 1424 1454 arbitrati
1467 1410 1581 1454 sunt
1620 1408 1811 1456 excluso

127 1479 243 1527 Iove
283 1494 427 1540 posse
459 1478 555 1526 sibi
587 1480 691 1527 eius
723 1478 987 1540 imperium
1019 1478 1199 1527 cedere.
1258 1482 1400 1527 tanto
1434 1483 1598 1527 autem
1629 1482 1814 1528 maiore

126 1553 350 1600 fulminis
401 1553 644 1600 violentia
697 1554 857 1614 pressi
911 1556 1026 1601 sunt
1079 1556 1264 1615 quanto
1319 1554 1430 1602 illos
1485 1554 1686 1602 inimica
1739 1556 1815 1603 sui

14 1683 21 1699 ‚
129 1628 347 1689 corporis
388 1627 548 1674 forma
587 1626 723 1674 caelo
755 1626 1005 1688 proximos
1038 1628 1235 1675 fecerat.
1295 1643 1403 1676 ecce
1433 1631 1635 1689 propter
1667 1644 1811 1689 quam

60 1718 104 1751 so
128 1716 328 1749 causam
376 1701 652 1762 descriptus
693 1703 768 1748 est
807 1701 1044 1748 Tartarus
1084 1701 1328 1762 duplicem
1370 1702 1420 1748 in
1458 1717 1690 1763 praeceps
1729 1702 1813 1749 ha·

12 1767 23 1784 '¹
127 1774 292 1824 buisse
330 1790 612 1823 mensuram
652 1774 733 1822 vel
773 1791 926 1836 quare
964 1777 1018 1822 in
1047 1776 1205 1822 imum
1235 1775 1442 1823 fundum
1474 1777 1576 1823 eius
1609 1777 1815 1823 coniecti

129 1852 257 1911 sunt,
298 1865 359 1897 ne
396 1848 592 1898 Aloidis
633 1849 917 1912 emergendi
955 1849 1128 1896 exinde
1168 1865 1256 1911 per
1294 1849 1609 1897 altitudinem
1648 1864 1815 1911 corpo-

22 1983 27 1988 ,
127 1939 239 1970 rum
286 1923 610 1986 praeberetur
657 1922 870 1984 occasio,
915 1925 972 1970 ut
1012 1926 1211 1970 tantum
1248 1923 1324 1971 his
1364 1923 1427 1971 ad
1467 1938 1668 1985 superos
1706 1938 1815 1984 spa·

11 2001 25 2059 ᾗ
129 1998 259 2045 tium
310 1999 590 2045 remaneret
643 1996 776 2059 quod
829 2012 1062 2059 superare
1111 2013 1211 2044 non
1257 2000 1470 2059 possent.
1548 2012 1657 2044 cum
1701 2012 1814 2058 pro-

11 2099 26 2134 1·
63 2087 106 2121 ιε
129 2071 416 2119 nuntiamus
456 2073 744 2134 superisque
773 2070 944 2119 Iovem
975 2070 1235 2118 detrudere
1266 2073 1446 2134 regnis,
1476 2070 1608 2118 Iovis
1639 2085 1816 2117 nomen

14 2138 20 2158 '
130 2143 360 2193 debemus
393 2145 650 2206 extoller03
682 2147 757 2194 est
788 2145 918 2192 enim
951 2147 1001 2192 et
1030 2145 1083 2191 in
1115 2144 1394 2193 nominibus
1426 2159 1635 2208 magnae
1667 2144 1816 2207 signi·

129 2218 294 2267 ficatio
347 2219 635 2281 potestatis,
688 2221 746 2266 ut
794 2218 889 2267 hoc
933 2218 1042 2266 loco
1089 2217 1258 2266 Iovem
1303 2233 1533 2280 superare
1579 2232 1630 2266 se
1676 2231 1816 2279 posse

127 2295 312 2341 temere
358 2292 591 2342 arbitrati
637 2295 778 2354 sunt,
824 2308 936 2340 eum
982 2291 1173 2340 scilicet
1215 2291 1301 2353 qui
1338 2291 1464 2340 caeli
1501 2295 1690 2339 teneret
1726 2290 1815 2338 im·

10 1856 22 1932 ὲ

251 2437 273 2476 1
306 2434 415 2490 post
446 2434 555 2478 laeti
583 2433 702 2477 haec
725 2431 1011 2489 interpolata
1034 2431 1179 2476 habet
1201 2431 1295 2476 ed:
1329 2431 1440 2486 „sed
1464 2430 1542 2475 hic
1566 2443 1622 2474 ex
1646 2428 1816 2474 affectu

129 2493 272 2549 poeta
301 2491 525 2549 loquutus
556 2494 629 2538 est
657 2492 831 2550 potius,
863 2503 1005 2547 quam
1036 2491 1163 2548 quod
1193 2490 1263 2535 ita
1292 2503 1398 2535 vere
1430 2490 1506 2543 sit,
1538 2491 1587 2533 et
1616 2488 1692 2532 hic
1722 2502 1815 2532 me-

129 2550 220 2596 lior
251 2553 323 2596 est
354 2565 538 2606 sensus;
568 2551 658 2596 hoe
689 2551 814 2595 enim
845 2549 989 2594 simili
1020 2550 1158 2594 modo
1189 2549 1238 2593 in
1269 2548 1430 2593 multis
1461 2547 1575 2592 locis
1606 2546 1732 2600 fecit,
1762 2549 1817 2590 ut

129 2609 281 2654 multa
311 2610 457 2655 etiam
485 2609 619 2668 vulgi
649 2610 870 2667 opinione
902 2608 1115 2662 dixerit·‘.
1176 2621 1263 2653 neo
1293 2607 1489 2652 affectus
1526 2608 1693 2664 poetae
1730 2617 1816 2649 nec

130 2669 297 2714 melior
341 2683 503 2714 sensus
550 2669 666 2726 quid
712 2668 804 2713 sibi
849 2667 996 2712 velint
1033 2666 1280 2725 intellego:
1333 2666 1532 2711 lacunae
1570 2663 1816 2722 vestigium

0 2766 1 2778 2
129 2727 312 2773 nullum
342 2729 393 2772 in
422 2727 578 2773 VHO.
695 2734 722 2773 5
746 2741 945 2784 poenam
974 2725 1017 2770 V
1042 2727 1178 2783 ponit
1208 2725 1280 2772 ed.
1395 2729 1422 2768 6
1452 2725 1744 2779 meritumque
1773 2721 1814 2765 V

0 2787 1 2806 ³
35 2813 38 2817 ι
113 2801 247 2832 corr.
273 2787 345 2832 ed.
373 2792 380 2844 Ι
407 2788 558 2832 olidas
580 2786 635 2831 V.
731 2791 755 2830 7
787 2787 857 2831 ait
885 2799 995 2843 quos
1018 2785 1060 2829 V
1090 2798 1203 2842 quos
1225 2787 1294 2831 ait
1315 2784 1387 2829 ed.
1484 2787 1539 2827 12
1570 2786 1745 2839 quanto
1774 2779 1817 2824 V

36 2895 37 2899 ,
131 2852 330 2903 quantae
360 2846 432 2892 ed.
461 2848 468 2904 Ι
504 2846 711 2892 maliciae
732 2844 788 2890 V.
817 2847 824 2902 Ι
855 2845 1033 2900 fuerint
1054 2858 1143 2888 om.
1157 2843 1212 2888 V.
1306 2847 1360 2888 18
1392 2843 1543 2899 inquit
1572 2854 1660 2886 om.
1685 2839 1755 2884 ed.

134 2909 189 2950 18
220 2907 412 2951 inimica
442 2905 486 2950 V
515 2905 588 2950 ed.
619 2906 856 2950 inmensa?
961 2907 1017 2947 22
1048 2903 1217 2948 aelidis
1244 2901 1300 2947 V.
1400 2905 1455 2945 26
1486 2899 1746 2945 nominibus
1774 2896 1817 2941 V

130 2965 390 3010 hominibus
405 2964 499 3010 ed:
524 2964 749 3009 cf.v.511.
842 2966 900 3007 28
922 2961 1199 3007 cumVeum
1214 2961 1284 3005 ed.
1313 2963 1321 3018 1
1347 2955 1814 3007 ωηαεἾΐωα-άοὰ.
