2014 3226
723 173 1028 218 AENEIDOS
1061 174 1081 217 I
1646 176 1751 226 115

59 319 313 381 potiorem.
392 318 462 365 sic
511 330 626 378 orgo
674 314 869 362 induxit
915 316 1131 376 priorem
1178 315 1406 374 Achaten
1451 317 1752 377 loquentem,

58 396 114 440 ut
158 392 262 440 sine
308 391 433 438 vitio
483 404 570 437 suo
612 392 661 436 et
698 391 819 437 nota
860 390 963 436 eius
1005 404 1115 436 cum
1156 406 1252 451 quo
1291 391 1456 438 fuerat
1493 391 1752 438 locuturus

58 481 328 516 sermonem
376 464 575 524 faceret,
615 478 697 523 ne,
747 462 878 523 quod
915 464 1053 524 prior
1090 464 1229 524 loqui
1270 465 1454 526 coepit,
1500 464 1753 511 videretur

58 539 300 602 adrogans
348 541 398 585 et
444 537 697 599 superbus.
777 540 1035 598 expectare
1083 539 1214 584 enim
1261 537 1435 585 debuit
1490 538 1751 585 arbitrium

15 631 34 664 5
56 614 263 677 potioris
288 627 376 659 nec
402 612 572 659 debuit
596 610 753 658 videri
787 612 994 658 sensisse
1028 611 1159 672 quod
1190 612 1276 659 ille
1307 627 1407 659 non
1440 611 1749 660 advertisset.

56 688 360 750 temperatur
412 688 575 733 totum
629 686 752 732 mire
810 686 859 732 et
912 685 1166 733 inducitur
1220 686 1437 734 Achates
1492 702 1591 733 non
1645 689 1751 733 tam

56 760 333 809 faciendum
373 774 656 823 suggerere,
709 758 793 807 sed
832 762 999 806 utrum
1040 759 1323 807 faciendum
1363 763 1513 820 esset,
1554 761 1752 807 servata

56 835 158 885 sine
204 833 356 881 dubio
403 833 780 881 honorificentia
827 834 931 881 eius
981 833 1065 894 qui
1114 834 1320 883 consilio
1362 836 1412 882 et
1451 835 1751 882 auctoritate

54 910 342 972 praestaret.
422 922 547 968 quae
594 923 724 954 nunc
773 907 939 954 animo
984 909 1231 955 sententia
1270 906 1466 971 surgit}>
1541 909 1749 956 interro-

13 1001 33 1034 ο
54 982 216 1047 gantis
263 982 383 1029 haec
430 997 526 1029 vox
566 984 662 1042 est,
702 997 802 1029 non
839 980 1107 1029 indicantis
1148 985 1237 1029 aut
1274 982 1505 1030 iubentis.
1584 981 1751 1030 omnia

53 1060 164 1105 tuta
201 1056 352 1116 vides,
393 1056 600 1104 classem
640 1056 896 1116 sociosque
935 1058 1179 1118 receptos:
1220 1072 1281 1104 ne
1321 1056 1606 1118 specialitas
1638 1070 1749 1118 pro-

53 1129 340 1194 perantibus
394 1129 683 1192 prolixitate
746 1145 836 1178 sua
897 1129 1085 1178 faceret
1145 1145 1332 1192 moras,
1395 1131 1561 1178 clause
1624 1129 1751 1176 dixit

54 1205 278 1265 classem,
328 1204 493 1252 clause
541 1203 666 1252 dixit
705 1204 887 1266 socios,
926 1206 983 1251 ut
1022 1205 1121 1252 cito
1161 1206 1412 1252 transiret.
1492 1203 1636 1253 dictis
1675 1219 1749 1252 re-

54 1278 295 1341 spondent
334 1280 499 1326 cetera
537 1280 736 1326 matris:
793 1293 943 1339 quam
983 1278 1082 1326 cito
1122 1295 1212 1341 per
1250 1280 1484 1326 universa
1523 1277 1748 1326 transiit!

20 1352 311 1402 §constabat
358 1353 490 1400 enim
538 1368 688 1414 quam
736 1352 1055 1400 securitatem
1094 1353 1171 1400 illi
1196 1355 1373 1401 ‘mater
1411 1368 1500 1415 per
1539 1352 1751 1415 auguria

54 1425 375 1490 promisisset.
451 1427 534 1474 vix
580 1441 638 1475 ea
684 1428 821 1486 fatas
869 1430 995 1483 crat,
1050 1441 1159 1475 cam
1214 1428 1514 1487 circumfusa
1559 1429 1751 1487 repente

53 1501 228 1550 semia
264 1514 315 1548 se
351 1501 503 1548 rcubes
543 1504 586 1549 et
621 1502 677 1548 in
716 1502 910 1549 aethera
938 1505 1128 1562 pumat
1166 1504 1415 1562 apertam:
1476 1516 1575 1548 non
1623 1500 1750 1547 dixit

53 1590 110 1622 ex
154 1574 282 1622 nube
328 1577 577 1639 progressi
624 1577 762 1636 sunt,
808 1575 894 1624 sed
933 1574 1086 1624 nubes
1127 1575 1188 1623 ab
1227 1575 1349 1638 ipsis
1390 1574 1650 1636 abscessit,
1690 1577 1748 1621 ut

53 1648 329 1698 ostenderet
351 1649 550 1697 Aeneae
575 1648 844 1698 commodis
878 1650 1032 1697 etiam
1062 1665 1228 1697 rerum
1259 1651 1493 1697 naturam
1524 1648 1745 1697 servisse.

26 1723 256 1784 .tamdiu,
293 1724 482 1785 inquit,
529 1724 679 1771 celati
717 1726 833 1772 sunt
870 1723 1015 1771 nubis
1056 1723 1262 1771 obtentu
1302 1723 1542 1785 quamdiu
1581 1737 1746 1771 neces-

50 1799 169 1847 sitas
222 1797 344 1858 fuit,
399 1797 484 1844 ubi
539 1813 662 1860 opus
709 1813 810 1845 non
857 1800 986 1858 erat,
1033 1800 1208 1860 sponte
1256 1797 1495 1846 discessit.
1573 1798 1748 1845 restitit

49 1869 240 1920 Aeneas
287 1872 515 1932 claraque
558 1873 613 1919 in
658 1871 762 1920 luce
806 1872 1022 1931 refulsit:
1083 1874 1327 1934 quantum
1374 1871 1568 1935 gratiae
1608 1869 1746 1919 dedit

31 1945 257 2008 ·Aeneae,
290 1960 402 1993 cum
439 1945 583 1993 illum
615 1945 738 1994 dicit
769 1945 1031 2009 splendore
1063 1961 1154 1994 suo
1186 1946 1347 1994 lucem
1378 1945 1479 1994 diei
1510 1944 1745 1994 tribuisse

30 2019 321 2069 >melioreml
384 2019 508 2069 dicit
544 2022 647 2068 iam
685 2019 819 2068 unde
857 2022 1028 2068 tantus
1070 2021 1398 2083 apparuisset.
1461 2034 1528 2076 os,
1564 2019 1745 2081 inquit,

30 2106 328 2153 wmerosque
376 2094 462 2142 deo
512 2095 715 2153 simil-is;
776 2108 988 2154 namque
1032 2096 1146 2155 ipsa
1191 2095 1416 2143 decoram
1464 2095 1730 2142 caesariem
1747 2097 1835 2137 590

32 2171 161 2215 nato
195 2170 413 2228 yenetriae
452 2169 706 2228 lumenque
742 2170 967 2217 iuventae
996 2183 1310 2229 purpureum
1342 2171 1384 2217 et
1414 2169 1562 2216 laetos
1592 2167 1746 2217 ocutis

50 2236 265 2300 adflarat
307 2242 524 2290 honores
599 2242 838 2291 beneficia
883 2243 1005 2291 haec
1050 2242 1176 2290 haut
1222 2242 1495 2291 difficulter
1534 2243 1743 2306 praesti-

50 2315 179 2363 terat
232 2331 356 2377 quae
408 2319 570 2365 mater
623 2317 801 2365 fuisset
854 2319 904 2364 et
958 2316 1062 2365 dea.
1141 2318 1284 2379 quale
1328 2330 1508 2365 manus
1555 2316 1746 2364 addwnt

35 2388 179 2438 ebori
214 2389 358 2438 decus
396 2394 484 2438 aut
519 2392 604 2438 ubi
642 2391 771 2450 slavo
811 2394 1065 2450 amentum
1103 2390 1344 2439 Pariusve
1376 2391 1506 2450 lapis
1538 2392 1743 2439 circwm-

51 2574 55 2575 ’
168 2564 194 2604 2
223 2561 335 2605 vitio
364 2574 447 2606 suo
478 2566 519 2606 et
548 2566 659 2606 nota
689 2561 788 2607 eius
810 2560 898 2605 LR
919 2576 959 2607 v.
985 2563 1083 2606 eius
1114 2567 1156 2606 et
1185 2565 1296 2606 nota
1327 2561 1399 2604 ed.
1493 2565 1519 2604 3
1552 2561 1741 2616 quod—-

38 2619 192 2675 recepit
218 2618 304 2663 LR
333 2620 375 2664 si
393 2646 445 2652 —
463 2620 675 2677 coepisset
705 2621 777 2665 ed.
940 2625 964 2664 7
995 2634 1240 2680 suyyerens
1271 2619 1343 2664 ed.
1401 2620 1410 2678 Ι
1466 2624 1625 2665 utrum
1655 2618 1743 2662 LR

45 2677 162 2742 ,guid
189 2682 286 2723 tum
317 2678 387 2722 ed.
495 2684 550 2724 15
583 2694 720 2736 quam
750 2681 1032 2725 securitatem
1065 2680 1139 2724 illi
1168 2679 1255 2723 LR
1286 2680 1360 2724 illi
1391 2693 1531 2736 quum
1561 2691 1642 2724 sec.
1669 2677 1741 2722 ed.

140 2739 194 2780 18
226 2739 425 2794 processi
461 2744 572 2784 swnt
608 2738 644 2781 L
676 2740 883 2798 proyessi
912 2753 946 2784 s.
979 2738 1022 2782 R
1052 2739 1287 2797 progressi
1315 2751 1349 2784 s.
1382 2753 1406 2783 r
1443 2752 1558 2784 cava
1588 2749 1743 2794 specu-

42 2790 207 2976 μὲιοαν
236 2795 307 2840 ed.
437 2801 492 2840 23
525 2798 712 2843 dicit—
730 2802 787 2841 24
818 2797 1043 2843 meliorem
1076 2798 1287 2856 corrupit
1317 2797 1390 2842 ed.
1523 2800 1580 2840 2⁷
1614 2796 1740 2841 bene-

118 2868 126 2878 ‘
192 2870 222 2914 h
261 2874 292 2916 ᾶ
328 2870 365 2914 L
408 2871 666 2927 benefitium
712 2876 863 2917 autem
901 2871 944 2916 R
991 2872 1253 2927 beneficium
1289 2870 1419 2916 haud
1455 2885 1480 2915 r
1526 2870 1744 2927 beneficia

131 2942 157 2972 c
184 2929 310 2974 haud
349 2929 419 2974 ed.
573 2935 629 2975 28
661 2945 712 2988 q<
744 2952 800 2968 -—-
833 2930 948 2987 quia
978 2930 1014 2974 L
1053 2945 1137 2988 que
1168 2930 1210 2974 R
1248 2932 1360 2987 quia
1393 2929 1465 2975 ed.
1507 2943 1624 2987 quae
1654 2942 1740 2973 nos

46 2988 239 3058 propter
267 2989 441 3044 fuisset.
1320 3035 1323 3038 ,
1700 3027 1702 3031 .

55 3069 68 3078 .
1323 3063 1380 3106 8,
