2014 3226
628 755 999 810 AENEIDOS
1040 758 1258 812 LIBER
1299 761 1361 813 V.

261 879 424 941 Supra
471 873 544 945 (4,
579 873 710 945 582)
759 880 886 927 dixit
933 881 1171 930 Troianos
1219 885 1498 946 navigasse,
1553 886 1635 933 sed
1684 887 1834 934 inter-

146 954 312 1014 posita
351 954 680 1015 descriptione
721 956 922 1001 actuum
953 954 1160 1003 Didonis
1201 959 1250 1004 et
1288 958 1460 1005 mortis
1500 960 1833 1022 navigationis

146 1027 367 1088 ipsorum
407 1028 567 1076 divisa
605 1029 829 1075 narratio
871 1030 957 1076 est.
1030 1029 1090 1076 ad
1129 1030 1257 1077 hanc
1295 1031 1450 1093 igit-ur
1488 1035 1634 1093 poeta
1672 1048 1833 1096 regre-

146 1101 303 1163 ditur,
360 1103 478 1163 quia
532 1101 665 1164 quod
718 1103 1086 1163 interposuerat
1140 1106 1333 1152 constat
1385 1106 1638 1167 inpletum.
1717 1122 1833 1169 ergo

98 1191 121 1222 5
146 1175 404 1238 subiungit
440 1178 625 1224 interea
663 1177 874 1223 medium
913 1175 1107 1224 Aeneas
1144 1179 1245 1224 iam
1285 1180 1435 1226 classe
1466 1180 1647 1227 tenebat
1678 1184 1833 1228 certus

144 1250 257 1295 iter:
295 1251 502 1310 interea,
540 1250 633 1297 hoe
673 1252 746 1298 est
786 1265 898 1297 cum
936 1251 1026 1298 illa
1064 1254 1323 1314 perageret
1360 1253 1466 1300 fata
1505 1268 1608 1313 sua,
1639 1254 1832 1302 Aeneas

146 1323 464 1384 aliquantum
502 1326 765 1386 provectus
805 1326 900 1385 est3
940 1340 1056 1372 nam
1094 1326 1195 1372 iam
1234 1325 1436 1373 tenebat
1474 1326 1688 1374 medium
1724 1327 1832 1386 iter,

144 1397 236 1444 hoc
283 1403 358 1445 est
403 1397 456 1445 in
504 1398 606 1446 alto
655 1399 757 1445 iam
804 1398 968 1446 fuerat
1008 1400 1320 1447 constitutus.
1398 1401 1467 1448 sic
1507 1403 1556 1447 et
1593 1402 1645 1447 in
1683 1401 1831 1449 tertio

143 1470 271 1519 libro
312 1465 469 1538 (664)
510 1472 584 1519 ait
621 1471 976 1534 „graditurque
1010 1488 1099 1534 per
1129 1488 1315 1534 aequor
1343 1474 1444 1522 iam
1476 1474 1691 1521 medium
1722 1490 1830 1522 nec-

30 1548 32 1550 ’
77 1560 120 1592 ιο
144 1544 262 1592 dum
299 1545 478 1594 fluctus
517 1546 679 1593 latera
718 1545 874 1592 ardua
912 1545 1104 1596 tinxit“.
1175 1550 1364 1595 certum
1403 1550 1569 1595 autem
1608 1562 1830 1595 securum

143 1618 374 1668 debemus
423 1621 665 1682 accipere,
713 1619 847 1682 quod
892 1621 995 1667 iam
1046 1620 1193 1683 longe
1240 1624 1365 1670 esset
1412 1623 1463 1668 et
1507 1621 1701 1669 nullum
1746 1620 1829 1669 ad-

142 1695 359 1741 verteret
397 1695 551 1755 sequi.
628 1696 898 1754 fluctusque
938 1697 1068 1742 atros
1107 1695 1331 1753 aquilone
1367 1695 1581 1742 secabat:
1633 1696 1719 1756 qui
1757 1696 1829 1742 in-

142 1767 397 1815 tellectum
451 1769 549 1816 loci
602 1768 749 1816 istius
804 1769 992 1816 scaevis
1046 1768 1538 1830 interpretationibus
1589 1768 1829 1830 dissipant

143 1841 346 1890 dimisso
395 1858 451 1890 eo
496 1842 632 1904 quod
668 1842 896 1906 intellegi
934 1841 1079 1890 debet
1118 1844 1545 1906 argumentatione
1583 1841 1831 1904 superflua

74 1931 118 1963 15
142 1916 438 1977 perquirunt
477 1916 610 1978 quod
648 1918 799 1978 poeta
836 1931 935 1964 non
975 1916 1142 1964 sensit.
1219 1916 1389 1964 dicunt
1427 1917 1557 1963 enim
1601 1915 1831 1977 aquilone

142 1991 293 2037 vento
334 2005 364 2037 a
405 1989 724 2054 Carthaginis
762 1990 910 2038 litore
951 1989 1015 2038 ad
1044 1989 1247 2038 Italiam
1285 1991 1516 2054 navigari
1552 2005 1651 2037 non
1690 2003 1831 2051 posse

141 2063 444 2126 perindeque
487 2064 692 2112 Aenean
738 2079 839 2111 non
885 2064 1134 2126 aquilonis
1179 2063 1414 2127 suffragio
1460 2063 1831 2126 navigationem

142 2139 380 2198 movisse,
435 2138 520 2186 sed
572 2141 722 2186 vento
778 2138 879 2186 alio
935 2138 1021 2199 qui
1073 2141 1239 2200 posset
1288 2138 1341 2184 in
1386 2136 1588 2184 Italiam
1640 2135 1830 2195 ducere,

141 2210 371 2260 fluctibus
402 2214 572 2260 tamen
605 2212 666 2260 ab
699 2213 949 2274 aquilonis
980 2214 1122 2274 parte
1147 2210 1473 2270 venientibus,
1500 2211 1587 2272 qui
1608 2210 1830 2271 proxime

68 2299 119 2337 ,²0
140 2285 440 2347 praeteritus
487 2285 735 2335 diceretur
780 2287 1017 2334 extitisse.
1092 2286 1185 2334 hoc
1231 2287 1397 2346 posset
1437 2284 1595 2332 videri
1633 2283 1830 2345 aliqua-

139 2361 285 2408 tenus
323 2375 512 2421 vem‚
543 2362 586 2408 si
616 2360 811 2409 Aeneas
850 2359 938 2408 illo
969 2362 1192 2421 tempore
1225 2358 1287 2406 ad
1317 2358 1520 2406 Italiam
1557 2357 1828 2420 navigaret.

141 2433 260 2481 licet
298 2434 430 2482 enim
467 2434 521 2482 in
558 2434 722 2496 prima
760 2433 1098 2482 admonitione
1137 2432 1299 2482 iussus
1338 2433 1405 2480 sit
1441 2430 1643 2479 Italiam
1681 2444 1829 2492 quae·

139 2522 270 2568 rere,
316 2508 370 2556 in
415 2508 632 2557 secunda
676 2510 847 2556 tamen
891 2507 1061 2571 fugere
1108 2506 1380 2570 cogebatur
1420 2507 1470 2552 et
1507 2519 1558 2552 se
1595 2501 1830 2552 instantis

139 2581 353 2642 periculi
383 2582 804 2644 contemplatione
831 2580 1012 2630 finibus
1035 2580 1247 2629 liberare
1272 2577 1602 2642 CarthaginiS,
1625 2574 1829 2640 proinde

261 2741 288 2780 2
320 2742 505 2782 actuum
536 2737 579 2781 R
608 2737 755 2790 idem,
794 2739 850 2781 ut
878 2735 1085 2790 videtur,
1125 2734 1208 2779 sed
1238 2748 1332 2779 non
1364 2732 1481 2778 satis
1518 2730 1760 2789 perspicue
1791 2728 1828 2773 L

126 2794 216 2850 (cf.
250 2800 292 2850 1,
318 2800 403 2840 733
436 2798 485 2841 et
514 2803 558 2852 4,
583 2800 640 2840 80
678 2801 810 2842 actus
838 2795 1074 2851 Didonis).
1110 2796 1117 2851 Ι
1157 2794 1316 2838 mortis
1345 2791 1431 2836 LR
1457 2805 1516 2836 m.
1540 2791 1638 2835 eius
1666 2787 1737 2833 ed

141 2858 169 2897 5
201 2855 453 2914 subiunqat
480 2855 524 2900 R
555 2856 613 2900 ·it
640 2854 693 2898 r'.
837 2859 864 2899 6
895 2867 998 2898 eum
1027 2853 1115 2896 LR
1144 2853 1253 2898 dum
1284 2851 1356 2896 ed.
1493 2853 1548 2893 10
1578 2850 1726 2893 ciunt
1754 2845 1828 2892 ed.

233 2918 288 2958 12
326 2915 624 2972 fluctibusque
661 2914 705 2957 R
743 2927 858 2958 corr.
891 2928 925 2956 r.
1103 2915 1157 2955 13
1195 2911 1336 2957 scenis
1372 2908 1458 2953 LR
1499 2909 1630 2952 dum
1667 2905 1738 2951 ed.

61 3025 67 3031 ό
145 2977 199 3016 19
229 2973 444 3028 fluetibus
473 2974 560 3017 LR.
591 2973 672 3018 edI
700 2974 866 3029 fluctus
896 2971 1007 3016 edF.
