2014 3226
174 159 250 210 38
644 156 878 199 DONATI
910 155 1188 198 INTERPR.
1223 154 1400 198 VERG.

174 298 546 359 tranquillitate
587 297 797 343 salutem
830 296 1056 343 Troianis
1096 298 1209 356 post
1248 295 1470 355 pericula
1511 294 1644 341 dedit
1685 295 1870 356 fugatis

178 387 374 433 quoque
423 370 632 417 nubibus
682 373 729 416 et
776 369 977 417 reducto
1026 369 1140 416 sole.
1220 368 1311 416 hoc
1349 370 1568 429 positum
1609 371 1705 428 est,
1754 370 1872 429 quia

176 447 470 492 meminerat
533 459 582 490 se
637 443 888 504 Vergilius
951 442 1131 490 dixisse
1188 443 1435 503 „eripiunt
1499 442 1662 490 subito
1708 442 1871 490 ,nubes

176 521 468 579 caelumque
523 515 797 577 diemque“.
888 517 981 564 hoc
1038 516 1235 577 quidem
1291 515 1550 576 Neptunus
1604 517 1871 576 praestitit,

177 593 264 641 sed
313 591 450 639 aliud
497 594 698 638 eventus
741 590 953 638 advexit.
1033 606 1149 637 nam
1189 589 1343 636 delati
1381 593 1494 636 sunt
1537 589 1598 636 ad
1638 605 1749 637 oras
1790 588 1872 636 Li-
1917 605 1939 637 5

176 666 305 727 byae
346 666 437 713 hoc
477 667 548 712 est
589 664 652 711 ad
691 680 802 711 eam
838 667 1085 711 terrarum
1123 666 1319 724 partem
1358 664 1409 709 in
1452 679 1548 723 qua
1580 663 1703 710 Iuno
1745 663 1871 710 cole-

94 753 97 764 ¹
176 740 326 786 batur
380 740 583 785 inimica
636 738 938 799 perindeque
993 739 1046 784 in
1102 751 1269 784 casum
1321 736 1614 784 deteriorem
1664 738 1873 785 coniecti

180 808 322 860 sunt?
388 813 564 860 defessi
611 812 872 859 Aeneadae
922 826 1046 873 quae
1094 812 1322 872 proxima
1370 812 1520 858 litora
1567 826 1711 858 cursu
1760 825 1871 859 con-

172 886 385 933 tendunt
424 889 614 946 petere:
665 886 844 934 defessi
883 886 975 933 hoc
1016 888 1087 932 est
1127 886 1244 932 licet
1285 886 1402 932 fessi
1442 884 1708 933 admodum
1748 886 1870 932 nite-

173 960 354 1007 bantur
398 963 566 1007 tamen
613 963 779 1006 tenere
826 963 937 1006 tuta
984 962 1251 1019 terrarum,
1308 974 1369 1005 ne
1419 975 1516 1020 qua
1563 960 1745 1006 iterum
1795 960 1869 1006 vis
1897 975 1939 1006 ιο

174 1037 457 1096 emergeret,
500 1050 597 1094 qua
637 1049 785 1081 causa
823 1034 1051 1095 proxima
1090 1033 1240 1080 litora
1274 1047 1447 1093 capere
1479 1034 1723 1080 maturius
1758 1049 1870 1093 pro-
1964 1031 1970 1035 “

173 1107 427 1168 perabant.
505 1107 807 1155 contendunt
846 1107 1037 1168 posuit,
1089 1110 1144 1154 ut
1185 1106 1463 1154 ostenderet
1502 1106 1658 1168 ipsius
1701 1121 1870 1154 cursus

173 1181 538 1240 difficultatem,
603 1197 749 1242 quem
812 1182 932 1228 satis
987 1182 1107 1228 fessi
1162 1180 1391 1242 conplere
1447 1181 1735 1228 nitebantur
1791 1180 1870 1227 vel

174 1256 399 1315 maxime,
442 1257 558 1316 quia
598 1257 650 1302 in
692 1271 821 1316 aqua
862 1254 1113 1302 difficilior
1153 1269 1347 1317 gressus
1381 1258 1453 1302 est
1486 1255 1868 1316 properantibus

175 1344 383 1377 cursum.
1897 1343 1936 1375 ιε»

85 1408 169 1446 160
282 1402 377 1450 Est
412 1405 465 1450 in
503 1417 687 1450 secessu
727 1405 864 1462 lonyo
903 1403 1049 1458 loeus,
1082 1403 1248 1450 insula
1271 1406 1470 1462 portum
1503 1403 1650 1462 efficit
1681 1403 1864 1449 obiectu

173 1476 396 1531 luterum,
437 1478 611 1536 quibus
651 1479 804 1525 omnis
845 1477 905 1525 ab
946 1477 1041 1524 alto
1081 1479 1331 1537 franqitur
1369 1479 1513 1534 mque
1551 1478 1691 1523 smus
1733 1477 1861 1523 sem-

172 1550 242 1596 de't
285 1565 385 1598 sese
430 1551 567 1598 unda
605 1552 835 1605 reductos,
868 1552 978 1599 lunc
1018 1554 1158 1610 atque
1195 1552 1307 1598 hine
1343 1554 1509 1597 vastae
1539 1564 1686 1609 rupes
1716 1551 1862 1610 yemi-

173 1626 315 1684 m'que
353 1626 606 1672 minantur
643 1627 697 1672 iu
737 1626 922 1673 eaelum
961 1626 1158 1684 scopuli,
1194 1639 1399 1684 quorum
1438 1626 1527 1672 sub
1566 1625 1740 1671 vertice
1771 1625 1864 1672 late

85 1703 168 1742 165
186 1712 396 1757 aequora
441 1702 546 1746 tuta
592 1700 757 1754 silent,
814 1703 914 1746 tum
969 1700 1105 1746 silvis
1159 1713 1337 1746 scaena
1392 1699 1602 1746 coruscis
1655 1698 1863 1758 desuper
1887 1713 1931 1745 eo

171 1771 472 1831 horrentique
519 1776 680 1819 atrum
725 1788 895 1820 nemus
937 1774 1138 1820 inminet
1186 1773 1388 1827 umbra:
1443 1773 1600 1831 fronte
1645 1772 1735 1818 sub
1775 1772 1862 1819 ad-

176 1859 314 1892 versa
351 1847 560 1905 seopulis
589 1848 914 1905 pendentibus
953 1850 1172 1902 antrum,
1219 1848 1350 1894 intus
1393 1861 1550 1906 aquae
1589 1845 1751 1893 dulces
1790 1847 1859 1892 vi-

172 1932 321 1978 voque
372 1920 547 1967 sedilia
598 1935 742 1974 same,
797 1921 1117 1980 nympharum
1171 1921 1353 1968 domus,
1430 1921 1506 1967 hie
1555 1920 1713 1978 fessas
1765 1933 1862 1966 uon

173 1992 367 2039 vincula
403 1995 546 2041 navis
583 1994 688 2041 ulla
727 1997 895 2050 tenent,
935 2009 1058 2043 unco
1095 2009 1195 2042 uon
1234 1994 1421 2054 adliyat
1459 2007 1641 2042 ancora
1679 2007 1858 2040 morsu.

86 2069 170 2109 170
186 2066 279 2112 hue
315 2069 491 2125 septem
527 2064 721 2115 Aeneas
759 2069 961 2116 collectis
998 2069 1208 2116 navibus
1246 2069 1377 2115 omni
1416 2082 1472 2115 ex
1501 2081 1700 2115 numero
1732 2067 1863 2115 subit
1889 2081 1932 2114 25

174 2152 232 2187 ae
261 2154 437 2199 mayno
475 2141 660 2188 telluris
699 2156 862 2190 amore
901 2145 948 2189 et
988 2145 1162 2190 cetera.
1221 2141 1278 2189 fit
1316 2142 1415 2190 loci
1454 2141 1720 2202 descriptio
1762 2156 1862 2188 non

175 2213 422 2274 superflua
475 2213 559 2262 sed
604 2217 804 2278 negotio
855 2217 955 2278 ipsi
1007 2218 1306 2277 necessaria3
1368 2231 1485 2263 nam
1539 2231 1638 2263 non
1694 2216 1863 2263 omnia

174 2287 302 2346 eius,
341 2286 424 2334 sed
465 2288 633 2349 aliqua
670 2288 962 2337 referuntur.
1038 2289 1304 2351 placiditas
1345 2291 1529 2351 quippe
1569 2290 1732 2336 fuerat
1780 2303 1863 2350 pe-

174 2359 278 2423 lagi
324 2359 634 2420 prOcuranda
679 2365 883 2424 propter
929 2366 1183 2412 contracta
1229 2365 1434 2411 navium
1480 2364 1607 2410 vitia
1653 2365 1702 2410 et
1749 2362 1861 2410 hor-

174 2432 379 2480 rendam
426 2436 812 2495 quassationem:
874 2437 1001 2485 hanc
1046 2437 1316 2499 praebebat
1364 2437 1583 2485 obiectus
1639 2437 1867 2495 laterum,
1891 2451 1937 2484 80

175 2510 417 2554 secretum
455 2523 571 2556 vero
611 2509 900 2570 proficiebat
941 2510 1004 2558 ad
1043 2526 1154 2558 eam
1191 2514 1385 2572 partem
1432 2512 1550 2572 quia
1597 2509 1870 2558 cavendum

295 2665 320 2704 5
353 2661 416 2706 ad
444 2663 580 2707 horas
610 2663 708 2707 LR.
823 2668 878 2707 10
910 2670 1055 2709 tenere
1087 2670 1189 2710 tuta
1219 2671 1447 2710 terrarum
1480 2665 1564 2708 LR-
1597 2665 1775 2709 tendere
1807 2665 1870 2708 ad
1956 2652 1964 2692 Ῐ

175 2724 340 2763 terram
374 2721 445 2764 ed.
629 2726 683 2765 18
716 2725 909 2780 propter
939 2723 1378 2781 interpretationem
1409 2726 1518 2768 ante
1549 2725 1656 2768 hine
1686 2736 1869 2767 comma

176 2778 330 2834 posui,
361 2792 455 2823 non
485 2782 725 2836 punctum.
848 2786 904 2824 26
937 2788 1151 2827 eteetera
1183 2797 1271 2827 om.
1305 2783 1399 2827 ed.:
1431 2783 1638 2839 pertinet
1668 2782 1758 2826 hoe
1788 2795 1867 2826 us—
1950 2806 1961 2822 ,1

177 2849 268 2891 que
298 2837 361 2879 ad
384 2844 568 2895 ponunt
598 2854 637 2883 v.
665 2844 772 2894 173;
819 2839 942 2884 infra
987 2840 1111 2885 enim
1150 2842 1289 2886 verba
1327 2843 1561 2900 eyressi—
1574 2847 1776 2898 ponunt,
1815 2843 1870 2884 ut
1950 2875 1953 2883 ,

178 2893 398 2940 dictionis
429 2897 579 2941 forma
603 2898 752 2952 docet,
778 2912 872 2942 non
895 2914 980 2955 pro
1004 2914 1122 2959 novo
1146 2900 1367 2945 lemmate
1392 2915 1498 2944 cum
1521 2900 1593 2944 ed.
1619 2899 1869 2944 scribenda
1952 2910 1958 2951 s

177 2955 302 2998 sunt.
426 2960 479 2999 31
514 2958 624 3013 quia
657 2957 691 2999 L
724 2971 815 3014 qua
847 2971 903 3002 ex
933 2961 1044 3014 quia
1076 2960 1263 3003 corr.R
1294 2974 1386 3016 qua
1418 2960 1488 3004 ed.
1537 2995 1541 2998 .
1952 2959 1958 2979 s
