2014 3226
782 170 1085 214 AENEIDOS
1118 171 1137 212 Ι
1775 171 1806 224 9

117 314 263 362 semel
319 313 615 373 accipiatur,
671 314 726 358 ut
773 313 840 359 sit
886 312 990 358 fato
1039 311 1258 372 perdidit
1303 311 1519 373 patriam
1569 311 1673 358 fato
1730 327 1808 358 ex-

118 389 301 445 clusus,
348 388 452 433 fato
500 387 728 447 pervenit
775 385 838 432 ad
886 385 1066 432 Italiae
1114 387 1308 447 partem
1355 385 1405 432 in
1457 401 1557 446 qua
1597 387 1809 433 vocitari

117 463 381 523 coeperunt
426 459 638 507 Lavinia
693 460 855 507 litora.
935 460 1139 506 ”vultum
1190 461 1267 506 ille
1316 463 1357 506 et
1404 461 1545 506 terris
1599 461 1808 506 iactatus

120 530 184 599 [et
222 529 364 597 alto]:
421 534 573 581 aliam
612 536 749 581 tenet
789 549 898 580 cum
938 533 1278 595 propositione
1319 533 1635 592 divisionem,
1693 549 1808 581 nam

74 627 93 660 5
117 608 397 670 specialiter
436 609 635 669 scripsit
674 610 725 654 in
766 609 984 654 carmine
1024 623 1112 655 suo
1155 623 1280 668 quae
1319 609 1371 654 in
1404 608 1565 666 terris,
1600 623 1725 668 quae
1758 608 1809 653 in

116 682 292 744 pelago
347 697 607 743 perpessus
662 682 728 728 sit
773 681 967 728 Aeneas
1016 683 1066 728 et
1112 681 1233 729 haec
1279 683 1390 743 ipsa
1438 681 1624 729 adserit
1671 684 1811 729 extra

117 759 275 803 fatum
314 756 466 803 fuisse
508 755 732 803 addendo
774 758 823 803 vi
861 770 1107 815 superum.
1174 757 1248 804 vis
1291 757 1422 803 enim
1462 771 1559 803 non
1601 757 1675 803 est
1715 756 1811 803 nisi

118 845 226 878 cum
273 829 330 876 fit
376 830 568 890 aliquid
615 831 762 895 extra¹
809 830 965 892 leges,
1019 829 1112 877 hoc
1161 832 1234 877 est
1281 832 1454 878 contra
1500 830 1677 877 fatum.
1756 831 1812 876 ut

118 907 280 952 autem
337 920 394 950 ex
440 903 532 951 hoc
582 919 776 965 quoque
825 906 1082 951 excusaret
1127 903 1357 963 Aenean,
1405 904 1490 965 qui
1537 904 1663 951 nihil
1710 903 1810 951 tale

54 997 94 1030 ιο
118 978 175 1025 de
217 979 406 1040 superis
445 980 717 1037 meruerat,
759 977 952 1026 addidit
990 992 1165 1025 saevae
1204 992 1459 1026 memorem
1497 979 1708 1025 Iunonis
1755 979 1810 1024 ob

120 1056 265 1107 iram,
315 1052 406 1100 hoc
447 1054 522 1100 est
562 1068 656 1099 non
699 1054 905 1114 propter
944 1052 1142 1100 Aeneae
1184 1053 1406 1113 aliquam
1446 1053 1644 1113 culpam
1689 1046 1812 1099 haec

119 1141 317 1189 superos
365 1127 559 1187 fecisse,
607 1126 691 1173 sed
739 1130 795 1174 ut
842 1126 1230 1187 obsequerentur
1269 1126 1432 1173 studio
1474 1129 1523 1173 et
1562 1125 1812 1173 voluntati

117 1201 341 1260 lunonis,
390 1201 466 1247 cui
515 1202 688 1263 utpote
729 1201 928 1264 reginae
969 1201 1190 1248 universi
1227 1200 1280 1247 in
1321 1216 1469 1262 quam
1510 1200 1661 1248 vellet
1700 1216 1811 1262 par-

117 1278 214 1321 tem
263 1276 539 1322 consentire
589 1274 861 1322 debuerant
910 1277 960 1322 et
1005 1274 1137 1322 idem
1184 1275 1310 1322 velle
1361 1275 1490 1336 quod
1537 1275 1627 1321 illa
1671 1289 1812 1336 prae-

34 1367 93 1399 .15
118 1352 406 1410 sumpserat.
486 1351 732 1412 purgatur
780 1364 894 1413 ergo
945 1348 1096 1396 etiam
1144 1364 1201 1396 ex
1248 1349 1347 1395 ista
1407 1351 1550 1410 parte
1596 1348 1812 1396 Aeneas:

117 1425 272 1470 restat
318 1425 375 1470 ut
420 1424 581 1484 ipsam
630 1439 826 1485 quoque
866 1422 1108 1471 Iunonem
1146 1424 1336 1470 frustra
1377 1422 1611 1471 adversus
1651 1422 1815 1484 ipsum

118 1496 286 1544 odium
332 1498 604 1559 suscepisse
650 1500 1005 1558 monstremus,
1058 1498 1113 1545 in
1169 1514 1265 1558 quo
1311 1498 1422 1559 ipso
1470 1512 1571 1545 non
1616 1498 1815 1544 tantum

117 1572 349 1633 purgatio
399 1573 473 1618 est
513 1574 770 1633 susceptae
809 1587 1073 1634 personae,
1114 1587 1286 1619 verum
1327 1573 1479 1619 etiam
1518 1571 1813 1619 deformatio

118 1644 336 1705 Iunonis,
379 1661 528 1706 quam
569 1661 594 1692 e
634 1644 830 1693 diverso
860 1648 1012 1707 poeta
1044 1646 1328 1706 constituit,
1370 1647 1442 1692 ait
1473 1647 1606 1692 enim
1638 1660 1815 1693 saevae

55 1737 96 1768 20
118 1734 383 1767 memorem
421 1719 626 1767 Iunonis
675 1719 736 1767 ob
783 1721 926 1767 iram.
1004 1736 1103 1768 non
1144 1720 1275 1767 enim
1314 1735 1515 1767 saevam
1560 1720 1816 1781 potentem

48 1812 54 1840 '.
120 1793 264 1854 dixit,
313 1796 369 1840 ut
409 1794 498 1841 alii
536 1794 735 1853 volunt,
783 1794 869 1842 sed
907 1809 1081 1842 revera
1121 1809 1342 1854 saevam,
1388 1809 1514 1855 quae
1554 1809 1816 1855 perseque-

119 1870 254 1914 retur
308 1869 623 1916 innocentem
679 1870 729 1915 et
783 1884 892 1916 eum
952 1867 1037 1930 qui
1087 1867 1214 1915 nihil
1262 1868 1546 1916 admisisset
1593 1870 1643 1915 et
1689 1869 1818 1916 esset

121 1941 323 1989 deorum
378 1943 599 1989 omnium
652 1942 957 2004 perindeque
1010 1943 1167 2004 ipsius
1225 1958 1420 2004 quoque
1469 1941 1676 1989 Iunonis
1731 1957 1816 1990 an-

120 2017 261 2064 tistes
309 2019 359 2063 et
406 2017 581 2064 cultor.
660 2018 834 2064 onerat
884 2032 994 2064 eam
1041 2017 1194 2064 etiam
1235 2016 1442 2064 alterius
1483 2015 1704 2064 criminis
1742 2017 1816 2062 in—

57 2106 99 2138 25
120 2089 277 2151 vidia,
334 2090 464 2151 quod
518 2091 810 2138 inimicitias
863 2092 998 2153 ipsas
1054 2091 1195 2139 nulla
1250 2106 1307 2138 ex
1362 2091 1510 2152 culpa
1562 2092 1817 2152 susceptas

123 2163 398 2212 diutissime
439 2179 496 2211 ac
534 2166 779 2212 tenaciter
816 2166 1069 2226 retineret,
1107 2164 1411 2227 perindeque
1449 2163 1694 2212 indicavit
1731 2164 1816 2212 ho-

121 2239 274 2286 nestis
321 2240 371 2286 et
415 2238 584 2300 probis
625 2240 778 2287 etiam
815 2240 1063 2287 iustarum
1100 2238 1482 2287 inimicitiarum
1520 2238 1818 2302 longaevam

122 2327 220 2362 non
259 2313 520 2360 convenire
559 2313 865 2361 memoriam.
941 2313 1074 2361 hunc
1112 2314 1280 2361 locum
1320 2314 1542 2374 apertius
1581 2314 1727 2360 notat
1763 2311 1818 2358 in

125 2387 298 2446 quinto
337 2385 464 2434 libro
506 2380 686 2454 (781):
741 2402 858 2435 nam
898 2402 1008 2435 cum
1048 2386 1217 2435 Venus
1258 2387 1391 2448 apud
1428 2386 1719 2448 Neptunum
1759 2385 1818 2433 de

55 2474 102 2509 ιο
123 2461 232 2520 ipsa
277 2459 466 2508 Iunone
514 2464 822 2523 quereretur,
871 2462 946 2509 ait
990 2461 1122 2509 inter
1169 2463 1332 2509 cetera
1370 2460 1604 2522 „Iunonis
1651 2461 1818 2524 gravis

123 2533 199 2580 ira
236 2549 394 2596 neque
434 2534 741 2583 exaturabile
781 2537 967 2598 pectus,
1009 2551 1159 2597 quam
1197 2549 1286 2583 nec
1324 2535 1476 2599 longa
1515 2534 1619 2582 dies
1657 2534 1818 2596 pietas

124 2621 213 2654 nec
243 2607 446 2671 mitigat
476 2607 624 2656 ulla“.
696 2608 946 2658 concludit
976 2611 1100 2657 mire
1131 2609 1300 2658 thema
1331 2609 1496 2671 ipsum
1535 2610 1585 2656 et
1624 2623 1819 2656 omnem

127 2679 359 2730 adversus
398 2681 638 2731 Iunonem
677 2683 920 2732 invidiam
952 2684 1273 2745 conpetenter
1304 2684 1572 2746 exaggerat
1612 2681 1818 2730 dicendo

126 2755 277 2802 ‘multa
323 2769 506 2816 quoque
554 2761 596 2804 et
634 2757 753 2805 bello
791 2771 999 2817 passus’,
1042 2758 1160 2805 dum
1207 2757 1427 2806 conderet
1463 2757 1632 2805 urbem
1669 2756 1819 2815 infer·
1852 2758 1878 2797 5

49 2797 66 2823 -:.¹·
40 2618 73 2770 seg-ww*
41 2558 44 2562 '

248 2930 359 2969 1—-2
391 2926 600 2971 exclusus
630 2925 719 2970 LR
749 2927 965 2984 expulsus
995 2927 1067 2971 ed.
1234 2931 1262 2970 4
1294 2933 1335 2972 et
1365 2927 1457 2972 alto
1490 2926 1624 2971 deest
1653 2926 1703 2970 in
1735 2925 1822 2968 LR

130 2983 210 3027 sed
240 2983 512 3041 explicatur.
638 2990 661 3028 7
695 2987 906 3032 addendo
936 2986 1025 3030 LR,
1055 2986 1174 3031 adde
1204 2986 1264 3031 ed
