<?xml version="1.0" encoding="UTF-8"?>
<!DOCTYPE html PUBLIC "-//W3C//DTD XHTML 1.0 Transitional//EN"
    "http://www.w3.org/TR/xhtml1/DTD/xhtml1-transitional.dtd">
<html xmlns="http://www.w3.org/1999/xhtml" xml:lang="en" lang="en">
 <head>
  <title>
</title>
<meta http-equiv="Content-Type" content="text/html;charset=utf-8" />
  <meta name='ocr-system' content='tesseract 3.04.00' />
  <meta name='ocr-capabilities' content='ocr_page ocr_carea ocr_par ocr_line ocrx_word'/>
</head>
<body>
  <div class='ocr_page' id='page_1' title='image "./interpretationes01donauoft_0629.png"; bbox 0 0 2014 3226; ppageno 0'>
   <div class='ocr_carea' id='block_1_1' title="bbox 756 205 1798 267">
    <p class='ocr_par' dir='ltr' id='par_1_1' title="bbox 756 205 1798 267">
     <span class='ocr_line' id='line_1_1' title="bbox 756 205 1798 267; baseline 0.002 -19"><span class='ocrx_word' id='word_1_1' title='bbox 756 205 1056 252; x_wconf 87' lang='lat' dir='ltr'>AENEIDOS</span> <span class='ocrx_word' id='word_1_2' title='bbox 1089 209 1150 252; x_wconf 91' lang='lat' dir='ltr'>VI</span> <span class='ocrx_word' id='word_1_3' title='bbox 1692 215 1798 267; x_wconf 78' lang='lat'>579</span> 
     </span>
    </p>
   </div>
   <div class='ocr_carea' id='block_1_2' title="bbox 0 343 1887 2258">
    <p class='ocr_par' dir='ltr' id='par_1_2' title="bbox 0 343 1800 632">
     <span class='ocr_line' id='line_1_2' title="bbox 0 343 1799 443; baseline 0.004 -52"><span class='ocrx_word' id='word_1_4' title='bbox 0 356 1 443; x_wconf 32' lang='lat' dir='ltr'>l</span> <span class='ocrx_word' id='word_1_5' title='bbox 119 343 228 392; x_wconf 91' lang='lat' dir='ltr'>silio</span> <span class='ocrx_word' id='word_1_6' title='bbox 260 346 410 406; x_wconf 86' lang='lat' dir='ltr'>poeta</span> <span class='ocrx_word' id='word_1_7' title='bbox 440 347 713 405; x_wconf 84' lang='lat' dir='ltr'>praeteriit,</span> <span class='ocrx_word' id='word_1_8' title='bbox 745 364 805 394; x_wconf 92' lang='lat' dir='ltr'>ne</span> <span class='ocrx_word' id='word_1_9' title='bbox 837 349 982 396; x_wconf 91' lang='lat' dir='ltr'>rebus</span> <span class='ocrx_word' id='word_1_10' title='bbox 1014 352 1216 410; x_wconf 88' lang='lat' dir='ltr'>propter</span> <span class='ocrx_word' id='word_1_11' title='bbox 1248 365 1370 411; x_wconf 91' lang='lat' dir='ltr'>quas</span> <span class='ocrx_word' id='word_1_12' title='bbox 1402 353 1603 398; x_wconf 89' lang='lat' dir='ltr'>ventum</span> <span class='ocrx_word' id='word_1_13' title='bbox 1636 352 1799 400; x_wconf 86' lang='lat' dir='ltr'>fuerat</span> 
     </span>
     <span class='ocr_line' id='line_1_3' title="bbox 117 417 1797 486; baseline 0.005 -21"><span class='ocrx_word' id='word_1_14' title='bbox 117 434 255 466; x_wconf 86' lang='lat' dir='ltr'>mora</span> <span class='ocrx_word' id='word_1_15' title='bbox 293 418 533 480; x_wconf 79' lang='lat' dir='ltr'>prolixior</span> <span class='ocrx_word' id='word_1_16' title='bbox 570 417 709 467; x_wconf 90' lang='lat' dir='ltr'>fieret</span> <span class='ocrx_word' id='word_1_17' title='bbox 748 420 826 468; x_wconf 86' lang='lat' dir='ltr'>vel</span> <span class='ocrx_word' id='word_1_18' title='bbox 866 439 925 469; x_wconf 88' lang='lat' dir='ltr'>ne</span> <span class='ocrx_word' id='word_1_19' title='bbox 957 426 1298 484; x_wconf 77' lang='lat' dir='ltr'>repeterentur</span> <span class='ocrx_word' id='word_1_20' title='bbox 1328 438 1386 471; x_wconf 92' lang='lat' dir='ltr'>ea</span> <span class='ocrx_word' id='word_1_21' title='bbox 1418 440 1542 486; x_wconf 91' lang='lat' dir='ltr'>quae</span> <span class='ocrx_word' id='word_1_22' title='bbox 1576 428 1797 486; x_wconf 91' lang='lat' dir='ltr'>superius</span> 
     </span>
     <span class='ocr_line' id='line_1_4' title="bbox 118 492 1799 560; baseline 0.004 -20"><span class='ocrx_word' id='word_1_23' title='bbox 118 493 249 540; x_wconf 88' lang='lat' dir='ltr'>dicta</span> <span class='ocrx_word' id='word_1_24' title='bbox 304 494 432 540; x_wconf 85' lang='lat' dir='ltr'>sunt.</span> <span class='ocrx_word' id='word_1_25' title='bbox 526 492 613 540; x_wconf 89' lang='lat' dir='ltr'>sed</span> <span class='ocrx_word' id='word_1_26' title='bbox 665 510 752 541; x_wconf 88' lang='lat' dir='ltr'>nec</span> <span class='ocrx_word' id='word_1_27' title='bbox 806 495 1009 544; x_wconf 86' lang='lat' dir='ltr'>Aenean</span> <span class='ocrx_word' id='word_1_28' title='bbox 1063 497 1182 544; x_wconf 86' lang='lat' dir='ltr'>fecit</span> <span class='ocrx_word' id='word_1_29' title='bbox 1235 512 1436 560; x_wconf 84' lang='lat' dir='ltr'>negasse</span> <span class='ocrx_word' id='word_1_30' title='bbox 1491 514 1799 560; x_wconf 70' lang='lat' dir='ltr'>responsum,</span> 
     </span>
     <span class='ocr_line' id='line_1_5' title="bbox 115 566 1800 632; baseline 0.004 -18"><span class='ocrx_word' id='word_1_31' title='bbox 115 566 384 614; x_wconf 81' lang='lat' dir='ltr'>intervenit</span> <span class='ocrx_word' id='word_1_32' title='bbox 437 567 567 614; x_wconf 88' lang='lat' dir='ltr'>enim</span> <span class='ocrx_word' id='word_1_33' title='bbox 621 569 904 618; x_wconf 78' lang='lat' dir='ltr'>interdictio</span> <span class='ocrx_word' id='word_1_34' title='bbox 954 570 1194 632; x_wconf 84' lang='lat' dir='ltr'>Sibyllae,</span> <span class='ocrx_word' id='word_1_35' title='bbox 1249 587 1395 632; x_wconf 87' lang='lat' dir='ltr'>quae,</span> <span class='ocrx_word' id='word_1_36' title='bbox 1450 587 1559 618; x_wconf 91' lang='lat' dir='ltr'>cum</span> <span class='ocrx_word' id='word_1_37' title='bbox 1613 572 1800 620; x_wconf 88' lang='lat' dir='ltr'>videret</span> 
     </span>
    </p>

    <p class='ocr_par' dir='ltr' id='par_1_3' title="bbox 72 639 1887 924">
     <span class='ocr_line' id='line_1_6' title="bbox 72 639 1800 702; baseline 0.003 -14"><span class='ocrx_word' id='word_1_38' title='bbox 72 655 91 688; x_wconf 83' lang='lat'><strong>5</strong></span> <span class='ocrx_word' id='word_1_39' title='bbox 117 641 248 688; x_wconf 90' lang='lat' dir='ltr'>diem</span> <span class='ocrx_word' id='word_1_40' title='bbox 295 639 419 700; x_wconf 85' lang='lat' dir='ltr'>labi,</span> <span class='ocrx_word' id='word_1_41' title='bbox 469 640 663 689; x_wconf 82' lang='lat' dir='ltr'>fabulas</span> <span class='ocrx_word' id='word_1_42' title='bbox 712 643 868 690; x_wconf 90' lang='lat' dir='ltr'>omnis</span> <span class='ocrx_word' id='word_1_43' title='bbox 916 648 964 691; x_wconf 89' lang='lat' dir='ltr'>et</span> <span class='ocrx_word' id='word_1_44' title='bbox 1012 659 1171 692; x_wconf 90' lang='lat' dir='ltr'>moras</span> <span class='ocrx_word' id='word_1_45' title='bbox 1220 643 1449 702; x_wconf 82' lang='lat' dir='ltr'>abscidit3</span> <span class='ocrx_word' id='word_1_46' title='bbox 1500 647 1666 693; x_wconf 89' lang='lat' dir='ltr'>tamen</span> <span class='ocrx_word' id='word_1_47' title='bbox 1714 646 1800 693; x_wconf 89' lang='lat' dir='ltr'>dat</span> 
     </span>
     <span class='ocr_line' id='line_1_7' title="bbox 116 714 1798 781; baseline 0.004 -20"><span class='ocrx_word' id='word_1_48' title='bbox 116 715 194 761; x_wconf 90' lang='lat' dir='ltr'>illi</span> <span class='ocrx_word' id='word_1_49' title='bbox 231 714 558 762; x_wconf 86' lang='lat' dir='ltr'>humanitatis</span> <span class='ocrx_word' id='word_1_50' title='bbox 598 717 755 776; x_wconf 88' lang='lat' dir='ltr'>partis</span> <span class='ocrx_word' id='word_1_51' title='bbox 794 717 964 777; x_wconf 89' lang='lat' dir='ltr'>iustas,</span> <span class='ocrx_word' id='word_1_52' title='bbox 1004 735 1064 765; x_wconf 89' lang='lat' dir='ltr'>ne</span> <span class='ocrx_word' id='word_1_53' title='bbox 1106 719 1286 765; x_wconf 85' lang='lat' dir='ltr'>amicos</span> <span class='ocrx_word' id='word_1_54' title='bbox 1327 734 1355 764; x_wconf 93' lang='lat' dir='ltr'>a</span> <span class='ocrx_word' id='word_1_55' title='bbox 1388 718 1648 780; x_wconf 91' lang='lat' dir='ltr'>conloquio</span> <span class='ocrx_word' id='word_1_56' title='bbox 1688 735 1798 781; x_wconf 82' lang='lat' dir='ltr'>pro-</span> 
     </span>
     <span class='ocr_line' id='line_1_8' title="bbox 115 788 1800 854; baseline 0.003 -20"><span class='ocrx_word' id='word_1_57' title='bbox 115 788 283 836; x_wconf 89' lang='lat' dir='ltr'>hibere</span> <span class='ocrx_word' id='word_1_58' title='bbox 315 790 491 850; x_wconf 87' lang='lat' dir='ltr'>sponte</span> <span class='ocrx_word' id='word_1_59' title='bbox 523 789 785 837; x_wconf 85' lang='lat' dir='ltr'>videretur.</span> <span class='ocrx_word' id='word_1_60' title='bbox 856 807 953 839; x_wconf 91' lang='lat' dir='ltr'>non</span> <span class='ocrx_word' id='word_1_61' title='bbox 988 794 1118 839; x_wconf 89' lang='lat' dir='ltr'>enim</span> <span class='ocrx_word' id='word_1_62' title='bbox 1151 792 1334 839; x_wconf 84' lang='lat' dir='ltr'>frustra</span> <span class='ocrx_word' id='word_1_63' title='bbox 1366 794 1440 840; x_wconf 90' lang='lat' dir='ltr'>est</span> <span class='ocrx_word' id='word_1_64' title='bbox 1471 792 1603 854; x_wconf 92' lang='lat' dir='ltr'>quod</span> <span class='ocrx_word' id='word_1_65' title='bbox 1633 793 1800 854; x_wconf 89' lang='lat' dir='ltr'>posuit</span> 
     </span>
     <span class='ocr_line' id='line_1_9' title="bbox 115 863 1887 924; baseline 0.001 -15"><span class='ocrx_word' id='word_1_66' title='bbox 115 863 206 911; x_wconf 78' lang='lat' dir='ltr'>hac</span> <span class='ocrx_word' id='word_1_67' title='bbox 243 863 345 910; x_wconf 78' lang='lat' dir='ltr'>vice</span> <span class='ocrx_word' id='word_1_68' title='bbox 380 875 657 910; x_wconf 78' lang='lat' dir='ltr'>sermonum</span> <span class='ocrx_word' id='word_1_69' title='bbox 701 866 852 912; x_wconf 77' lang='lat' dir='ltr'>roseis</span> <span class='ocrx_word' id='word_1_70' title='bbox 899 880 1083 913; x_wconf 84' lang='lat' dir='ltr'>aurora</span> <span class='ocrx_word' id='word_1_71' title='bbox 1130 867 1382 924; x_wconf 73' lang='lat' dir='ltr'>quadriyis</span> <span class='ocrx_word' id='word_1_72' title='bbox 1427 866 1527 912; x_wconf 81' lang='lat' dir='ltr'>iam</span> <span class='ocrx_word' id='word_1_73' title='bbox 1574 867 1781 914; x_wconf 80' lang='lat' dir='ltr'>medium</span> <span class='ocrx_word' id='word_1_74' title='bbox 1802 871 1887 910; x_wconf 80' lang='lat'>585</span> 
     </span>
    </p>

    <p class='ocr_par' dir='ltr' id='par_1_4' title="bbox 0 937 1797 1001">
     <span class='ocr_line' id='line_1_10' title="bbox 0 937 1797 1001; baseline 0.003 -18"><span class='ocrx_word' id='word_1_75' title='bbox 0 938 13 996; x_wconf 45' lang='grc' dir='ltr'>ξ’</span> <span class='ocrx_word' id='word_1_76' title='bbox 115 937 323 984; x_wconf 77' lang='lat' dir='ltr'>aetherio</span> <span class='ocrx_word' id='word_1_77' title='bbox 354 950 501 984; x_wconf 81' lang='lat' dir='ltr'>cursu</span> <span class='ocrx_word' id='word_1_78' title='bbox 532 939 785 985; x_wconf 74' lang='lat' dir='ltr'>traiecerat</span> <span class='ocrx_word' id='word_1_79' title='bbox 813 953 973 986; x_wconf 76' lang='lat' dir='ltr'>aoecm:</span> <span class='ocrx_word' id='word_1_80' title='bbox 1006 940 1122 986; x_wconf 91' lang='lat' dir='ltr'>dum</span> <span class='ocrx_word' id='word_1_81' title='bbox 1147 939 1376 1000; x_wconf 85' lang='lat' dir='ltr'>vicissim,</span> <span class='ocrx_word' id='word_1_82' title='bbox 1399 939 1578 1001; x_wconf 89' lang='lat' dir='ltr'>inquit,</span> <span class='ocrx_word' id='word_1_83' title='bbox 1603 939 1797 988; x_wconf 84' lang='lat' dir='ltr'>fabulas</span> 
     </span>
    </p>

    <p class='ocr_par' dir='ltr' id='par_1_5' title="bbox 0 1008 1799 1220">
     <span class='ocr_line' id='line_1_11' title="bbox 0 1008 1799 1072; baseline 0.001 -14"><span class='ocrx_word' id='word_1_84' title='bbox 0 1008 1 1034; x_wconf 65' lang='lat'><em>³</em></span> <span class='ocrx_word' id='word_1_85' title='bbox 49 1025 91 1058; x_wconf 85' lang='grc' dir='ltr'>ιο</span> <span class='ocrx_word' id='word_1_86' title='bbox 116 1013 400 1071; x_wconf 84' lang='lat' dir='ltr'>conserunt,</span> <span class='ocrx_word' id='word_1_87' title='bbox 438 1012 541 1058; x_wconf 87' lang='lat' dir='ltr'>iam</span> <span class='ocrx_word' id='word_1_88' title='bbox 581 1014 780 1060; x_wconf 87' lang='lat' dir='ltr'>exactus</span> <span class='ocrx_word' id='word_1_89' title='bbox 819 1013 983 1060; x_wconf 86' lang='lat' dir='ltr'>fuerat</span> <span class='ocrx_word' id='word_1_90' title='bbox 1020 1014 1208 1061; x_wconf 89' lang='lat' dir='ltr'>medius</span> <span class='ocrx_word' id='word_1_91' title='bbox 1250 1012 1365 1060; x_wconf 90' lang='lat' dir='ltr'>dies.</span> <span class='ocrx_word' id='word_1_92' title='bbox 1444 1017 1485 1059; x_wconf 81' lang='lat' dir='ltr'>et</span> <span class='ocrx_word' id='word_1_93' title='bbox 1521 1015 1625 1072; x_wconf 81' lang='lat' dir='ltr'>fors</span> <span class='ocrx_word' id='word_1_94' title='bbox 1662 1027 1799 1061; x_wconf 83' lang='lat' dir='ltr'>omne</span> 
     </span>
     <span class='ocr_line' id='line_1_12' title="bbox 114 1085 1794 1146; baseline 0.001 -15"><span class='ocrx_word' id='word_1_95' title='bbox 114 1085 283 1132; x_wconf 84' lang='lat' dir='ltr'>datum</span> <span class='ocrx_word' id='word_1_96' title='bbox 321 1085 564 1132; x_wconf 69' lang='lat' dir='ltr'>traherent</span> <span class='ocrx_word' id='word_1_97' title='bbox 590 1100 684 1145; x_wconf 85' lang='lat' dir='ltr'>per</span> <span class='ocrx_word' id='word_1_98' title='bbox 722 1085 843 1134; x_wconf 78' lang='lat' dir='ltr'>talia</span> <span class='ocrx_word' id='word_1_99' title='bbox 882 1090 1090 1146; x_wconf 76' lang='lat' dir='ltr'>tempus:</span> <span class='ocrx_word' id='word_1_100' title='bbox 1143 1087 1211 1134; x_wconf 90' lang='lat' dir='ltr'>sic</span> <span class='ocrx_word' id='word_1_101' title='bbox 1258 1087 1467 1134; x_wconf 77' lang='lat' dir='ltr'>libenter</span> <span class='ocrx_word' id='word_1_102' title='bbox 1512 1087 1662 1134; x_wconf 86' lang='lat' dir='ltr'>verba</span> <span class='ocrx_word' id='word_1_103' title='bbox 1707 1087 1794 1134; x_wconf 92' lang='lat' dir='ltr'>mi-</span> 
     </span>
     <span class='ocr_line' id='line_1_13' title="bbox 114 1158 1798 1220; baseline 0.001 -14"><span class='ocrx_word' id='word_1_104' title='bbox 114 1158 335 1220; x_wconf 90' lang='lat' dir='ltr'>scebant,</span> <span class='ocrx_word' id='word_1_105' title='bbox 375 1160 432 1205; x_wconf 87' lang='lat' dir='ltr'>ut</span> <span class='ocrx_word' id='word_1_106' title='bbox 470 1159 574 1207; x_wconf 90' lang='lat' dir='ltr'>dies</span> <span class='ocrx_word' id='word_1_107' title='bbox 613 1159 716 1208; x_wconf 89' lang='lat' dir='ltr'>illis</span> <span class='ocrx_word' id='word_1_108' title='bbox 754 1175 853 1207; x_wconf 93' lang='lat' dir='ltr'>non</span> <span class='ocrx_word' id='word_1_109' title='bbox 893 1160 1152 1209; x_wconf 84' lang='lat' dir='ltr'>sufficeret.</span> <span class='ocrx_word' id='word_1_110' title='bbox 1230 1161 1312 1207; x_wconf 83' lang='lat' dir='ltr'>sed</span> <span class='ocrx_word' id='word_1_111' title='bbox 1351 1174 1502 1208; x_wconf 81' lang='lat' dir='ltr'>comes</span> <span class='ocrx_word' id='word_1_112' title='bbox 1548 1161 1798 1208; x_wconf 71' lang='lat' dir='ltr'>admonuit</span> 
     </span>
    </p>

    <p class='ocr_par' dir='ltr' id='par_1_6' title="bbox 24 1232 1796 1296">
     <span class='ocr_line' id='line_1_14' title="bbox 24 1232 1796 1296; baseline 0.002 -17"><span class='ocrx_word' id='word_1_113' title='bbox 24 1247 27 1250; x_wconf 67' lang='grc'><strong>’</strong></span> <span class='ocrx_word' id='word_1_114' title='bbox 114 1232 406 1291; x_wconf 78' lang='lat' dir='ltr'>breviterque</span> <span class='ocrx_word' id='word_1_115' title='bbox 437 1233 612 1294; x_wconf 81' lang='lat' dir='ltr'>adfata</span> <span class='ocrx_word' id='word_1_116' title='bbox 641 1232 829 1295; x_wconf 76' lang='lat' dir='ltr'>Sibylla</span> <span class='ocrx_word' id='word_1_117' title='bbox 862 1239 952 1283; x_wconf 84' lang='lat' dir='ltr'>est:</span> <span class='ocrx_word' id='word_1_118' title='bbox 993 1234 1184 1296; x_wconf 86' lang='lat' dir='ltr'>Sibylla</span> <span class='ocrx_word' id='word_1_119' title='bbox 1223 1249 1346 1295; x_wconf 90' lang='lat' dir='ltr'>quae</span> <span class='ocrx_word' id='word_1_120' title='bbox 1386 1233 1448 1280; x_wconf 87' lang='lat' dir='ltr'>ad</span> <span class='ocrx_word' id='word_1_121' title='bbox 1479 1234 1571 1281; x_wconf 88' lang='lat' dir='ltr'>hoc</span> <span class='ocrx_word' id='word_1_122' title='bbox 1601 1234 1796 1282; x_wconf 83' lang='lat' dir='ltr'>Aeneae</span> 
     </span>
    </p>

    <p class='ocr_par' dir='ltr' id='par_1_7' title="bbox 10 1306 1795 1370">
     <span class='ocr_line' id='line_1_15' title="bbox 10 1306 1795 1370; baseline 0.002 -18"><span class='ocrx_word' id='word_1_123' title='bbox 10 1331 27 1340; x_wconf 65' lang='grc' dir='ltr'>ν</span> <span class='ocrx_word' id='word_1_124' title='bbox 112 1306 276 1354; x_wconf 84' lang='lat' dir='ltr'>fuerat</span> <span class='ocrx_word' id='word_1_125' title='bbox 314 1306 499 1366; x_wconf 87' lang='lat' dir='ltr'>iuncta,</span> <span class='ocrx_word' id='word_1_126' title='bbox 538 1310 595 1355; x_wconf 89' lang='lat' dir='ltr'>ut</span> <span class='ocrx_word' id='word_1_127' title='bbox 631 1309 686 1355; x_wconf 93' lang='lat' dir='ltr'>in</span> <span class='ocrx_word' id='word_1_128' title='bbox 726 1308 954 1356; x_wconf 90' lang='lat' dir='ltr'>omnibus</span> <span class='ocrx_word' id='word_1_129' title='bbox 993 1311 1257 1357; x_wconf 85' lang='lat' dir='ltr'>instrueret</span> <span class='ocrx_word' id='word_1_130' title='bbox 1295 1309 1628 1370; x_wconf 88' lang='lat' dir='ltr'>ignorantem,</span> <span class='ocrx_word' id='word_1_131' title='bbox 1668 1323 1795 1355; x_wconf 87' lang='lat' dir='ltr'>com-</span> 
     </span>
    </p>

    <p class='ocr_par' dir='ltr' id='par_1_8' title="bbox 46 1379 1796 1444">
     <span class='ocr_line' id='line_1_16' title="bbox 46 1379 1796 1444; baseline 0.001 -17"><span class='ocrx_word' id='word_1_132' title='bbox 46 1393 88 1427; x_wconf 73' lang='grc'>15</span> <span class='ocrx_word' id='word_1_133' title='bbox 112 1380 308 1428; x_wconf 88' lang='lat' dir='ltr'>monuit</span> <span class='ocrx_word' id='word_1_134' title='bbox 344 1379 563 1429; x_wconf 87' lang='lat' dir='ltr'>breviter</span> <span class='ocrx_word' id='word_1_135' title='bbox 600 1381 883 1430; x_wconf 89' lang='lat' dir='ltr'>fabularum</span> <span class='ocrx_word' id='word_1_136' title='bbox 921 1383 1126 1444; x_wconf 86' lang='lat' dir='ltr'>prolixis</span> <span class='ocrx_word' id='word_1_137' title='bbox 1164 1381 1461 1430; x_wconf 85' lang='lat' dir='ltr'>tractatibus</span> <span class='ocrx_word' id='word_1_138' title='bbox 1505 1383 1796 1443; x_wconf 85' lang='lat' dir='ltr'>occupatum</span> 
     </span>
    </p>

    <p class='ocr_par' dir='ltr' id='par_1_9' title="bbox 12 1453 1797 1592">
     <span class='ocr_line' id='line_1_17' title="bbox 12 1453 1797 1519; baseline 0.001 -19"><span class='ocrx_word' id='word_1_139' title='bbox 12 1464 14 1466; x_wconf 80' lang='grc'><strong><em>·</em></strong></span> <span class='ocrx_word' id='word_1_140' title='bbox 111 1453 404 1518; x_wconf 82' lang='lat' dir='ltr'>intellegens</span> <span class='ocrx_word' id='word_1_141' title='bbox 435 1457 600 1503; x_wconf 87' lang='lat' dir='ltr'>totum</span> <span class='ocrx_word' id='word_1_142' title='bbox 631 1456 762 1503; x_wconf 91' lang='lat' dir='ltr'>diem</span> <span class='ocrx_word' id='word_1_143' title='bbox 793 1458 846 1504; x_wconf 88' lang='lat' dir='ltr'>in</span> <span class='ocrx_word' id='word_1_144' title='bbox 870 1456 932 1505; x_wconf 92' lang='lat' dir='ltr'>iis</span> <span class='ocrx_word' id='word_1_145' title='bbox 955 1471 1097 1519; x_wconf 89' lang='lat' dir='ltr'>posse</span> <span class='ocrx_word' id='word_1_146' title='bbox 1130 1455 1362 1504; x_wconf 85' lang='lat' dir='ltr'>consumi.</span> <span class='ocrx_word' id='word_1_147' title='bbox 1417 1469 1507 1503; x_wconf 87' lang='lat' dir='ltr'>usa</span> <span class='ocrx_word' id='word_1_148' title='bbox 1539 1456 1613 1502; x_wconf 88' lang='lat' dir='ltr'>est</span> <span class='ocrx_word' id='word_1_149' title='bbox 1643 1455 1797 1518; x_wconf 88' lang='lat' dir='ltr'>igitur</span> 
     </span>
     <span class='ocr_line' id='line_1_18' title="bbox 113 1522 1796 1592; baseline 0 -17"><span class='ocrx_word' id='word_1_150' title='bbox 113 1527 358 1576; x_wconf 84' lang='lat' dir='ltr'>brevitate</span> <span class='ocrx_word' id='word_1_151' title='bbox 390 1529 645 1589; x_wconf 87' lang='lat' dir='ltr'>sermonis,</span> <span class='ocrx_word' id='word_1_152' title='bbox 665 1522 737 1578; x_wconf 70' lang='lat' dir='ltr'>&#39;ne</span> <span class='ocrx_word' id='word_1_153' title='bbox 768 1546 946 1591; x_wconf 87' lang='lat' dir='ltr'>moras,</span> <span class='ocrx_word' id='word_1_154' title='bbox 980 1546 1102 1592; x_wconf 89' lang='lat' dir='ltr'>quas</span> <span class='ocrx_word' id='word_1_155' title='bbox 1132 1544 1381 1577; x_wconf 84' lang='lat' dir='ltr'>removere</span> <span class='ocrx_word' id='word_1_156' title='bbox 1414 1527 1656 1590; x_wconf 87' lang='lat' dir='ltr'>cupiebat,</span> <span class='ocrx_word' id='word_1_157' title='bbox 1686 1530 1796 1590; x_wconf 90' lang='lat' dir='ltr'>ipsa</span> 
     </span>
    </p>

    <p class='ocr_par' dir='ltr' id='par_1_10' title="bbox 14 1601 1796 1666">
     <span class='ocr_line' id='line_1_19' title="bbox 14 1601 1796 1666; baseline 0.001 -18"><span class='ocrx_word' id='word_1_158' title='bbox 14 1659 21 1662; x_wconf 16' lang='grc' dir='ltr'><strong>ξ</strong></span> <span class='ocrx_word' id='word_1_159' title='bbox 111 1601 382 1664; x_wconf 88' lang='lat' dir='ltr'>plurimum</span> <span class='ocrx_word' id='word_1_160' title='bbox 419 1602 666 1666; x_wconf 91' lang='lat' dir='ltr'>loquendo</span> <span class='ocrx_word' id='word_1_161' title='bbox 704 1605 930 1652; x_wconf 84' lang='lat' dir='ltr'>nutriret.</span> <span class='ocrx_word' id='word_1_162' title='bbox 1008 1619 1104 1652; x_wconf 78' lang='lat' dir='ltr'>nox</span> <span class='ocrx_word' id='word_1_163' title='bbox 1141 1606 1253 1659; x_wconf 77' lang='lat' dir='ltr'>ruit,</span> <span class='ocrx_word' id='word_1_164' title='bbox 1291 1601 1474 1656; x_wconf 82' lang='lat' dir='ltr'>Aenea,</span> <span class='ocrx_word' id='word_1_165' title='bbox 1513 1616 1602 1650; x_wconf 75' lang='lat' dir='ltr'>nos</span> <span class='ocrx_word' id='word_1_166' title='bbox 1637 1602 1796 1660; x_wconf 77' lang='lat' dir='ltr'>flendo</span> 
     </span>
    </p>

    <p class='ocr_par' dir='ltr' id='par_1_11' title="bbox 19 1676 1796 1740">
     <span class='ocr_line' id='line_1_20' title="bbox 19 1676 1796 1740; baseline 0.001 -17"><span class='ocrx_word' id='word_1_167' title='bbox 19 1711 22 1713; x_wconf 38' lang='grc'><strong>.</strong></span> <span class='ocrx_word' id='word_1_168' title='bbox 110 1677 334 1724; x_wconf 76' lang='lat' dir='ltr'>ducimus</span> <span class='ocrx_word' id='word_1_169' title='bbox 381 1677 551 1725; x_wconf 80' lang='lat' dir='ltr'>horas:</span> <span class='ocrx_word' id='word_1_170' title='bbox 605 1678 898 1726; x_wconf 85' lang='lat' dir='ltr'>necessitate</span> <span class='ocrx_word' id='word_1_171' title='bbox 952 1677 1212 1740; x_wconf 88' lang='lat' dir='ltr'>conplendi</span> <span class='ocrx_word' id='word_1_172' title='bbox 1266 1679 1403 1725; x_wconf 85' lang='lat' dir='ltr'>actus</span> <span class='ocrx_word' id='word_1_173' title='bbox 1457 1676 1594 1723; x_wconf 88' lang='lat' dir='ltr'>cuius</span> <span class='ocrx_word' id='word_1_174' title='bbox 1648 1690 1796 1724; x_wconf 83' lang='lat' dir='ltr'>eausa</span> 
     </span>
    </p>

    <p class='ocr_par' dir='ltr' id='par_1_12' title="bbox 15 1748 1797 1814">
     <span class='ocr_line' id='line_1_21' title="bbox 15 1748 1797 1814; baseline 0.001 -18"><span class='ocrx_word' id='word_1_175' title='bbox 15 1759 88 1802; x_wconf 60' lang='lat' dir='ltr'>qao</span> <span class='ocrx_word' id='word_1_176' title='bbox 110 1752 349 1798; x_wconf 86' lang='lat' dir='ltr'>venerant</span> <span class='ocrx_word' id='word_1_177' title='bbox 374 1787 950 1801; x_wconf 91' lang='grc'><strong>....................</strong></span> <span class='ocrx_word' id='word_1_178' title='bbox 975 1751 1273 1814; x_wconf 89' lang='lat' dir='ltr'>Deiphobus.</span> <span class='ocrx_word' id='word_1_179' title='bbox 1335 1750 1387 1797; x_wconf 90' lang='lat' dir='ltr'>id</span> <span class='ocrx_word' id='word_1_180' title='bbox 1421 1765 1481 1797; x_wconf 88' lang='lat' dir='ltr'>ne</span> <span class='ocrx_word' id='word_1_181' title='bbox 1515 1748 1578 1796; x_wconf 89' lang='lat' dir='ltr'>ad</span> <span class='ocrx_word' id='word_1_182' title='bbox 1600 1749 1797 1797; x_wconf 83' lang='lat' dir='ltr'>Aeneae</span> 
     </span>
    </p>

    <p class='ocr_par' dir='ltr' id='par_1_13' title="bbox 15 1824 1795 1888">
     <span class='ocr_line' id='line_1_22' title="bbox 15 1824 1795 1888; baseline -0.002 -16"><span class='ocrx_word' id='word_1_183' title='bbox 15 1856 22 1863; x_wconf 65' lang='grc'><strong>»</strong></span> <span class='ocrx_word' id='word_1_184' title='bbox 109 1825 290 1872; x_wconf 87' lang='lat' dir='ltr'>vitium</span> <span class='ocrx_word' id='word_1_185' title='bbox 321 1825 400 1873; x_wconf 85' lang='lat' dir='ltr'>vel</span> <span class='ocrx_word' id='word_1_186' title='bbox 434 1824 655 1887; x_wconf 83' lang='lat' dir='ltr'>Sibyllae</span> <span class='ocrx_word' id='word_1_187' title='bbox 686 1828 972 1888; x_wconf 81' lang='lat' dir='ltr'>pertineret,</span> <span class='ocrx_word' id='word_1_188' title='bbox 1010 1825 1342 1874; x_wconf 89' lang='lat' dir='ltr'>defensionem</span> <span class='ocrx_word' id='word_1_189' title='bbox 1373 1824 1584 1884; x_wconf 86' lang='lat' dir='ltr'>sumpsit</span> <span class='ocrx_word' id='word_1_190' title='bbox 1614 1838 1643 1870; x_wconf 85' lang='lat' dir='ltr'>a</span> <span class='ocrx_word' id='word_1_191' title='bbox 1674 1825 1795 1870; x_wconf 88' lang='lat' dir='ltr'>tem-</span> 
     </span>
    </p>

    <p class='ocr_par' dir='ltr' id='par_1_14' title="bbox 13 1876 1796 1962">
     <span class='ocr_line' id='line_1_23' title="bbox 13 1876 1796 1962; baseline -0.002 -15"><span class='ocrx_word' id='word_1_192' title='bbox 13 1876 30 1958; x_wconf 53' lang='grc'>1</span> <span class='ocrx_word' id='word_1_193' title='bbox 109 1914 229 1960; x_wconf 90' lang='lat' dir='ltr'>pore</span> <span class='ocrx_word' id='word_1_194' title='bbox 269 1900 418 1960; x_wconf 83' lang='lat' dir='ltr'>atque</span> <span class='ocrx_word' id='word_1_195' title='bbox 464 1901 560 1962; x_wconf 88' lang='lat' dir='ltr'>ita,</span> <span class='ocrx_word' id='word_1_196' title='bbox 611 1902 669 1947; x_wconf 86' lang='lat' dir='ltr'>ut</span> <span class='ocrx_word' id='word_1_197' title='bbox 713 1900 840 1948; x_wconf 85' lang='lat' dir='ltr'>hanc</span> <span class='ocrx_word' id='word_1_198' title='bbox 878 1916 977 1948; x_wconf 90' lang='lat' dir='ltr'>non</span> <span class='ocrx_word' id='word_1_199' title='bbox 1015 1900 1186 1962; x_wconf 89' lang='lat' dir='ltr'>longo,</span> <span class='ocrx_word' id='word_1_200' title='bbox 1225 1903 1284 1946; x_wconf 92' lang='lat' dir='ltr'>ut</span> <span class='ocrx_word' id='word_1_201' title='bbox 1323 1897 1508 1945; x_wconf 90' lang='lat' dir='ltr'>dictum</span> <span class='ocrx_word' id='word_1_202' title='bbox 1556 1899 1652 1957; x_wconf 86' lang='lat' dir='ltr'>est,</span> <span class='ocrx_word' id='word_1_203' title='bbox 1699 1911 1796 1944; x_wconf 88' lang='lat' dir='ltr'>ser-</span> 
     </span>
    </p>

    <p class='ocr_par' dir='ltr' id='par_1_15' title="bbox 14 1970 1796 2035">
     <span class='ocr_line' id='line_1_24' title="bbox 14 1970 1796 2035; baseline -0.002 -15"><span class='ocrx_word' id='word_1_204' title='bbox 14 1995 24 2034; x_wconf 49' lang='grc'>1</span> <span class='ocrx_word' id='word_1_205' title='bbox 109 1987 254 2021; x_wconf 86' lang='grc'><strong>1110110</strong></span> <span class='ocrx_word' id='word_1_206' title='bbox 293 1972 607 2034; x_wconf 84' lang='lat' dir='ltr'>produceret:</span> <span class='ocrx_word' id='word_1_207' title='bbox 646 1990 758 2035; x_wconf 90' lang='lat' dir='ltr'>nox,</span> <span class='ocrx_word' id='word_1_208' title='bbox 798 1974 885 2035; x_wconf 86' lang='lat' dir='ltr'>ait,</span> <span class='ocrx_word' id='word_1_209' title='bbox 923 1975 1038 2035; x_wconf 87' lang='lat' dir='ltr'>ruit,</span> <span class='ocrx_word' id='word_1_210' title='bbox 1078 1973 1259 2020; x_wconf 89' lang='lat' dir='ltr'>Aenea.</span> <span class='ocrx_word' id='word_1_211' title='bbox 1323 1985 1431 2019; x_wconf 88' lang='grc'><strong>0000</strong></span> <span class='ocrx_word' id='word_1_212' title='bbox 1469 1972 1664 2032; x_wconf 89' lang='lat' dir='ltr'>tempus</span> <span class='ocrx_word' id='word_1_213' title='bbox 1696 1970 1796 2016; x_wconf 86' lang='lat' dir='ltr'>fuit</span> 
     </span>
    </p>

    <p class='ocr_par' dir='ltr' id='par_1_16' title="bbox 16 2035 1792 2109">
     <span class='ocr_line' id='line_1_25' title="bbox 16 2035 1792 2109; baseline -0.002 -15"><span class='ocrx_word' id='word_1_214' title='bbox 16 2035 22 2043; x_wconf 49' lang='lat'><em>¹</em></span> <span class='ocrx_word' id='word_1_215' title='bbox 109 2047 162 2093; x_wconf 89' lang='grc'>111</span> <span class='ocrx_word' id='word_1_216' title='bbox 202 2061 371 2108; x_wconf 88' lang='lat' dir='ltr'>causa,</span> <span class='ocrx_word' id='word_1_217' title='bbox 414 2047 545 2109; x_wconf 92' lang='lat' dir='ltr'>quod</span> <span class='ocrx_word' id='word_1_218' title='bbox 590 2047 695 2096; x_wconf 88' lang='lat' dir='ltr'>labi</span> <span class='ocrx_word' id='word_1_219' title='bbox 740 2063 839 2096; x_wconf 90' lang='lat' dir='ltr'>non</span> <span class='ocrx_word' id='word_1_220' title='bbox 879 2047 1050 2096; x_wconf 90' lang='lat' dir='ltr'>debuit</span> <span class='ocrx_word' id='word_1_221' title='bbox 1086 2050 1288 2109; x_wconf 89' lang='lat' dir='ltr'>propter</span> <span class='ocrx_word' id='word_1_222' title='bbox 1333 2044 1492 2092; x_wconf 88' lang='lat' dir='ltr'>noctis</span> <span class='ocrx_word' id='word_1_223' title='bbox 1538 2044 1792 2092; x_wconf 85' lang='lat' dir='ltr'>incertum.</span> 
     </span>
    </p>

    <p class='ocr_par' dir='ltr' id='par_1_17' title="bbox 43 2117 1796 2258">
     <span class='ocr_line' id='line_1_26' title="bbox 43 2117 1796 2186; baseline -0.002 -20"><span class='ocrx_word' id='word_1_224' title='bbox 43 2131 88 2167; x_wconf 70' lang='lat'>¹5</span> <span class='ocrx_word' id='word_1_225' title='bbox 111 2119 231 2182; x_wconf 89' lang='lat' dir='ltr'>quid</span> <span class='ocrx_word' id='word_1_226' title='bbox 270 2123 402 2168; x_wconf 89' lang='lat' dir='ltr'>enim</span> <span class='ocrx_word' id='word_1_227' title='bbox 447 2121 838 2186; x_wconf 86' lang='lat' dir='ltr'>intellegendum</span> <span class='ocrx_word' id='word_1_228' title='bbox 886 2123 961 2169; x_wconf 89' lang='lat' dir='ltr'>est</span> <span class='ocrx_word' id='word_1_229' title='bbox 1005 2122 1058 2169; x_wconf 93' lang='lat' dir='ltr'>in</span> <span class='ocrx_word' id='word_1_230' title='bbox 1098 2136 1154 2168; x_wconf 90' lang='lat' dir='ltr'>eo</span> <span class='ocrx_word' id='word_1_231' title='bbox 1203 2119 1333 2182; x_wconf 92' lang='lat' dir='ltr'>quod</span> <span class='ocrx_word' id='word_1_232' title='bbox 1380 2117 1506 2164; x_wconf 78' lang='lat' dir='ltr'>dixit</span> <span class='ocrx_word' id='word_1_233' title='bbox 1552 2133 1647 2165; x_wconf 86' lang='lat' dir='ltr'>nox</span> <span class='ocrx_word' id='word_1_234' title='bbox 1692 2117 1796 2164; x_wconf 89' lang='lat' dir='ltr'>ruit</span> 
     </span>
     <span class='ocr_line' id='line_1_27' title="bbox 109 2190 1795 2258; baseline -0.003 -16"><span class='ocrx_word' id='word_1_235' title='bbox 109 2194 207 2242; x_wconf 89' lang='lat' dir='ltr'>nisi</span> <span class='ocrx_word' id='word_1_236' title='bbox 262 2194 394 2256; x_wconf 92' lang='lat' dir='ltr'>quod</span> <span class='ocrx_word' id='word_1_237' title='bbox 446 2194 680 2258; x_wconf 83' lang='lat' dir='ltr'>diximus,</span> <span class='ocrx_word' id='word_1_238' title='bbox 737 2197 853 2258; x_wconf 87' lang='lat' dir='ltr'>quia</span> <span class='ocrx_word' id='word_1_239' title='bbox 901 2196 1005 2243; x_wconf 90' lang='lat' dir='ltr'>sine</span> <span class='ocrx_word' id='word_1_240' title='bbox 1042 2196 1264 2257; x_wconf 89' lang='lat' dir='ltr'>ipsorum</span> <span class='ocrx_word' id='word_1_241' title='bbox 1317 2190 1652 2253; x_wconf 89' lang='lat' dir='ltr'>inpedimento</span> <span class='ocrx_word' id='word_1_242' title='bbox 1698 2206 1795 2238; x_wconf 86' lang='lat' dir='ltr'>nox</span> 
     </span>
    </p>
   </div>
   <div class='ocr_carea' id='block_1_3' title="bbox 7 2045 57 3226">
    <p class='ocr_par' dir='ltr' id='par_1_18' title="bbox 7 2045 57 3226">
     <span class='ocr_line' id='line_1_28' title="bbox 7 2045 57 3226; baseline 0 0"><span class='ocrx_word' id='word_1_243' title='bbox 7 2045 57 3226; x_wconf 95' lang='lat' dir='ltr'> </span> 
     </span>
    </p>
   </div>
   <div class='ocr_carea' id='block_1_4' title="bbox 62 2263 1794 2472">
    <p class='ocr_par' dir='ltr' id='par_1_19' title="bbox 62 2263 1794 2472">
     <span class='ocr_line' id='line_1_29' title="bbox 109 2263 1794 2332; baseline -0.002 -17"><span class='ocrx_word' id='word_1_244' title='bbox 109 2267 280 2316; x_wconf 85' lang='lat' dir='ltr'>eadem</span> <span class='ocrx_word' id='word_1_245' title='bbox 302 2270 471 2317; x_wconf 83' lang='lat' dir='ltr'>venire</span> <span class='ocrx_word' id='word_1_246' title='bbox 494 2285 594 2318; x_wconf 92' lang='lat' dir='ltr'>non</span> <span class='ocrx_word' id='word_1_247' title='bbox 616 2267 847 2332; x_wconf 80' lang='lat' dir='ltr'>poterat?</span> <span class='ocrx_word' id='word_1_248' title='bbox 887 2285 975 2318; x_wconf 90' lang='lat' dir='ltr'>nos</span> <span class='ocrx_word' id='word_1_249' title='bbox 1007 2270 1172 2316; x_wconf 85' lang='lat' dir='ltr'>autem</span> <span class='ocrx_word' id='word_1_250' title='bbox 1204 2266 1363 2315; x_wconf 89' lang='lat' dir='ltr'>fiendo</span> <span class='ocrx_word' id='word_1_251' title='bbox 1395 2264 1617 2312; x_wconf 85' lang='lat' dir='ltr'>ducimus</span> <span class='ocrx_word' id='word_1_252' title='bbox 1649 2263 1794 2312; x_wconf 78' lang='lat' dir='ltr'>horas</span> 
     </span>
     <span class='ocr_line' id='line_1_30' title="bbox 62 2338 1794 2404; baseline -0.002 -16"><span class='ocrx_word' id='word_1_253' title='bbox 62 2343 65 2346; x_wconf 75' lang='grc'>’</span> <span class='ocrx_word' id='word_1_254' title='bbox 108 2341 238 2390; x_wconf 87' lang='grc'><strong>1111110</strong></span> <span class='ocrx_word' id='word_1_255' title='bbox 275 2344 443 2404; x_wconf 87' lang='lat' dir='ltr'>potest</span> <span class='ocrx_word' id='word_1_256' title='bbox 481 2342 743 2392; x_wconf 80' lang='lat' dir='ltr'>admittere</span> <span class='ocrx_word' id='word_1_257' title='bbox 782 2343 1102 2403; x_wconf 87' lang='lat' dir='ltr'>intellectum,</span> <span class='ocrx_word' id='word_1_258' title='bbox 1142 2342 1288 2403; x_wconf 84' lang='lat' dir='ltr'>quasi</span> <span class='ocrx_word' id='word_1_259' title='bbox 1326 2341 1371 2388; x_wconf 86' lang='lat' dir='ltr'>si</span> <span class='ocrx_word' id='word_1_260' title='bbox 1401 2338 1605 2386; x_wconf 82' lang='lat' dir='ltr'>diceret:</span> <span class='ocrx_word' id='word_1_261' title='bbox 1645 2339 1794 2399; x_wconf 81' lang='lat' dir='ltr'>atque</span> 
     </span>
     <span class='ocr_line' id='line_1_31' title="bbox 108 2412 1792 2472; baseline -0.005 -8"><span class='ocrx_word' id='word_1_262' title='bbox 108 2417 303 2464; x_wconf 86' lang='lat' dir='ltr'>utinam</span> <span class='ocrx_word' id='word_1_263' title='bbox 327 2416 518 2466; x_wconf 85' lang='lat' dir='ltr'>actibus</span> <span class='ocrx_word' id='word_1_264' title='bbox 543 2417 810 2466; x_wconf 88' lang='lat' dir='ltr'>commodis</span> <span class='ocrx_word' id='word_1_265' title='bbox 846 2418 935 2464; x_wconf 86' lang='lat' dir='ltr'>aut</span> <span class='ocrx_word' id='word_1_266' title='bbox 956 2415 1165 2464; x_wconf 89' lang='lat' dir='ltr'>utilibus</span> <span class='ocrx_word' id='word_1_267' title='bbox 1188 2412 1485 2463; x_wconf 85' lang='lat' dir='ltr'>teneremur!</span> <span class='ocrx_word' id='word_1_268' title='bbox 1525 2426 1792 2472; x_wconf 77' lang='lat' dir='ltr'>nmquam</span> 
     </span>
    </p>
   </div>
   <div class='ocr_carea' id='block_1_5' title="bbox 108 2499 464 2510">
    <p class='ocr_par' dir='ltr' id='par_1_20' title="bbox 108 2499 464 2510">
     <span class='ocr_line' id='line_1_32' title="bbox 108 2499 464 2510; baseline 0 716"><span class='ocrx_word' id='word_1_269' title='bbox 108 2499 464 2510; x_wconf 95' lang='lat' dir='ltr'> </span> 
     </span>
    </p>
   </div>
   <div class='ocr_carea' id='block_1_6' title="bbox 12 2537 1795 3072">
    <p class='ocr_par' dir='ltr' id='par_1_21' title="bbox 12 2537 1795 3012">
     <span class='ocr_line' id='line_1_33' title="bbox 228 2537 1795 2604; baseline -0.004 -19"><span class='ocrx_word' id='word_1_270' title='bbox 228 2547 254 2585; x_wconf 86' lang='lat'><strong>6</strong></span> <span class='ocrx_word' id='word_1_271' title='bbox 285 2557 416 2587; x_wconf 78' lang='lat' dir='ltr'>ne—</span> <span class='ocrx_word' id='word_1_272' title='bbox 434 2546 457 2585; x_wconf 80' lang='lat'><strong>7</strong></span> <span class='ocrx_word' id='word_1_273' title='bbox 484 2544 644 2600; x_wconf 79' lang='lat' dir='ltr'>posuit</span> <span class='ocrx_word' id='word_1_274' title='bbox 674 2556 761 2586; x_wconf 91' lang='lat' dir='ltr'>om.</span> <span class='ocrx_word' id='word_1_275' title='bbox 788 2542 858 2586; x_wconf 88' lang='lat' dir='ltr'>ed.</span> <span class='ocrx_word' id='word_1_276' title='bbox 1013 2545 1068 2584; x_wconf 97' lang='grc'>10</span> <span class='ocrx_word' id='word_1_277' title='bbox 1100 2543 1375 2585; x_wconf 80' lang='lat' dir='ltr'>consuerunt</span> <span class='ocrx_word' id='word_1_278' title='bbox 1402 2537 1445 2582; x_wconf 89' lang='lat' dir='ltr'><strong>V</strong></span> <span class='ocrx_word' id='word_1_279' title='bbox 1474 2539 1795 2604; x_wconf 48' lang='lat' dir='ltr'>censer-uerterit</span> 
     </span>
     <span class='ocr_line' id='line_1_34' title="bbox 108 2594 1794 2658; baseline -0.004 -13"><span class='ocrx_word' id='word_1_280' title='bbox 108 2601 179 2645; x_wconf 86' lang='lat' dir='ltr'>ed.</span> <span class='ocrx_word' id='word_1_281' title='bbox 209 2601 215 2658; x_wconf 87' lang='grc' dir='ltr'>Ι</span> <span class='ocrx_word' id='word_1_282' title='bbox 248 2602 366 2657; x_wconf 77' lang='lat' dir='ltr'>foris</span> <span class='ocrx_word' id='word_1_283' title='bbox 395 2601 450 2646; x_wconf 91' lang='lat' dir='ltr'>V.</span> <span class='ocrx_word' id='word_1_284' title='bbox 569 2606 623 2646; x_wconf 86' lang='lat'>13</span> <span class='ocrx_word' id='word_1_285' title='bbox 656 2602 719 2646; x_wconf 84' lang='lat' dir='ltr'>ad</span> <span class='ocrx_word' id='word_1_286' title='bbox 748 2601 830 2645; x_wconf 82' lang='lat' dir='ltr'>hoe</span> <span class='ocrx_word' id='word_1_287' title='bbox 859 2600 902 2644; x_wconf 87' lang='lat' dir='ltr'><strong>V</strong></span> <span class='ocrx_word' id='word_1_288' title='bbox 931 2601 1032 2644; x_wconf 81' lang='lat' dir='ltr'>ideo</span> <span class='ocrx_word' id='word_1_289' title='bbox 1063 2599 1134 2643; x_wconf 88' lang='lat' dir='ltr'>ed.</span> <span class='ocrx_word' id='word_1_290' title='bbox 1252 2602 1305 2642; x_wconf 87' lang='grc'>16</span> <span class='ocrx_word' id='word_1_291' title='bbox 1337 2598 1489 2642; x_wconf 79' lang='lat' dir='ltr'>minus</span> <span class='ocrx_word' id='word_1_292' title='bbox 1518 2594 1561 2639; x_wconf 97' lang='lat' dir='ltr'><strong>V</strong></span> <span class='ocrx_word' id='word_1_293' title='bbox 1591 2607 1794 2639; x_wconf 72' lang='lat' dir='ltr'>mtmmts</span> 
     </span>
     <span class='ocr_line' id='line_1_35' title="bbox 109 2654 1795 2722; baseline -0.005 -18"><span class='ocrx_word' id='word_1_294' title='bbox 109 2660 180 2704; x_wconf 88' lang='lat' dir='ltr'>ed.</span> <span class='ocrx_word' id='word_1_295' title='bbox 212 2661 265 2704; x_wconf 80' lang='lat' dir='ltr'>in</span> <span class='ocrx_word' id='word_1_296' title='bbox 295 2661 356 2706; x_wconf 78' lang='lat' dir='ltr'>iis</span> <span class='ocrx_word' id='word_1_297' title='bbox 384 2675 470 2705; x_wconf 89' lang='grc'><strong>1108</strong></span> <span class='ocrx_word' id='word_1_298' title='bbox 502 2662 564 2718; x_wconf 86' lang='lat' dir='ltr'>(m</span> <span class='ocrx_word' id='word_1_299' title='bbox 593 2673 678 2718; x_wconf 88' lang='lat' dir='ltr'>per</span> <span class='ocrx_word' id='word_1_300' title='bbox 708 2660 898 2717; x_wconf 81' lang='lat' dir='ltr'>dittogr.</span> <span class='ocrx_word' id='word_1_301' title='bbox 931 2658 1151 2716; x_wconf 78' lang='lat' dir='ltr'>irrepsit).</span> <span class='ocrx_word' id='word_1_302' title='bbox 1265 2661 1319 2701; x_wconf 93' lang='grc'>10</span> <span class='ocrx_word' id='word_1_303' title='bbox 1350 2657 1472 2700; x_wconf 81' lang='lat' dir='ltr'>inter</span> <span class='ocrx_word' id='word_1_304' title='bbox 1500 2657 1717 2722; x_wconf 54' lang='lat' dir='ltr'>uenerant</span> <span class='ocrx_word' id='word_1_305' title='bbox 1744 2654 1795 2697; x_wconf 78' lang='lat' dir='ltr'>et</span> 
     </span>
     <span class='ocr_line' id='line_1_36' title="bbox 12 2711 1791 2779; baseline -0.006 -14"><span class='ocrx_word' id='word_1_306' title='bbox 12 2754 14 2759; x_wconf 90' lang='lat'>.</span> <span class='ocrx_word' id='word_1_307' title='bbox 42 2757 45 2763; x_wconf 92' lang='lat'><em>.</em></span> <span class='ocrx_word' id='word_1_308' title='bbox 94 2719 374 2776; x_wconf 11' lang='lat' dir='ltr'>rDeiphobus</span> <span class='ocrx_word' id='word_1_309' title='bbox 411 2719 584 2764; x_wconf 83' lang='lat' dir='ltr'>lacuna</span> <span class='ocrx_word' id='word_1_310' title='bbox 613 2718 781 2777; x_wconf 83' lang='lat' dir='ltr'>viginti</span> <span class='ocrx_word' id='word_1_311' title='bbox 813 2717 1015 2775; x_wconf 76' lang='lat' dir='ltr'>amplius</span> <span class='ocrx_word' id='word_1_312' title='bbox 1046 2717 1308 2762; x_wconf 86' lang='lat' dir='ltr'>litterarum</span> <span class='ocrx_word' id='word_1_313' title='bbox 1340 2715 1388 2759; x_wconf 88' lang='lat' dir='ltr'>in</span> <span class='ocrx_word' id='word_1_314' title='bbox 1420 2714 1462 2758; x_wconf 96' lang='lat' dir='ltr'><strong>V</strong></span> <span class='ocrx_word' id='word_1_315' title='bbox 1493 2726 1559 2757; x_wconf 88' lang='grc'>810</span> <span class='ocrx_word' id='word_1_316' title='bbox 1590 2711 1687 2756; x_wconf 80' lang='lat' dir='ltr'>fere</span> <span class='ocrx_word' id='word_1_317' title='bbox 1717 2724 1791 2779; x_wconf 62' lang='lat' dir='ltr'>ex-</span> 
     </span>
     <span class='ocr_line' id='line_1_37' title="bbox 12 2769 1791 2842; baseline -0.004 -21"><span class='ocrx_word' id='word_1_318' title='bbox 12 2811 14 2821; x_wconf 77' lang='grc'>,</span> <span class='ocrx_word' id='word_1_319' title='bbox 51 2827 58 2838; x_wconf 21' lang='grc' dir='ltr'>ἱ</span> <span class='ocrx_word' id='word_1_320' title='bbox 105 2777 302 2835; x_wconf 81' lang='lat' dir='ltr'>plenda:</span> <span class='ocrx_word' id='word_1_321' title='bbox 335 2779 537 2837; x_wconf 73' lang='lat' dir='ltr'>louyiore</span> <span class='ocrx_word' id='word_1_322' title='bbox 558 2792 759 2824; x_wconf 74' lang='lat' dir='ltr'>sermone</span> <span class='ocrx_word' id='word_1_323' title='bbox 776 2776 1043 2834; x_wconf 65' lang='lat' dir='ltr'>prohibetur</span> <span class='ocrx_word' id='word_1_324' title='bbox 1074 2778 1271 2834; x_wconf 75' lang='lat' dir='ltr'>(Aeneas</span> <span class='ocrx_word' id='word_1_325' title='bbox 1299 2788 1393 2820; x_wconf 75' lang='lat' dir='ltr'>non</span> <span class='ocrx_word' id='word_1_326' title='bbox 1423 2770 1664 2842; x_wconf 60' lang='lat' dir='ltr'>respondet</span> <span class='ocrx_word' id='word_1_327' title='bbox 1680 2769 1791 2814; x_wconf 72' lang='lat' dir='ltr'>Den-</span> 
     </span>
     <span class='ocr_line' id='line_1_38' title="bbox 13 2829 1792 2900; baseline -0.006 -17"><span class='ocrx_word' id='word_1_328' title='bbox 13 2859 15 2862; x_wconf 49' lang='lat'><em>⁴</em></span> <span class='ocrx_word' id='word_1_329' title='bbox 47 2836 50 2839; x_wconf 71' lang='grc'>’</span> <span class='ocrx_word' id='word_1_330' title='bbox 101 2837 250 2894; x_wconf 74' lang='lat' dir='ltr'>phebo</span> <span class='ocrx_word' id='word_1_331' title='bbox 281 2837 385 2895; x_wconf 86' lang='lat' dir='ltr'>ed.).</span> <span class='ocrx_word' id='word_1_332' title='bbox 414 2839 423 2895; x_wconf 82' lang='grc' dir='ltr'>Ι</span> <span class='ocrx_word' id='word_1_333' title='bbox 447 2839 558 2895; x_wconf 77' lang='lat' dir='ltr'>post</span> <span class='ocrx_word' id='word_1_334' title='bbox 586 2837 852 2894; x_wconf 73' lang='lat' dir='ltr'>Deiphobus</span> <span class='ocrx_word' id='word_1_335' title='bbox 882 2836 931 2879; x_wconf 89' lang='lat' dir='ltr'>in</span> <span class='ocrx_word' id='word_1_336' title='bbox 961 2835 1004 2880; x_wconf 92' lang='lat' dir='ltr'><strong>V</strong></span> <span class='ocrx_word' id='word_1_337' title='bbox 1035 2835 1245 2891; x_wconf 76' lang='lat' dir='ltr'>sequitur</span> <span class='ocrx_word' id='word_1_338' title='bbox 1275 2834 1324 2877; x_wconf 79' lang='lat' dir='ltr'>id</span> <span class='ocrx_word' id='word_1_339' title='bbox 1353 2845 1411 2877; x_wconf 76' lang='lat' dir='ltr'>ne</span> <span class='ocrx_word' id='word_1_340' title='bbox 1441 2831 1620 2900; x_wconf 74' lang='lat' dir='ltr'>(mepta</span> <span class='ocrx_word' id='word_1_341' title='bbox 1649 2829 1792 2873; x_wconf 85' lang='lat' dir='ltr'>mter-</span> 
     </span>
     <span class='ocr_line' id='line_1_39' title="bbox 43 2889 1743 2958; baseline -0.006 -17"><span class='ocrx_word' id='word_1_342' title='bbox 43 2901 45 2903; x_wconf 80' lang='grc'>’</span> <span class='ocrx_word' id='word_1_343' title='bbox 105 2909 206 2953; x_wconf 76' lang='lat' dir='ltr'>poe.</span> <span class='ocrx_word' id='word_1_344' title='bbox 233 2896 336 2953; x_wconf 85' lang='lat' dir='ltr'>ed.).</span> <span class='ocrx_word' id='word_1_345' title='bbox 370 2914 375 2919; x_wconf 58' lang='lat'><em>⁷</em></span> <span class='ocrx_word' id='word_1_346' title='bbox 489 2901 544 2941; x_wconf 80' lang='lat'>21</span> <span class='ocrx_word' id='word_1_347' title='bbox 579 2897 648 2941; x_wconf 86' lang='lat' dir='ltr'>vel</span> <span class='ocrx_word' id='word_1_348' title='bbox 676 2896 767 2941; x_wconf 83' lang='lat' dir='ltr'>sibi</span> <span class='ocrx_word' id='word_1_349' title='bbox 796 2899 840 2940; x_wconf 75' lang='grc' dir='ltr'><strong><em>ῑὲ</em></strong></span> <span class='ocrx_word' id='word_1_350' title='bbox 869 2894 912 2938; x_wconf 89' lang='lat' dir='ltr'><strong>V</strong></span> <span class='ocrx_word' id='word_1_351' title='bbox 942 2895 1011 2939; x_wconf 77' lang='lat' dir='ltr'>vel</span> <span class='ocrx_word' id='word_1_352' title='bbox 1040 2894 1187 2951; x_wconf 73' lang='lat' dir='ltr'>ipsius</span> <span class='ocrx_word' id='word_1_353' title='bbox 1217 2893 1288 2937; x_wconf 87' lang='lat' dir='ltr'>ed.</span> <span class='ocrx_word' id='word_1_354' title='bbox 1319 2892 1389 2937; x_wconf 79' lang='lat' dir='ltr'>vel</span> <span class='ocrx_word' id='word_1_355' title='bbox 1417 2889 1617 2958; x_wconf 43' lang='lat' dir='ltr'>&amp;by-Hae</span> <span class='ocrx_word' id='word_1_356' title='bbox 1646 2899 1743 2932; x_wconf 86' lang='grc'><strong>1108.</strong></span> 
     </span>
     <span class='ocr_line' id='line_1_40' title="bbox 101 2945 1745 3012; baseline -0.005 -12"><span class='ocrx_word' id='word_1_357' title='bbox 101 2956 329 3011; x_wconf 75' lang='lat' dir='ltr'>pertinere</span> <span class='ocrx_word' id='word_1_358' title='bbox 358 2954 402 2999; x_wconf 93' lang='lat' dir='ltr'><strong>V</strong></span> <span class='ocrx_word' id='word_1_359' title='bbox 429 2955 660 3001; x_wconf 78' lang='lat' dir='ltr'>videretwr</span> <span class='ocrx_word' id='word_1_360' title='bbox 691 2954 797 2999; x_wconf 78' lang='lat' dir='ltr'>add.</span> <span class='ocrx_word' id='word_1_361' title='bbox 823 2954 894 2999; x_wconf 89' lang='lat' dir='ltr'>ed.</span> <span class='ocrx_word' id='word_1_362' title='bbox 921 2953 1168 3012; x_wconf 72' lang='lat' dir='ltr'>pertineret</span> <span class='ocrx_word' id='word_1_363' title='bbox 1196 2966 1294 2996; x_wconf 77' lang='lat' dir='ltr'>nos.</span> <span class='ocrx_word' id='word_1_364' title='bbox 1401 2953 1458 2995; x_wconf 78' lang='lat'>28</span> <span class='ocrx_word' id='word_1_365' title='bbox 1486 2962 1528 2994; x_wconf 71' lang='lat' dir='ltr'>st</span> <span class='ocrx_word' id='word_1_366' title='bbox 1560 2960 1647 2992; x_wconf 87' lang='lat' dir='ltr'>om.</span> <span class='ocrx_word' id='word_1_367' title='bbox 1673 2945 1745 2991; x_wconf 80' lang='lat' dir='ltr'>ed.</span> 
     </span>
    </p>

    <p class='ocr_par' dir='ltr' id='par_1_22' title="bbox 14 3010 1340 3072">
     <span class='ocr_line' id='line_1_41' title="bbox 14 3010 1340 3072; baseline -0.005 -12"><span class='ocrx_word' id='word_1_368' title='bbox 14 3020 16 3060; x_wconf 83' lang='lat' dir='ltr'>i</span> <span class='ocrx_word' id='word_1_369' title='bbox 107 3014 171 3058; x_wconf 79' lang='lat' dir='ltr'>ad</span> <span class='ocrx_word' id='word_1_370' title='bbox 200 3028 330 3072; x_wconf 75' lang='lat' dir='ltr'>quem</span> <span class='ocrx_word' id='word_1_371' title='bbox 359 3014 403 3059; x_wconf 96' lang='lat' dir='ltr'><strong>V</strong></span> <span class='ocrx_word' id='word_1_372' title='bbox 426 3014 498 3059; x_wconf 88' lang='lat' dir='ltr'>ed.</span> <span class='ocrx_word' id='word_1_373' title='bbox 531 3020 666 3071; x_wconf 80' lang='lat' dir='ltr'>atque</span> <span class='ocrx_word' id='word_1_374' title='bbox 693 3027 779 3058; x_wconf 88' lang='grc'><strong>1108</strong></span> <span class='ocrx_word' id='word_1_375' title='bbox 810 3011 1035 3071; x_wconf 80' lang='lat' dir='ltr'>(inversus</span> <span class='ocrx_word' id='word_1_376' title='bbox 1068 3025 1196 3056; x_wconf 85' lang='lat' dir='ltr'>error</span> <span class='ocrx_word' id='word_1_377' title='bbox 1224 3010 1340 3066; x_wconf 82' lang='lat'>509).</span> 
     </span>
    </p>
   </div>
   <div class='ocr_carea' id='block_1_7' title="bbox 1347 3082 1435 3127">
    <p class='ocr_par' dir='ltr' id='par_1_23' title="bbox 1347 3082 1435 3127">
     <span class='ocr_line' id='line_1_42' title="bbox 1347 3082 1435 3127; baseline 0.011 -1"><span class='ocrx_word' id='word_1_378' title='bbox 1347 3082 1435 3127; x_wconf 78' lang='lat'>37⁸</span> 
     </span>
    </p>
   </div>
  </div>
 </body>
</html>
