2014 3226
786 149 910 192 AEN
914 149 1089 194 EIDOS
1122 150 1164 192 Π
1724 152 1826 203 165

132 293 397 339 videretur.
475 291 685 352 denique
732 294 847 351 post
893 291 985 338 hoc
1034 291 1171 337 velut
1217 291 1405 337 factum
1452 292 1583 338 ultro
1625 308 1736 338 eum
1776 308 1827 339 se

133 368 326 413 constat
372 364 655 426 pastoribus
703 363 955 411 obtulisse.
1040 366 1084 410 si
1129 365 1273 422 forte,
1329 366 1516 425 inquit,
1571 365 1826 419 dede'ssent,

132 455 216 487 nec
270 440 387 486 milei
443 441 542 486 iam
587 440 810 497 patriam
865 439 1118 496 antiquam
1171 452 1280 498 spes
1332 439 1438 485 ulla
1491 440 1688 486 videndi
1744 454 1828 486 nec

54 554 55 557 ,
131 514 286 560 dulcis
338 517 478 560 natos
534 515 896 571 eoeoptatumque
943 515 1219 571 parentem„
1283 526 1402 570 quos
1462 512 1536 560 illi
1595 515 1702 573 fors
1762 514 1828 560 ad

86 605 107 635 5
123 602 312 646 poenas
351 587 407 634 ob
448 590 614 633 nostra
653 589 898 645 reposcent
937 587 1117 645 effuyia
1158 589 1200 632 et
1237 586 1430 645 culpam
1459 587 1585 634 hanc
1613 589 1808 634 misero·
1833 591 1917 629 140

131 677 242 708 rum
292 665 441 708 morte
485 660 720 720 piabunt:
783 659 1189 707 deliberationem
1245 675 1385 708 suam
1447 660 1613 723 fingit,
1677 677 1827 722 quam

132 735 271 782 velut
311 736 363 781 in
403 734 523 798 fuga
563 735 754 794 positus
795 733 983 781 habuit.
1056 735 1368 795 constitutus,
1402 734 1581 795 inquit,
1614 737 1665 781 in
1706 735 1828 782 late·

130 809 232 856 bris
272 809 394 856 haec
434 824 546 855 cum
586 809 751 855 animo
794 823 900 855 meo
942 807 1224 855 volvebam:
1278 808 1589 856 commodum
1630 808 1829 870 quidem

133 883 285 929 saluti
324 898 463 930 meae
503 882 624 941 fore,
658 883 700 929 si
740 882 1038 946 navigarent
1073 882 1151 928 illi
1184 897 1307 943 quos
1340 883 1579 945 fugeram,
1614 882 1829 930 sciebam

66 974 107 1004 ιο
132 958 263 1003 6111111
310 973 386 1003 1116
436 958 486 1003 et
532 956 718 1016 inquiri
770 971 914 1017 posse
970 959 1019 1003 et
1073 955 1285 1003 forsitan
1339 956 1570 1017 reperiri,
1627 960 1830 1018 propter

132 1031 529 1078 incolumitatem
585 1033 751 1076 autem
806 1045 969 1077 meam
1022 1030 1116 1077 hoc
1170 1046 1275 1077 esse
1326 1034 1489 1077 tutum
1540 1033 1828 1078 existimans

132 1104 368 1165 optabam
415 1108 471 1151 ut
517 1105 834 1167 navigarent,
890 1106 944 1151 at
990 1119 1047 1150 ex
1096 1103 1253 1151 altera
1310 1107 1451 1165 parte
1508 1105 1829 1152 occurrebant

131 1179 289 1225 multa
319 1180 582 1238 omniaque
616 1176 823 1225 adversa
856 1181 906 1225 et
939 1178 1061 1225 satis
1094 1178 1218 1225 dura
1249 1178 1372 1224 mihi
1406 1182 1554 1239 atque
1586 1180 1829 1226 luctuosa.

130 1254 290 1314 primo
341 1254 524 1313 quippe
573 1251 857 1314 cogitabam
905 1267 1177 1313 numquam
1224 1269 1301 1298 me
1350 1254 1573 1300 visurum
1611 1254 1829 1314 patriam

25 1333 33 1340 ‘
66 1343 106 1374 15
132 1328 405 1387 antiquam.
484 1329 572 1373 aut
611 1341 846 1388 magnam
885 1325 1012 1372 dixit
1053 1327 1339 1387 antiquam,
1379 1330 1438 1374 ut
1478 1327 1589 1374 aliis
1631 1343 1828 1389 quoque

130 1402 182 1447 in
229 1401 350 1448 locis
398 1402 590 1462 posuit,
638 1404 724 1447 aut
771 1401 910 1447 cuius
959 1398 1209 1448 adfectum
1250 1400 1553 1449 diuturnitas
1593 1401 1829 1462 temporis

132 1490 188 1522 ac
227 1476 462 1521 meritum
503 1475 857 1522 cumulaverat.
928 1489 1017 1520 nec
1058 1474 1216 1522 dulcis
1257 1477 1400 1522 natos
1441 1477 1829 1537 exoptatumque

130 1551 410 1610 parentem,
458 1563 584 1609 quos
630 1549 708 1595 illi
754 1550 883 1595 forte
933 1547 997 1595 ad
1034 1564 1219 1610 poenas
1260 1549 1321 1595 ob
1361 1551 1532 1596 nostra
1570 1552 1831 1611 reposcent

132 1622 313 1685 effugia
353 1626 403 1670 et
443 1623 642 1684 culpam
680 1622 808 1669 hanc
840 1623 1130 1670 miserorum
1164 1626 1323 1669 morte
1356 1623 1591 1684 piabunt:
1633 1623 1830 1687 singula

66 1713 108 1743 ρο
132 1696 341 1759 singulis
397 1696 555 1757 dedit,
610 1698 829 1758 patriam
880 1696 1007 1743 dixit
1054 1696 1334 1759 antiquam,
1382 1699 1526 1746 natos
1575 1697 1732 1744 dulcis
1781 1702 1831 1744 et

133 1773 420 1833 exoptatum
474 1774 681 1832 patrem.
761 1785 930 1818 sensus
978 1771 1123 1818 istius
1174 1771 1271 1818 loci
1326 1772 1395 1818 sic
1450 1772 1724 1835 colligitur:
1788 1771 1830 1819 si

131 1846 452 1908 navigassent
492 1843 682 1905 Graeci,
721 1840 899 1906 †quod
939 1860 1030 1892 nec
1060 1847 1279 1906 patriam
1311 1847 1508 1893 visurus
1541 1848 1670 1893 esset
1701 1847 1829 1893 anti-

131 1934 283 1980 quam
322 1934 411 1966 nec
443 1921 588 1967 natos
621 1918 778 1966 dulcis
811 1935 899 1966 nec
930 1921 1126 1980 patrem
1151 1922 1461 1980 exoptatum,
1494 1935 1631 1981 spem
1665 1925 1830 1967 autem

132 2007 386 2041 occurrere
433 1993 654 2054 peiorem
702 1993 986 2040 coniectura
1034 1995 1261 2041 currente
1301 1993 1435 2055 quod
1474 1993 1553 2040 illi
1593 1996 1830 2042 commoti

27 2105 31 2107 1
66 2081 108 2114 25
133 2082 191 2114 ex
228 2068 349 2131 fuga
389 2069 494 2114 eius
535 2067 744 2115 occisuri
783 2069 946 2115 essent
987 2067 1146 2114 omnis
1188 2070 1237 2114 et
1274 2068 1368 2115 hoc
1407 2069 1595 2115 factum
1626 2070 1830 2116 misero-

130 2158 243 2188 rum
289 2141 497 2189 interitu
542 2142 816 2202 pensaturi,
885 2141 1097 2203 piabunt
1136 2143 1303 2188 autem
1343 2143 1621 2190 necessario
1661 2142 1830 2204 posuit

130 2218 336 2276 propter
387 2215 643 2276 piaculum
690 2213 822 2277 quod
868 2215 1106 2278 fugiendo
1155 2215 1425 2264 admiserat
1472 2218 1521 2263 et
1569 2215 1831 2278 deceperat

71 2344 74 2346 v
131 2291 478 2337 necessitatem
516 2292 724 2351 propter
763 2304 914 2350 quam
952 2289 1157 2337 victima
1195 2289 1483 2351 parabatur.
1542 2290 1663 2338 haec
1697 2290 1830 2338 diota

133 2366 265 2423 sunt,
304 2365 360 2410 ut
399 2364 567 2411 omnia
607 2378 734 2424 quae
773 2364 939 2411 fuerat
977 2364 1215 2411 mentitus
1248 2363 1562 2412 confirmaret
1593 2380 1650 2411 ac
1682 2364 1830 2412 facile

31 2451 111 2501 ,ao
133 2436 386 2485 crederent
425 2437 629 2485 Troiani
675 2452 794 2485 vera
842 2451 947 2485 esse
994 2437 1286 2486 confessum.
1364 2439 1492 2497 quod
1538 2441 1581 2485 ie
1618 2453 1712 2498 per
1750 2454 1830 2486 su-

124 2525 270 2572 peros
315 2515 358 2559 et
403 2512 594 2559 conscia
639 2512 849 2559 numina
894 2513 1017 2566 veri,
1057 2525 1152 2572 per
1196 2513 1240 2559 si
1278 2526 1377 2570 qua
1416 2514 1486 2560 est
1522 2526 1646 2571 quae
1682 2516 1832 2561 restat

134 2584 291 2632 adhuc
343 2584 631 2632 mortalibus
681 2599 892 2645 usquam
944 2587 1231 2634 ‘intemerata
1283 2585 1406 2644 fides
1452 2599 1557 2642 ονο,
1604 2587 1832 2680 miserete

252 2730 279 2768 2
311 2726 464 2782 inquit
495 2739 584 2770 om.
611 2725 682 2769 ed.
829 2730 856 2768 8
888 2740 990 2770 cum
1021 2728 1070 2770 et
1100 2740 1195 2770 meo
1226 2740 1314 2770 om.
1341 2726 1413 2770 ed.
1466 2729 1473 2783 Ι
1529 2727 1710 2782 quidem
1741 2727 1829 2772 LR

133 2784 298 2840 quippe
329 2784 400 2828 ed.
504 2789 558 2828 13
591 2790 726 2841 atque
756 2783 843 2827 LR
874 2789 916 2828 et
947 2785 1018 2828 ed.
1117 2790 1172 2828 15
1204 2791 1287 2830 aut
1317 2800 1375 2828 m.
1400 2786 1444 2829 d.
1471 2787 1712 2842 antiquam
1744 2786 1830 2831 LR

133 2844 373 2902 antiquam
403 2848 555 2887 autem
585 2850 668 2888 aut
700 2858 755 2887 m.
790 2844 833 2888 d.
867 2844 940 2887 ed.
1063 2849 1118 2887 22
1150 2846 1260 2900 post
1294 2845 1461 2889 Graeci
1492 2843 1675 2900 aliquid
1707 2847 1828 2891 exci-

134 2900 258 2956 disse
287 2904 404 2958 puto
437 2902 513 2946 cui
545 2902 815 2959 oppositum
848 2902 911 2947 sit
940 2917 1062 2959 spem
1081 2930 1135 2935 —
1146 2904 1361 2959 peiorem.
1501 2907 1557 2946 23
1588 2918 1707 2960 spem
1742 2906 1828 2951 LR

133 2965 298 3005 metum
328 2960 399 3005 ed.
524 2967 580 3005 24
606 2962 841 3018 peior-abus
871 2962 942 3005 ed.
970 2965 980 3019 1
1013 2975 1125 3019 quos
1155 2962 1226 3006 ed.
1349 2967 1407 3006 30
1438 2976 1538 3007 vere
1568 2963 1638 3007 ed.
