2014 3226
788 171 1092 215 AENEIDOS
1124 171 1187 214 ΙΙΙ
1733 173 1840 224 313

149 313 318 360 dolens
366 314 563 373 ereptae
611 311 704 359 sibi
751 313 939 371 uxoris,
987 328 1166 375 magno
1213 327 1379 359 amore
1419 311 1522 360 eius
1563 312 1840 375 exagitatus

149 387 283 434 ultus
331 388 406 434 est
451 401 500 433 se
550 387 599 433 et
646 385 709 431 ad
748 401 859 432 aras
899 387 1086 445 patrias
1126 387 1383 433 incautum
1422 387 1664 434 mactavit
1704 386 1840 433 adul-

148 463 323 507 terum.
399 460 492 506 hoe
546 459 679 506 facto
734 474 992 518 reynerum
1046 461 1236 507 reddita
1291 461 1427 507 cessit
1466 475 1594 519 pars
1640 460 1839 513 Heleno,

149 536 232 593 qui
265 534 505 582 Chaonios
544 535 820 593 eoqnonzine
860 547 1052 591 campos
1089 533 1448 593 Chaoniamque
1487 548 1672 581 omnem
1707 534 1827 581 Tro·
1845 539 1931 577 335

105 624 124 656 5
149 610 263 655 ‘ian-0
295 623 326 655 a
363 607 554 655 Chaone
587 607 722 654 dixit.
786 622 893 654 eece
934 608 1129 654 rettulit
1171 623 1266 667 quo
1300 607 1470 655 ordine
1504 608 1566 654 ad
1597 607 1843 655 Helenum

150 683 300 729 etiam
354 682 495 744 regni
548 683 770 743 potestas
825 682 1126 742 pervenerit,
1188 697 1286 742 qua
1340 684 1538 744 sumpta
1594 682 1841 729 adfectum

147 757 367 803 retinens
406 757 600 817 patriae
640 755 842 818 gentilis
882 757 1086 816 propter
1124 757 1397 816 praesentis
1436 756 1674 816 temporis
1715 757 1840 803 sola·

150 831 280 876 eium
329 832 379 877 et
424 830 654 891 plurimis
702 830 823 877 locis
871 829 1088 876 Troiana
1137 829 1322 876 indidit
1371 831 1573 877 nomina
1621 832 1670 878 et
1715 830 1842 878 hane

19 562 26 717 ww...-

148 906 335 951 terram
376 902 649 951 Chaoniam
689 903 813 950 dixit
851 904 1055 964 propter
1092 904 1383 951 memoriam
1424 903 1653 964 Chaonis,
1697 920 1842 965 quem

83 995 125 1026 10
150 979 400 1026 constaret
437 978 589 1026 fuisse
629 978 914 1024 Troianum.
991 976 1324 1037 Perqama-que
1362 978 1671 1037 Iliacamque
1715 980 1844 1038 «ἰαθεὶς

148 1053 274 1099 lianc
313 1052 505 1099 addidit
542 1066 725 1099 arcem:
763 1051 898 1098 ultra
937 1051 1041 1098 eius
1082 1067 1139 1098 ex
1170 1050 1368 1100 Aeneae
1406 1067 1617 1113 persona
1656 1052 1844 1100 dietum

151 1128 224 1173 est
257 1119 348 1191 (49
359 1118 414 1191 7)
443 1125 688 1189 „effigiem
711 1125 901 1172 Xanthi
925 1125 1223 1186 Troiamque
1246 1125 1442 1186 videtis,
1470 1142 1618 1187 quam
1650 1129 1843 1174 vestrae

149 1200 306 1247 fecere
338 1195 546 1247 manus“
577 1201 627 1248 et
665 1215 817 1261 supra
857 1192 1014 1265 (302)
1053 1203 1202 1260 poeta
1242 1199 1368 1247 dixit
1399 1200 1545 1260 „falsi
1578 1199 1844 1248 Simoentis

24 1330 35 1336 -
151 1273 215 1320 ad
268 1274 453 1321 undam
507 1273 703 1322 libabat
758 1274 912 1321 cineri
966 1271 1340 1322 Andromache“
1396 1277 1446 1321 et
1498 1275 1630 1322 infra
1686 1267 1841 1340 (349)

83 1363 126 1396 15
148 1347 343 1395 Aeneas
382 1348 515 1394 idem
554 1348 701 1395 dixit:
741 1346 1028 1409 „proeedo“,
1066 1349 1247 1410 inquit,
1287 1350 1366 1408 „et
1404 1365 1611 1410 parvam
1643 1347 1842 1395 Troiam

149 1422 484 1484 simulataque
530 1424 724 1486 magnis
771 1421 1016 1486 Pergama
1063 1424 1113 1470 et
1159 1424 1382 1470 arentem
1427 1422 1614 1470 Xanthi
1664 1438 1841 1485 eogno-

147 1497 281 1543 mine
318 1497 484 1544 rivum
524 1511 737 1559 agnosco
780 1495 1060 1557 Scaeaeque
1100 1496 1373 1559 amplector
1411 1497 1587 1543 limina
1623 1493 1844 1558 portae“.

148 1571 231 1618 sed
270 1571 356 1618 tibi
395 1572 479 1630 qui
518 1585 716 1619 cursum
755 1572 895 1626 venti,
937 1585 1060 1630 quae
1090 1573 1199 1631 fata
1238 1572 1440 1618 dedere?
1494 1574 1582 1618 aut
1619 1571 1844 1630 quisnam

147 1646 378 1704 mnarum
408 1647 589 1692 nostris
620 1645 738 1692 deus
769 1645 963 1705 appulit
992 1646 1125 1692 oris?
1179 1647 1227 1693 et
1259 1645 1560 1707 gratulantis
1593 1644 1651 1691 de
1684 1644 1844 1692 salute

82 1734 126 1766 20
151 1734 208 1766 ae
246 1718 307 1766 de
347 1719 564 1767 adventu
604 1720 709 1766 eius
748 1718 1000 1780 insperato
1049 1721 1124 1767 est
1169 1719 1267 1767 ista
1311 1734 1406 1767 vox
1453 1721 1503 1766 et
1546 1718 1843 1780 inquirentis

152 1793 272 1854 quid
309 1794 475 1855 ipsum
512 1794 800 1854 provenerit
835 1808 965 1840 casu.
1029 1792 1234 1842 dicendo
1268 1793 1377 1854 quis
1409 1792 1543 1852 deus,
1577 1792 1662 1854 qui
1692 1793 1845 1852 venti,

151 1882 278 1928 quae
331 1867 439 1914 fata
494 1866 712 1915 ostendit
765 1867 990 1915 divinum
1044 1868 1264 1916 extitisse
1316 1866 1608 1915 beneficium
1661 1868 1718 1913 ut
1766 1866 1845 1913 illi

149 1940 353 1988 Aenean
391 1941 559 1989 videre
601 1942 880 2006 contigerit.
958 1943 1077 2002 qwtd
1105 1956 1236 2002 puer
1266 1939 1549 1990 Ascanius?
1586 1944 1846 2000 superatne

31 2075 35 2078 q
151 2018 194 2062 et
231 2017 437 2062 vescitur
475 2016 637 2065 awra?
684 2030 823 2076 quem
862 2016 949 2064 tibi
985 2017 1088 2063 iam
1130 2016 1305 2063 Troia:
1342 2015 1575 2078 religiose
1614 2013 1830 2076 quaesiit
1847 2017 1934 2057 340

83 2104 126 2137 25
151 2088 211 2136 de
243 2089 402 2136 salute
434 2090 576 2152 pueri
608 2089 695 2151 qui
726 2089 830 2138 eius
864 2092 993 2138 esset
1023 2089 1216 2138 adfinis.
1280 2089 1475 2137 addidit
1506 2103 1654 2149 ecqua
1685 2091 1843 2136 tamen

141 2177 300 2223 puero
340 2166 409 2211 est
446 2166 656 2212 amissae
694 2179 815 2212 eura
844 2165 1103 2224 parentis?
1171 2163 1284 2225 plus
1323 2164 1456 2210 enim
1493 2164 1637 2225 pueri
1676 2165 1845 2210 amant

151 2239 358 2299 matres,
398 2237 583 2286 ideirco
623 2237 842 2300 quaesiit
880 2239 1095 2300 quantus
1137 2239 1183 2284 ei
1222 2237 1364 2285 dolor
1402 2238 1532 2285 esset
1570 2236 1631 2285 ob
1669 2236 1844 2284 matris

28 2315 40 2359 3
151 2312 481 2361 amissionem.
548 2311 717 2372 ecquid
746 2313 799 2360 isn
830 2314 1084 2372 antiquam
1113 2313 1338 2360 virtutem
1368 2313 1650 2371 animosque
1687 2311 1846 2358 virilis

151 2389 195 2433 et
221 2389 369 2446 pater
405 2384 602 2435 Aeneas
641 2389 685 2434 et
721 2387 996 2435 avunculus
1033 2387 1207 2434 excitat
1243 2386 1456 2433 Hector?
1519 2387 1845 2447 posteaquam

271 2515 297 2554 2
329 2525 374 2555 se
405 2525 494 2556 om.
521 2512 592 2556 ed.
707 2515 821 2556 7-8
853 2512 1073 2556 solacium
1104 2516 1145 2555 et
1175 2511 1262 2554 LR
1293 2517 1334 2555 et
1365 2525 1453 2555 om.
1481 2511 1551 2555 ed.
1662 2515 1714 2554 11
1748 2511 1846 2554 eius

151 2571 232 2626 (sc.
259 2584 504 2626 personam
536 2570 593 2615 cf.
629 2573 734 2628 248)
766 2572 903 2615 etiam
935 2571 1031 2615 edF
1063 2571 1257 2615 ulterius
1286 2585 1321 2614 r.
1429 2574 1482 2614 12
1515 2571 1631 2614 detis
1662 2569 1748 2612 LR
1777 2570 1843 2613 vi·

151 2629 266 2674 detis
294 2643 380 2674 nos
411 2643 501 2674 om.
526 2630 597 2674 ed.
683 2679 686 2683 ,
765 2635 819 2674 15
853 2631 975 2674 dixit
1005 2629 1091 2672 LR
1121 2629 1193 2674 ed.
1227 2629 1375 2674 deleri
1403 2629 1580 2673 malim.
1631 2630 1637 2685 Ι
1693 2628 1847 2684 inquit

152 2687 239 2730 LR
268 2689 481 2745 inquiens
511 2690 582 2734 ed.
615 2690 770 2746 inquit
798 2694 842 2733 et
870 2703 967 2733 nos.
1093 2693 1147 2732 17
1180 2703 1394 2747 eoqnosco
1426 2689 1498 2733 ed.
1526 2691 1534 2746 Ι
1573 2688 1729 2732 limine
1757 2686 1845 2730 LR

152 2760 268 2791 corr.
300 2748 372 2792 ed.
498 2752 552 2792 18
583 2749 666 2793 ubi
695 2748 738 2792 R
767 2749 853 2793 tibi
882 2763 917 2792 r.
947 2750 953 2805 Ι
992 2747 1135 2792 delere
1165 2747 1252 2792 LR
1282 2748 1440 2792 dedere
1469 2763 1506 2792 r.
1630 2750 1685 2790 19
1717 2747 1843 2802 apol-

51 2846 56 2847 i
131 2806 301 2851 ‘litoris
331 2806 420 2850 LR
450 2821 565 2852 corr.
595 2823 632 2852 r.
790 2811 843 2851 21
877 2808 977 2864 ipso
1007 2822 1043 2851 r.
1095 2809 1101 2864 Ι
1158 2808 1350 2852 dicendo
1379 2806 1468 2850 LR
1497 2812 1539 2850 et
1569 2807 1612 2850 d.
1645 2805 1755 2849 edF.

153 2869 209 2908 22
241 2866 317 2910 ille
348 2866 435 2910 LR
472 2867 546 2912 illi
575 2882 599 2910 r
630 2867 702 2912 ed.
856 2870 912 2910 24
944 2881 1073 2923 quem
1104 2866 1140 2911 L
1179 2881 1317 2924 quam
1347 2866 1401 2911 R.
1455 2868 1462 2923 Ι
1518 2865 1743 2922 quaesivit
1780 2865 1846 2920 (et

151 2922 292 2982 infm)
325 2925 397 2970 ed.
519 2931 575 2970 25
607 2931 649 2970 et
678 2939 772 2982 qua
801 2925 870 2969 Lr
901 2930 943 2970 et
973 2939 1089 2983 quae
1119 2925 1172 2971 R.
1215 2926 1222 2984 1
1272 2930 1423 2971 tamen
1454 2924 1543 2968 LR.
1572 2937 1845 2981 ecquaenam

153 2983 224 3027 ed.
347 2989 404 3028 28
435 2989 479 3030 et
506 2985 619 3042 quid
649 2985 749 3029 LR.
