2014 3226
772 177 1074 220 AENEIDos
1109 177 1148 219 v
1701 181 1807 232 513

117 318 336 365 dilucide
368 317 622 379 probatur,
663 317 750 378 qui
781 318 832 362 in
867 318 1082 365 alienum
1114 318 1191 364 ius
1229 318 1577 365 auctoritatem
1610 320 1809 366 iubendi

118 391 377 440 exercebat
408 391 694 454 gratulante
729 406 799 448 eo,
833 393 922 452 qui
946 394 1112 453 posset
1135 392 1484 454 contradicere,
1516 393 1612 440 nisi
1636 394 1810 441 fuisset

116 468 171 512 in
212 466 438 513 omnibus
470 465 705 512 liberalis.
767 465 1030 525 indicitque
1060 467 1224 525 forum
1257 469 1299 513 et
1320 467 1550 525 patribus
1581 468 1666 514 dat
1695 469 1809 514 iura

119 542 324 588 vocatis:
362 540 454 587 1100
494 554 590 586 non
624 538 842 597 Acestes,
875 539 959 586 sed
990 538 1208 600 Aeneas3
1247 542 1361 600 post
1400 541 1646 602 expletam
1679 542 1807 588 enim

69 629 91 662 5
116 613 310 661 Acestis
349 612 738 660 benivolentiam
783 613 935 659 rediit
981 613 1043 659 ad
1082 613 1277 660 Aeneae
1326 614 1689 675 dispositiones.
1766 615 1807 662 is

117 689 301 749 quippe
335 688 422 748 qui
457 686 699 734 condebat
737 686 910 733 urbem
951 703 1132 734 novam
1172 686 1342 734 debuit
1380 688 1641 736 instituere
1682 704 1806 750 quae

114 762 372 809 civitatem
403 762 582 824 regant
615 762 663 808 et
695 760 848 821 ipsius
874 761 1230 821 rempublicam
1256 760 1465 822 firment,
1492 763 1594 810 eius
1620 763 1808 810 scilicet

114 838 283 896 patres
323 837 373 882 et
412 835 767 896 municipalem
806 834 978 898 legem.
1057 839 1158 882 tuin
1198 837 1359 883 vicina
1399 838 1545 883 astris
1586 837 1808 896 Erycina

115 911 168 956 in
200 910 371 957 vertice
408 910 541 957 sedes
580 909 824 968 fundatur
873 909 1047 956 Veneri
1086 909 1306 956 Idaliae:
1345 925 1442 957 non
1483 909 1643 958 defuit
1676 925 1791 957 cura
1812 915 1898 956 760

49 999 92 1031 10
115 983 339 1047 religiosi
361 982 447 1044 fili,
479 986 536 1030 ut
559 983 718 1030 futuri
741 982 932 1030 incolae
958 982 1197 1030 haberent
1228 985 1280 1029 in
1314 983 1489 1031 alienis
1522 985 1806 1046 regionibus

117 1059 270 1104 etiam
300 1057 490 1104 Idaliae
515 1056 721 1104 Veneris
761 1057 1016 1118 templum,
1057 1059 1116 1104 ut
1154 1059 1206 1103 in
1240 1056 1412 1104 Sicilia
1452 1058 1669 1106 colerent
1709 1073 1806 1120 quo

114 1130 412 1178 fovebantur
449 1133 500 1178 in
542 1131 705 1178 Troia.
782 1131 1103 1178 constituitur
1132 1132 1290 1194 igitur
1322 1132 1509 1178 excelso
1541 1133 1594 1178 in
1626 1134 1808 1191 monte,

113 1204 279 1266 ipsum
330 1221 526 1266 quoque
571 1205 813 1266 templum
859 1206 967 1252 tam
1017 1205 1239 1264 sublime,
1291 1207 1348 1252 ut
1394 1208 1521 1253 esset
1566 1205 1807 1254 sideribus

8 1327 24 1338 ‚
114 1281 407 1341 proximum.
487 1279 763 1339 tumuloque
799 1279 1025 1326 sacerdos
1057 1294 1115 1327 ac
1146 1279 1282 1326 lucus
1315 1279 1409 1326 late
1439 1294 1576 1327 sacer
1608 1281 1808 1327 additur

46 1368 89 1401 15
114 1351 355 1401 Anchiseo
365 1371 379 1398 .·
405 1353 606 1401 additur
628 1352 704 1400 bis
731 1353 1094 1415 accipiendum:
1120 1352 1320 1400 additur
1344 1353 1583 1414 sacerdos,
1608 1353 1808 1401 additur

113 1428 253 1474 lucus
307 1428 500 1474 tumulo
556 1426 816 1475 Anchiseo.
909 1442 1007 1474 non
1062 1426 1314 1475 custodem
1368 1427 1466 1475 loci
1520 1427 1666 1487 dixit,
1722 1427 1806 1475 sed

114 1500 440 1560 sacerdotem3
496 1501 608 1548 vult
660 1500 790 1548 enim
835 1500 1087 1564 Vergilius
1134 1500 1405 1561 Anchisen,
1460 1503 1517 1548 ut
1571 1501 1800 1562 plurimis

114 1576 236 1623 locis
276 1574 594 1635 ostendimus,
632 1577 763 1622 inter
802 1574 917 1622 deos
958 1576 1222 1622 numerari.

11 1656 22 1696 ἲ
226 1650 432 1708 Iamque
463 1650 566 1697 dies
606 1650 802 1708 epulata
839 1663 1008 1696 novem
1035 1663 1153 1709 qens
1185 1650 1366 1696 omnis:
1412 1650 1461 1696 et
1492 1663 1804 1697 remansuros

16 1739 90 1772 >so
115 1724 263 1771 simul
312 1726 362 1770 et
411 1738 686 1770 recessuros
735 1722 965 1770 debemus
1013 1723 1290 1783 advertere,
1345 1738 1605 1784 possumus
1654 1725 1806 1770 etiam

112 1797 246 1844 idem
285 1799 466 1846 sentire
516 1797 574 1844 de
616 1797 809 1844 Siculis
889 1801 932 1844 et
977 1799 1081 1845 aris
1130 1798 1290 1856 factus
1337 1798 1509 1844 honos:
1563 1796 1807 1844 debebant

0 1879 21 1932 j
111 1873 298 1933 quippe
340 1873 493 1918 etiam
533 1870 604 1918 dii
644 1870 870 1932 adhiberi
907 1887 997 1933 per
1035 1885 1189 1931 sacra,
1230 1872 1286 1917 ut
1323 1870 1471 1918 rebus
1512 1871 1654 1919 novis
1694 1886 1806 1932 pro-

0 1933 23 2011 ¹·
112 1961 315 2006 sperum
355 1946 634 2007 auspicium
673 1945 849 1992 darent
888 1947 938 1992 et
968 1945 1190 1993 favorem
1222 1944 1498 1992 tribuerent
1527 1944 1805 1992 recessuris.

106 2020 297 2079 placidi
334 2023 614 2067 straverunt
644 2033 858 2080 aequora
887 2021 1017 2066 venti
1055 2019 1215 2067 creber
1256 2022 1297 2065 ct
1327 2019 1593 2078 adspirans
1631 2033 1808 2066 rursus

12 2090 25 2126 ἕ*
45 2109 91 2142 25
114 2097 252 2142 vocat
290 2097 453 2141 auster
490 2095 543 2141 in
591 2094 770 2141 altum:
820 2091 1074 2154 dispositis
1122 2091 1348 2140 omnibus
1397 2107 1523 2154 quae
1570 2093 1807 2154 temporis

16 2170 25 2206 Γ
114 2168 380 2215 necessitas
420 2167 647 2232 exigebat
687 2168 737 2214 et
775 2168 988 2228 peractis
1022 2168 1263 2214 conviviis
1304 2182 1393 2229 per
1422 2166 1663 2228 plurimos
1704 2166 1806 2215 dies

14 2257 27 2298 ς
114 2243 218 2289 10111
249 2244 514 2303 coeperant
545 2242 812 2305 suffragari
842 2241 1002 2288 maria
1034 2242 1084 2288 et
1115 2242 1266 2300 venti,
1306 2242 1363 2298 ut
1394 2242 1635 2302 oportune
1667 2241 1807 2288 navi-

111 2317 226 2378 gari
262 2317 520 2378 potuisset.
585 2317 799 2364 emoritur
828 2329 1079 2375 procurva
1117 2316 1287 2376 inqens
1316 2329 1411 2375 per
1450 2315 1596 2362 litora
1636 2315 1791 2373 fletus,
1811 2318 1896 2358 765

14 2301 29 2363 ξ
60 2342 62 2345 ,

14 2366 31 2489 i
235 2461 261 2499 3
294 2457 500 2501 liberales
530 2455 617 2499 LR
649 2470 762 2500 corr.
794 2471 819 2499 1·
850 2455 920 2499 ed.
1066 2459 1092 2499 5
1124 2455 1313 2500 Acestae
1343 2455 1414 2498 ed.
1459 2455 1466 2512 Ι
1514 2455 1585 2499 his
1614 2453 1702 2498 LR
1733 2453 1804 2499 ed.

110 2516 156 2560 is
193 2529 290 2560 nos.
445 2520 470 2559 6
509 2515 761 2559 condebant
790 2515 832 2558 R
863 2515 934 2558 ed.
968 2515 1068 2558 -bat
1105 2529 1128 2557 1.·
1156 2536 1206 2551 =
1233 2514 1281 2557 L.
1437 2518 1460 2557 7
1501 2515 1599 2558 eius
1639 2514 1808 2558 scilicet

112 2575 202 2618 LR
234 2575 304 2618 ed.
338 2580 379 2620 et
408 2576 483 2619 ius
512 2575 680 2619 seilicet
710 2579 780 2618 et?
916 2578 941 2616 9
974 2574 1135 2618 italiae
1164 2573 1218 2617 R.
1378 2577 1551 2616 11-12
1582 2573 1703 2628 quod
1732 2585 1807 2617 vo-

110 2636 336 2678 vebantur
366 2633 452 2677 LR
490 2647 577 2690 quo
614 2634 886 2689 fovebantur
914 2646 998 2676 nos
1041 2633 1162 2689 quod
1191 2633 1398 2677 solebant
1427 2631 1498 2676 ed.
1652 2635 1705 2675 13
1745 2631 1806 2675 si-

116 2694 273 2738 derius
309 2692 358 2737 L.
512 2697 566 2736 15
606 2693 861 2737 Anchisaeo
901 2691 971 2736 ed.
1127 2695 1179 2734 17
1220 2696 1273 2735 ut
1311 2705 1399 2735 om.
1430 2690 1473 2734 R
1511 2689 1618 2734 add.
1649 2704 1685 2734 r.

118 2757 173 2796 21
206 2753 413 2797 debemus
442 2752 528 2795 LR
560 2752 631 2796 ed.
672 2750 879 2796 deberent
908 2765 933 2795 1
970 2752 1102 2795 -bant
1139 2749 1188 2796 r‘.
1341 2755 1396 2794 22
1437 2749 1663 2794 advertere
1699 2750 1807 2805 post

116 2812 255 2856 etiam
283 2810 500 2868 interpol.
534 2810 605 2855 ed.
665 2811 672 2868 1
729 2811 799 2854 dii
829 2810 915 2854 LR
947 2809 1037 2855 duo
1069 2810 1140 2854 ed.
1200 2812 1207 2866 Ι
1263 2810 1394 2854 novis
1424 2821 1689 2865 prosperum
1721 2806 1807 2850 LR

111 2871 345 2927 prosperis
381 2883 548 2914 novum
586 2870 658 2914 011.
811 2873 868 2913 23
908 2869 1154 2915 tribuerint
1183 2868 1233 2913 L.
1385 2870 1560 2911 27-28
1590 2867 1808 2924 naviqari

107 2930 368 2986 potuissent
404 2929 492 2973 LR
529 2943 575 2973 n.
601 2929 825 2986 potuisset
861 2941 946 2972 nos
986 2941 1046 2972 011
1084 2928 1304 2986 naviqare
1331 2927 1615 2984 potuissent?
1674 2926 1808 2970 navi·

112 3002 225 3046 ,qare
247 2994 433 3045 possent
461 2987 533 3032 ed.

207 3071 304 3104 Don.
327 3071 486 3111 interpr.
502 3071 615 3112 verg.
651 3071 726 3103 vol.
741 3071 772 3103 Ι.
1395 3062 1451 3103 33
