2014 3226
171 174 278 226 372
636 172 867 216 DONATI
898 171 1177 215 INTERPR.
1212 171 1388 215 VERG.

170 315 261 362 hoc
301 316 374 360 est
413 314 671 360 mulierem
710 313 934 359 femineis
976 312 1230 358 ornatibus
1272 314 1578 372 occupatam.
1642 315 1860 370 ostroque

85 397 167 434 135
185 390 392 447 insiqnts
440 391 482 433 et
527 401 648 433 auro
694 390 789 433 stat
836 387 1027 444 sonipes
1083 400 1140 432 ac
1191 386 1336 443 frena
1389 387 1525 444 feroce
1577 387 1860 444 spumantia

171 462 383 509 mandit:
418 461 599 522 regalis
630 461 857 520 potentia
883 460 1018 505 omni
1042 475 1218 521 genere
1245 459 1529 506 ambitionis
1554 459 1861 520 exprimitur,

173 538 229 582 ut
266 550 487 596 purpura
528 536 577 581 et
617 549 735 580 auro
775 532 984 594 insignis
1025 548 1180 593 equus
1220 536 1373 580 staret
1413 534 1672 593 opperiens
1705 532 1861 580 domi-

172 626 289 656 nam
327 622 677 669 processuram.
742 608 937 654 tandem
965 607 1279 666 proqreditur
1316 622 1498 666 maqna
1535 609 1744 665 stipante
1783 621 1861 653 ca·
1908 622 1927 654 5
1974 600 1976 638 Ῑ

172 686 330 729 terea:
389 683 637 742 processio
687 682 788 728 eius
837 681 1095 742 cultusque
1144 681 1459 740 describitur,
1515 679 1861 738 deducebatur,

173 758 361 817 inquit,
417 756 606 816 stipata
666 746 850 816 magna
902 756 1137 801 iuvenum
1191 754 1525 801 multitudine.
1609 754 1863 801 Sidoniam

163 833 295 890 picto
343 829 640 888 chlamydem
686 830 986 876 circumdata
1033 829 1198 875 limbo:
1253 828 1432 876 limbus
1471 828 1672 890 regibus
1712 828 1863 888 depu-

172 906 309 950 tatur
356 905 405 950 et
452 903 569 965 diis,
619 904 706 964 qui
752 919 920 951 eorum
967 905 1118 964 caput
1164 902 1372 950 candido
1417 901 1532 950 orbe
1573 901 1861 949 circumdat.

172 979 252 1025 cui
287 978 525 1036 pharetra
573 992 628 1024 ea:
675 991 822 1032 auro,
871 978 1027 1023 crines
1073 978 1320 1024 nodantur
1366 979 1419 1024 in
1459 991 1661 1030 aurum,
1710 990 1864 1022 aurea
1890 991 1930 1022 10

163 1066 474 1111 purpuream
512 1052 745 1098 subnectit
781 1052 937 1109 fibula
974 1054 1171 1098 vestem:
1209 1053 1369 1098 totum
1407 1050 1539 1112 quod
1570 1049 1746 1097 habuit
1778 1051 1866 1096 aut

175 1141 352 1172 aurum
384 1125 480 1172 fuit
513 1127 602 1171 aut
632 1141 854 1186 purpura
884 1125 1116 1186 pretiosa.
1173 1127 1221 1171 et
1249 1124 1359 1172 ideo
1384 1125 1607 1171 tandem:
1641 1124 1710 1172 sic
1734 1125 1866 1170 enim

172 1202 477 1260 processerat
523 1202 580 1246 ut
627 1214 797 1246 amans
846 1201 895 1246 et
942 1215 1067 1259 quae
1115 1199 1310 1259 placere
1360 1200 1559 1258 cuperet
1603 1202 1653 1244 et
1691 1198 1863 1244 amari.

175 1273 423 1333 descripta
471 1275 546 1319 est
584 1272 714 1319 Dido
760 1288 872 1320 cum
911 1274 1036 1320 suis:
1090 1272 1344 1320 videamus
1386 1271 1630 1333 quomodo
1669 1271 1865 1318 Aeneae

88 1353 172 1391 140
189 1347 435 1408 processio
491 1346 870 1394 demonstretur.
948 1360 1033 1393 nec
1085 1362 1183 1394 non
1239 1349 1282 1394 et
1325 1347 1528 1407 Phrysn't
1581 1347 1770 1394 comites
1825 1348 1868 1392 et
1892 1361 1932 1392 15

174 1422 328 1468 laetus
365 1421 512 1467 Iulus
557 1422 806 1476 incedunt,
852 1423 954 1480 ‘ipse
1002 1424 1112 1468 ante
1159 1422 1280 1468 alios
1311 1422 1669 1480 pulcherrimus
1709 1421 1865 1466 omnis

174 1496 323 1554 infert
366 1509 416 1541 se
461 1497 645 1542 socium
681 1492 876 1542 Aeneas
923 1498 1063 1554 atque
1110 1497 1310 1554 aqmina
1357 1496 1534 1554 iunqit:
1596 1510 1694 1542 non
1742 1492 1868 1540 dixit

176 1569 307 1616 solus
355 1568 486 1615 inter
531 1570 717 1616 ceteros
765 1569 862 1616 fuit
909 1568 1101 1616 Aeneas
1149 1569 1416 1628 formosus,
1470 1568 1557 1616 sed
1605 1566 1868 1615 formosior

177 1642 350 1690 ceteris
389 1642 509 1702 fuit,
555 1642 938 1704 pulchritudinis
981 1645 1303 1706 augmentum
1341 1642 1475 1689 facta
1515 1641 1867 1703 conparatione

177 1716 450 1764 cumulavit
490 1733 547 1763 ex
587 1732 643 1763 eo
685 1717 816 1778 quod
855 1732 1038 1776 omnes,
1077 1717 1196 1764 licet
1231 1718 1502 1778 separatim
1532 1715 1868 1778 procedentes,
1893 1730 1935 1762 20

176 1793 342 1838 tamen
389 1791 442 1837 in
488 1807 643 1838 unum
689 1791 911 1838 studium
957 1794 1217 1854 pergentes
1264 1791 1422 1838 iuncti
1467 1793 1604 1850 sunt,
1658 1792 1718 1836 ut
1769 1805 1869 1836 non
1970 1791 1971 1797 ’

179 1863 404 1912 deessent
451 1865 629 1925 quibus
672 1863 866 1912 Aeneas
913 1865 1167 1926 pulchrior
1211 1865 1517 1926 probaretur.
1594 1864 1870 1911 inmittitur

177 1937 432 1998 parabola,
462 1941 520 1985 ut
549 1938 746 1987 Aeneae
784 1940 1032 2000 processio
1069 1941 1343 2001 erigeretur
1373 1940 1425 1986 in
1456 1939 1655 1986 melius:
1694 1938 1878 1997 qualis„

177 2012 262 2058 ubi
305 2013 557 2060 hibernam
593 2013 804 2073 Lyciam
844 2013 1124 2073 Xanthique
1168 2015 1353 2071 fluenta
1398 2013 1571 2060 deserit
1616 2026 1673 2060 ac
1709 2011 1870 2059 Delon
1963 2061 2001 2078 ,Ἴ

92 2089 176 2129 145
193 2088 466 2133 maternam
524 2089 695 2135 invisit
751 2086 929 2146 Apollo
989 2089 1328 2147 ‘instauratque
1388 2088 1578 2140 choros,
1640 2087 1870 2144 mixtique
1893 2100 1946 2141 25·
1979 2075 1986 2087 '

181 2160 364 2207 altaria
395 2161 577 2207 circum
612 2160 862 2220 Cretesque
893 2162 1208 2222 Dryopesque
1246 2162 1463 2220 fremunt
1490 2162 1705 2220 pictique
1735 2157 1869 2219 Aqu-

180 2234 347 2293 thyrsi,
387 2235 489 2293 ipse
526 2236 656 2294 iuqis
698 2234 872 2295 Cynthi
905 2235 1136 2295 qraditur
1173 2236 1396 2294 mollique
1441 2236 1667 2292 fluentem
1711 2235 1870 2293 fronte

171 2308 355 2365 premit
404 2309 585 2355 crinem
637 2310 826 2369 fitnqens
879 2313 1021 2368 atque
1072 2310 1278 2369 inplicat
1329 2323 1474 2364 aure,
1535 2309 1628 2355 tela
1694 2309 1872 2355 sonant
1968 2352 1971 2354 ,

94 2384 179 2424 150
196 2382 398 2428 umeris:
436 2381 559 2428 haut
586 2383 669 2430 illo
699 2385 891 2442 seqnior
920 2384 1024 2431 ibat
1051 2381 1260 2439 Aeneas,
1292 2386 1482 2430 tantum
1513 2383 1695 2441 eqreqio
1727 2381 1870 2429 decus
1957 2400 2000 2435 ,-,;;·

182 2456 323 2501 enitet
360 2469 453 2502 ore.
515 2457 573 2502 ut
603 2455 799 2504 Aeneae
838 2457 1157 2519 pulchritudo
1196 2457 1437 2518 praeferri
1475 2457 1649 2504 ceteris
1688 2455 1869 2516 posset,
1892 2469 1986 2514 am,

182 2527 520 2575 deficientibus
573 2529 803 2578 humanis
859 2531 1094 2593 exemplis
1145 2531 1327 2592 Apollo
1381 2532 1513 2577 inter
1566 2529 1682 2576 deos
1737 2528 1870 2577 solus

304 2687 326 2726 1
360 2685 591 2728 mulierem
623 2698 712 2728 om.
739 2685 810 2728 ed.
940 2691 967 2728 4
998 2701 1100 2731 ecus
1131 2686 1229 2730 LR.
1361 2690 1384 2728 7
1418 2685 1731 2730 multitudinis
1762 2683 1810 2727 L.
1936 2693 1974 2738 ,ἢ

184 2746 210 2784 8
243 2743 508 2787 chlamidem
539 2743 636 2786 LR.
752 2749 804 2787 11
837 2746 920 2799 fila
949 2751 1108 2790 vestem
1139 2745 1189 2790 L.
1314 2749 1366 2788 12
1398 2745 1464 2789 sic
1493 2745 1614 2788 enim
1644 2743 1731 2787 LR
1761 2742 1872 2799 quia
1934 2775 1936 2795 ;

182 2801 248 2844 sic
279 2801 350 2845 ed.
498 2806 552 2846 13
584 2805 738 2847 amari
766 2803 852 2846 LR
883 2810 1057 2850 amaret
1087 2805 1158 2849 ed..
1299 2808 1352 2847 15
1388 2805 1613 2860 processio
1643 2802 1731 2846 LR
1763 2814 1871 2857 pro·
1943 2839 1945 2845 ,
1972 2844 1975 2845 ⁷

185 2873 333 2904 cessus
363 2860 434 2904 ed.
468 2862 534 2918 (et
563 2860 717 2919 infra).
863 2867 918 2906 23
951 2864 1149 2921 eriqetwr
1179 2863 1220 2906 R
1252 2877 1365 2907 corr.
1397 2878 1434 2906 r.
1578 2865 1634 2904 28
1665 2861 1873 2918 inplacat
1935 2902 1938 2906 .
1967 2861 1978 2874 ⁴

184 2918 271 2962 LR
303 2932 416 2963 corr.
448 2933 481 2964 r.
637 2925 692 2964 29
725 2922 828 2966 illos
858 2936 1020 2979 eqneor
1050 2922 1136 2966 LR
1167 2936 1281 2967 corr.
1314 2937 1348 2966 r.
1498 2925 1554 2964 30
1582 2921 1756 2977 prefert
1786 2918 1872 2963 LR
1936 2925 1975 2983 ζ’

185 2991 299 3021 corr.
331 2993 366 3022 r.
1862 2988 1883 3022 ‘-
