2014 3226
201 201 308 253 518
671 201 901 244 DONATI
932 200 1211 246 INTERPR.
1246 201 1423 247 VERG.

198 343 364 403 potest
418 343 506 388 aut
559 342 839 388 substantia
887 341 1162 388 contrariae
1209 343 1508 403 provisionis
1557 343 1755 390 effundi.
1839 345 1891 391 in

198 417 360 474 reynis
399 417 484 463 hoc
524 430 649 463 ausa
687 417 808 462 tuis:
853 417 909 461 ut
955 416 1077 462 meis
1117 418 1403 476 procuraret
1443 417 1723 477 interitum,
1771 433 1891 465 ausa

199 491 273 536 est
320 491 369 536 te
418 490 727 536 contemnere
778 491 826 536 et
871 504 1026 550 regna
1072 490 1161 535 tua
1208 489 1558 550 commovendo
1608 490 1758 538 etiam
1797 491 1891 539 tibi

196 563 431 610 iniuriam
479 562 653 610 facere.
732 562 864 624 quod
912 562 985 608 ait
1031 562 1135 623 ipse
1175 579 1351 625 nuper,
1398 563 1543 612 huius
1592 564 1713 611 facti
1758 567 1890 612 recte

196 637 393 684 induxit
433 637 972 697 commemorationem,
1019 637 1240 698 petitura
1289 638 1420 685 enim
1469 639 1685 699 quietem
1723 639 1889 702 pelagi
1937 655 1957 689 5

199 710 415 757 ostendit
457 711 607 757 etiam
646 711 812 772 ipsum
842 710 1133 772 Neptunum
1167 710 1318 757 aliam
1348 726 1610 773 passurum
1642 713 1890 774 iniuriam,

198 785 297 831 nisi
339 786 388 831 et
420 783 647 831 Troianis
687 784 987 854 providisset
1026 785 1078 830 et
1116 784 1223 832 sibi.
1285 798 1379 845 per
1416 786 1570 833 scelus
1611 800 1709 834 0000
1748 787 1891 834 etiam

202 858 431 905 Troianis
463 859 700 905 matribus
741 860 860 905 actis
893 858 1074 905 emussit
1101 859 1237 919 foede
1267 861 1468 918 puppis,
1507 859 1601 908 hoc
1634 861 1707 908 est
1739 860 1891 908 etiam
1967 859 1991 925 5ss

197 947 326 979 nunc
374 931 602 980 Troianis
650 931 891 979 matribus
943 933 1126 980 coactis
1172 948 1262 994 per
1311 933 1467 980 scelus
1516 933 1704 981 exussit
1749 934 1889 982 foede
1962 933 1974 996 ζ

195 1006 392 1068 puppis
456 1006 784 1053 Troianarum
823 1007 1039 1053 matrum
1070 1006 1123 1052 in
1154 1006 1381 1054 incendio
1417 1008 1621 1054 navium
1654 1007 1891 1055 delictum
1917 1002 1981 1074 1οξ

198 1095 300 1127 0330
341 1079 623 1140 constabat,
662 1080 739 1127 his
778 1080 948 1127 Venus
989 1079 1187 1128 adstitit
1226 1080 1390 1128 dicens
1437 1095 1536 1129 11011
1585 1096 1688 1129 0330
1727 1081 1890 1143 requi-
1960 1077 1982 1166 Ξ

195 1153 403 1200 rendum
437 1155 549 1216 quis
591 1154 763 1202 fecerit
802 1154 974 1214 scelus,
1015 1154 1099 1202 sed
1140 1155 1277 1202 cuius
1310 1155 1514 1216 inpulsu
1544 1155 1774 1203 videatur
1806 1155 1890 1203 ad-

121 1266 135 1286 ,
195 1228 413 1276 missum.
492 1229 677 1276 exussit
715 1228 856 1275 foede
895 1229 1098 1290 puppis:
1141 1228 1314 1276 alienis
1346 1229 1575 1277 manibus
1607 1231 1716 1290 ipsa
1747 1231 1889 1278 navis

195 1301 430 1362 incendit,
471 1303 619 1363 atque
659 1302 854 1349 utinam
892 1302 1061 1364 palam
1101 1304 1150 1349 et
1188 1318 1288 1349 non
1326 1302 1542 1364 turpiter
1572 1303 1745 1351 fraude
1778 1319 1889 1351 con-
1961 1306 1967 1343 7

109 1379 192 1418 795
211 1377 368 1437 cepta.
425 1379 468 1423 et
491 1377 643 1423 classe
665 1377 851 1436 snbeyit
873 1377 1059 1424 amissa
1082 1378 1233 1424 socios
1256 1378 1448 1437 iynotae
1472 1378 1687 1437 linquere
1710 1381 1891 1426 terrae:
1914 1393 1982 1439 152,

195 1450 253 1496 ut
293 1449 354 1497 ab
393 1449 485 1498 hoc
525 1451 682 1510 facto,
731 1449 860 1512 quod
910 1452 1082 1497 contra
1130 1451 1407 1511 civitatem,
1461 1451 1753 1514 religionem
1799 1452 1887 1498 hu·
1967 1446 1990 1528 ἓ,

194 1523 588 1585 manitatemque
611 1523 932 1586 processerat,
958 1526 1213 1572 excusaret
1238 1523 1389 1572 etiam
1412 1524 1585 1585 filium,
1609 1525 1663 1572 in
1684 1525 1888 1574 Iunonis

193 1599 396 1646 revocat
434 1598 721 1646 relictorum
761 1599 1006 1646 sociorum
1046 1598 1258 1660 culpam,
1300 1599 1536 1660 quoniam
1577 1599 1766 1647 Aeneas
1796 1600 1889 1648 hoc
1966 1601 1971 1606 ’

193 1687 293 1719 11011
331 1672 538 1732 faceret,
586 1673 628 1720 si
673 1688 789 1734 pars
838 1672 1008 1720 0133313
1048 1688 1147 1719 11011
1186 1672 1321 1720 esset
1354 1674 1549 1721 amissa.
1627 1673 1889 1722 accedebat

195 1761 253 1792 ex
290 1745 384 1794 hoc
421 1746 556 1794 facto
597 1747 921 1809 augmentum
959 1747 1101 1806 mali,
1143 1747 1262 1808 quia
1299 1748 1413 1808 post
1450 1749 1528 1795 tot
1565 1747 1760 1795 labores
1799 1763 1888 1796 nec
1912 1765 1965 1798 20*

196 1819 259 1867 ad
282 1819 486 1868 Italiam
523 1821 782 1882 pervenire
821 1821 1094 1882 potuerunt
1133 1822 1183 1867 et
1212 1821 1398 1884 ignotis
1430 1821 1481 1867 in
1513 1822 1657 1869 terris
1690 1821 1888 1869 fuerant

193 1893 369 1941 relicti.
460 1910 567 1942 ecce
623 1894 884 1942 diversitas
938 1894 1020 1940 hic
1073 1895 1236 1955 posita
1292 1896 1367 1942 est
1421 1910 1525 1942 sese
1579 1897 1887 1959 inpugnans:

194 1983 343 2029 supra
369 1961 526 2034 (631)
553 1969 685 2016 enim
717 1968 843 2015 dixit
875 1969 1015 2029 „quis
1039 1968 1269 2029 prohibet
1299 1984 1466 2017 muros
1498 1970 1656 2017 iacere
1689 1972 1739 2016 et
1771 1969 1887 2017 dare

193 2041 384 2090 civibus
423 2041 594 2090 urbem
605 2040 659 2088 ‘?“
736 2042 816 2089 hic
856 2042 980 2089 dixit
1019 2044 1175 2091 socios
1213 2044 1414 2106 ignotae
1452 2043 1676 2105 linquere
1711 2045 1886 2104 terrae,

194 2130 306 2162 cum
344 2116 518 2179 ignota
556 2132 655 2164 non
703 2118 831 2164 esset
876 2118 927 2163 in
976 2131 1075 2178 qua
1122 2117 1320 2164 fuerant
1368 2117 1519 2164 cives:
1568 2117 1651 2165 sed
1697 2117 1885 2165 factum
1911 2129 1974 2182 1115Υ

1966 852 1968 854 .
1984 820 1991 854 ἰ

315 2304 338 2343 1
371 2300 570 2354 effwndit
599 2301 641 2344 R
674 2302 744 2344 -di
773 2316 867 2343 r=
886 2301 935 2344 L.
1043 2305 1072 2343 4
1103 2301 1198 2357 ipse
1221 2302 1341 2344 enim
1358 2316 1446 2357 per
1468 2301 1555 2344 LR
1586 2304 1618 2346 i.
1635 2303 1731 2347 eius
1748 2317 1834 2358 per
1865 2317 1887 2345 r

191 2360 223 2403 i.
248 2373 396 2415 nuper
425 2373 523 2403 1103.
620 2364 646 2403 ὅ
678 2361 867 2405 induaeit
891 2360 997 2403 LR.
1029 2361 1204 2404 temere
1227 2359 1383 2404 10011111
1406 2363 1519 2405 mut.
1547 2362 1641 2406 ed.:
1675 2361 1886 2405 defendit
1972 2375 1999 2400 :¹

193 2417 308 2461 Don.
343 2418 468 2474 quod
499 2418 658 2463 Venus
698 2433 803 2463 eum
844 2419 925 2475 qui
963 2419 1064 2475 ipse
1104 2431 1254 2476 nuper
1291 2419 1425 2467 testis
1465 2419 1608 2464 fuerit
1649 2420 1797 2477 ipsius
1835 2420 1885 2463 in

190 2476 348 2534 regnis
379 2490 478 2520 rem
510 2477 681 2521 factam
718 2491 817 2522 esse
851 2478 1287 2534 commonefaciat!
1315 2480 1491 2535 petitur
1521 2479 1562 2522 R
1594 2494 1624 2523 a
1656 2479 1763 2522 add.
1788 2494 1824 2523 r.

194 2541 217 2578 7
245 2550 331 2593 per
361 2536 447 2579 LR
473 2550 561 2592 pro
594 2537 665 2581 ed.
778 2541 834 2581 10
865 2539 1158 2582 troianarum
1189 2539 1412 2582 matribus
1443 2538 1478 2580 L
1510 2539 1796 2583 troianorum
1825 2553 1882 2582 m.

191 2595 234 2638 R
257 2595 329 2639 ed.
355 2597 646 2640 troianarum
668 2602 868 2640 ‘matrum
891 2611 925 2639 r.
1022 2602 1075 2640 13
1108 2597 1213 2652 ipsa
1237 2597 1322 2639 LR
1353 2598 1480 2653 ipsas
1504 2597 1575 2640 ed.
1670 2603 1724 2641 15
1757 2599 1883 2655 19110-

191 2658 264 2698 tae
296 2655 498 2710 linquere
529 2660 674 2699 terrae
705 2655 740 2698 L
772 2655 887 2700 item
917 2656 967 2699 in
998 2669 1160 2699 rasura
1189 2670 1225 2699 r.
1379 2660 1433 2699 17
1465 2657 1664 2702 Iwnonis
1694 2656 1780 2700 LR
1811 2656 1882 2700 ed

190 2727 314 2758 -nem
349 2713 422 2758 ed.
455 2714 574 2770 post.
617 2713 732 2782 (scil.
765 2715 949 2770 culpam
979 2714 1037 2759 cf.
1071 2719 1112 2770 2,
1138 2718 1256 2772 596).
1409 2719 1464 2758 22
1498 2715 1696 2772 diposita
1727 2721 1769 2760 et
1798 2714 1885 2758 LR
1951 2751 1953 2753 .

191 2771 415 2828 disposita
447 2777 488 2816 et
516 2787 541 2816 1·
573 2774 728 2829 posita
759 2778 800 2818 et
830 2773 902 2817 ed
933 2773 1008 2817 hic
1031 2774 1188 2841 posita
1219 2778 1282 2818 est
1311 2787 1416 2818 nos:
1463 2787 1574 2817 nam
1606 2773 1884 2832 dispositam

190 2844 293 2875 esse
333 2831 675 2886 diversitatem,
724 2832 850 2887 quod.
889 2831 1174 2876 defensionis
1214 2845 1356 2876 causa
1393 2832 1518 2877 infra
1555 2834 1750 2889 tractat,
1789 2845 1883 2876 non
1948 2872 1981 2883 ἣ

190 2889 312 2934 110110
343 2890 632 2948 praecipitur
662 2904 748 2934 nec
779 2891 1005 2947 disposita
1037 2906 1142 2936 cum
1171 2892 1390 2948 3030111111.
1423 2905 1508 2949 per
1538 2898 1580 2937 et
1616 2893 1743 2936 recte
1775 2905 1881 2936 con-

189 2948 417 3006 iungitur.
541 2954 597 2994 23
627 2951 776 3005 facere
806 2951 873 3007 (et
903 2949 1044 3007 infra)
1077 2950 1176 3004 LR,
1209 2950 1292 2995 sed.
1323 2954 1407 2994 631
1440 2952 1585 2995 iacere
1616 2965 1721 2995 cum
1742 2950 1880 3008 Vei-g.

186 3007 327 3052 libris
359 3009 589 3053 omnibus.
713 3013 770 3052 24
801 3009 1063 3055 civitatibus
1092 3010 1146 3053 R.
