2014 3226
0 229 1 276 ¹
830 188 1131 246 AENEIDos
1164 203 1224 245 VI
1757 208 1860 259 597

186 342 330 388 vivus
363 338 614 387 edisceret.
673 342 803 398 isque
833 341 917 387 ubi
949 343 1208 390 tendentem
1240 345 1496 391 adversum
1520 360 1612 404 per
1639 349 1866 404 yramina

188 413 308 460 vidit
353 410 580 460 Aenean:
641 415 777 474 prior
822 414 1073 462 inducitur
1119 417 1357 465 Anchises
1404 416 1606 476 vidisse,
1656 422 1713 466 ut
1762 419 1850 466 hoc
1869 426 1952 465 685

188 488 359 535 fecerit
397 487 702 548 expectantis
741 489 951 536 intentio
992 490 1069 537 vel
1110 493 1227 551 quia
1264 507 1372 538 cum
1403 492 1628 552 plurimis
1663 493 1759 540 fuit
1791 493 1867 539 vol

188 561 307 624 quia
345 560 538 608 Aeneas
585 561 835 609 nesciebat
881 579 979 623 quo
1027 564 1193 611 oculos
1240 565 1462 612 tenderet
1508 565 1585 612 vel
1633 566 1749 627 quia
1787 582 1865 613 ne-

144 647 164 682 ⁶
187 650 382 682 morum
437 636 740 682 amoenitate
794 636 1068 698 tegebatur.
1146 637 1230 685 ubi
1284 638 1439 701 igitur
1492 638 1618 685 vidit
1667 640 1865 687 Aenean

189 711 360 756 contra
405 708 706 769 venientem,
754 709 934 757 alacris
971 712 1169 769 palmas
1206 727 1315 759 cum
1352 727 1458 759 voce
1497 713 1708 759 tetendit:
1762 728 1868 760 ecce

189 782 345 845 patris
398 783 560 844 pietas
613 783 783 844 plena,
839 787 952 830 ante
1008 784 1069 831 ad
1124 785 1375 846 amplexus
1428 785 1500 832 fili
1554 787 1872 847 praeparavit

188 872 364 904 manus
405 872 552 918 quam
593 855 732 904 fieret
770 859 988 918 potestas
1028 859 1284 906 retinendi.
1350 858 1576 906 veniebat
1617 859 1746 907 enim
1787 858 1869 907 ad-

188 931 283 978 huc
322 930 536 991 Aeneas,
584 946 682 979 non
728 932 895 978 tamen
941 935 1243 992 pervenerat.
1322 947 1575 994 expressus
1614 948 1729 995 ergo
1767 934 1870 995 pie·

122 1019 165 1050 10
189 1006 310 1052 tatis
351 1004 587 1064 adfectus,
628 1019 883 1065 expressus
923 1005 1244 1054 desiderantis
1285 1006 1430 1054 ardor
1468 1006 1728 1068 inpatiens,
1760 1022 1870 1054 cum

189 1078 427 1126 adventui
479 1077 553 1125 fili
604 1077 833 1126 manibus
886 1081 1057 1140 procul
1112 1080 1323 1127 occurrit
1376 1083 1425 1127 et
1478 1094 1617 1147 Yoce3
1678 1081 1871 1127 fecisset

189 1152 346 1199 nihilo
391 1151 556 1199 minus
604 1154 654 1199 et
699 1151 928 1214 pedibus,
976 1154 1018 1200 si
1065 1156 1201 1202 aetas
1248 1169 1344 1200 non
1393 1153 1650 1201 obsisteret
1697 1157 1746 1200 et
1790 1169 1870 1201 cu-

188 1227 408 1288 pientem
462 1228 682 1287 corporis
743 1227 923 1274 vitium
984 1242 1081 1274 non
1142 1230 1344 1274 teneret.
1429 1228 1598 1274 venisti
1658 1227 1871 1274 tandem.-

188 1301 372 1348 venisti
412 1299 616 1347 tandem
662 1300 929 1348 secundum
956 1337 1740 1348 ......................
1766 1301 1869 1346 ani·

123 1390 165 1423 15
189 1390 326 1421 mum
372 1373 559 1421 dictum
609 1376 704 1429 est,
751 1375 831 1422 cui
870 1373 1039 1422 tardus
1078 1377 1244 1422 venire
1283 1376 1468 1436 potuit,
1515 1373 1709 1421 etiamsi
1747 1372 1872 1420 illud

190 1447 322 1509 quod
353 1450 548 1511 gestum
581 1450 656 1495 est
686 1448 911 1495 celeriter
942 1448 1192 1496 videretur
1223 1448 1460 1496 effectum.
1511 1450 1676 1509 potest
1705 1450 1870 1494 tamen

190 1525 239 1570 et
278 1523 370 1570 sic:
411 1522 503 1570 etsi
542 1521 698 1582 tarde,
738 1524 920 1585 tamen,
960 1523 1078 1583 quia
1117 1523 1312 1582 venisti,
1351 1537 1449 1569 non
1487 1522 1742 1569 incusatur
1771 1523 1871 1567 tar·

190 1595 320 1644 ditas
358 1598 462 1644 tua.
525 1599 700 1655 tuaque
732 1598 974 1655 expectata
995 1597 1195 1656 parenti
1224 1597 1337 1643 vicit
1365 1597 1456 1643 iter
1485 1594 1664 1642 durum
1685 1596 1874 1653 pietas:

191 1685 300 1718 ecce
332 1669 639 1731 tarditatem,
672 1685 819 1732 quam
852 1670 1173 1718 intervenisse
1206 1669 1486 1717 desiderans
1517 1668 1741 1729 putabat,
1767 1668 1873 1728 ipse

123 1759 167 1792 20
192 1747 404 1793 excusat.
482 1759 704 1805 possum,
751 1745 937 1805 inquit,
985 1745 1205 1791 conicere
1251 1758 1375 1804 quae
1423 1756 1570 1790 causa
1614 1743 1663 1788 te
1702 1740 1875 1788 fecerit

192 1817 414 1879 tardum,
460 1817 558 1865 iter
597 1817 775 1865 durum
814 1818 942 1865 vivis
982 1819 1031 1864 et
1070 1816 1283 1864 adeundi
1321 1815 1585 1864 difficultas
1625 1816 1772 1875 atque
1811 1813 1875 1861 ad

190 1891 312 1940 haec
350 1893 461 1940 loca
498 1891 749 1952 tendendi,
789 1890 872 1939 sed
910 1906 999 1952 per
1029 1893 1078 1938 tc
1109 1890 1182 1937 fili
1213 1891 1499 1952 conpertum
1532 1890 1608 1935 est
1638 1889 1873 1949 pietatem

190 1981 360 2014 veram
407 1965 636 2014 omnibus
684 1981 787 2014 esse
835 1963 1215 2013 difficultatibus
1260 1964 1526 2012 fortiorem.
1603 1962 1750 2009 datur
1785 1974 1873 2008 ora

191 2042 338 2097 lueri,
383 2043 517 2096 nate,
565 2042 651 2087 tua
698 2043 741 2087 et
784 2042 924 2087 molas
970 2038 1143 2086 audire
1190 2041 1232 2085 et
1267 2037 1464 2085 reddere
1503 2049 1659 2083 voces:
1711 2049 1874 2095 quam,

123 2127 167 2161 25
190 2114 380 2176 inquit,
426 2113 547 2162 felix
594 2129 724 2174 sum,
770 2113 851 2161 cui
896 2113 1038 2160 licuit
1082 2114 1278 2159 mortuo
1323 2109 1481 2158 filium
1524 2107 1656 2170 apud
1692 2108 1874 2155 inferos

190 2188 488 2236 incolumem
527 2203 739 2247 cernere,
779 2186 938 2234 adfari
978 2188 1127 2247 atque
1167 2184 1336 2232 audire
1378 2183 1646 2247 gloriosum
1685 2182 1736 2228 et
1773 2195 1874 2228 am-

192 2261 344 2325 plecti
383 2261 738 2311 dulcissimum.
801 2261 871 2308 sic
908 2259 1122 2319 equidem
1159 2258 1390 2306 ducebam
1429 2258 1591 2304 animo
1627 2255 1860 2314 rebarque
1875 2256 1963 2296 690

190 2336 415 2395 futurum
468 2338 684 2395 tempora
736 2335 1054 2383 dinumerans
1105 2345 1191 2380 nec
1241 2346 1316 2379 me
1367 2345 1474 2378 mea
1520 2343 1639 2377 cura
1682 2326 1876 2389 fefellit.-

192 2425 293 2458 non
330 2409 620 2472 inopinatus
659 2408 919 2468 adventas;
959 2409 1119 2454 certus
1159 2406 1288 2453 enim
1330 2404 1389 2452 de
1423 2403 1652 2451 instituto
1682 2402 1770 2449 tuo
1800 2399 1875 2448 fui

314 2540 337 2579 1
370 2536 604 2581 sedisceret
632 2534 675 2577 V
707 2535 924 2591 aspiceret
954 2532 1024 2576 ed.
1148 2534 1174 2574 3
1205 2530 1349 2585 licerit
1377 2527 1431 2572 V.
1559 2533 1586 2572 4
1621 2526 1741 2583 quod
1770 2539 1872 2569 σαι-

193 2595 259 2639 los
289 2594 344 2639 V.
450 2599 476 2638 6
508 2609 610 2639 cum
640 2606 742 2639 voce
771 2592 813 2637 V
843 2605 927 2649 pro
958 2595 1174 2647 utrasque
1205 2588 1276 2633 ed.
1309 2590 1357 2632 et
1387 2587 1543 2631 libror.
1562 2583 1734 2687 Vergil.
1768 2597 1872 2652 con·

190 2653 404 2698 firmatur
427 2651 836 2711 interpretatione:
868 2648 1094 2694 memoria
1116 2648 1350 2692 Donatum
1374 2646 1435 2690 ad
1459 2650 1501 2700 2,
1518 2649 1603 2689 688
1627 2657 1655 2687 a
1688 2642 1834 2711 flunt,
1863 2642 1870 2700 1

191 2727 230 2758 v.
250 2717 336 2757 686
370 2713 593 2758 omissum
623 2712 674 2756 in
703 2709 746 2755 V
778 2709 883 2755 add.
911 2709 999 2762 ed.‚
1029 2705 1415 2765 interpretatione
1445 2716 1537 2748 non
1564 2703 1815 2772 tangitur..
1866 2760 1876 2769 ο

50 2774 56 2780 ’
122 2808 124 2811 f
193 2775 221 2816 8
250 2772 376 2828 fieret
409 2771 452 2812 V
479 2771 627 2827 fuerit
655 2770 726 2814 ed.
843 2773 897 2812 12
929 2767 1159 2813 obsteteret
1186 2764 1244 2810 V.
1359 2767 1530 2808 13—14
1561 2765 1684 2806 mter
1712 2764 1875 2805 vemat·

192 2831 375 2876 tandem
404 2829 641 2876 lemmatis
672 2830 721 2874 et
750 2826 877 2872 idem
906 2822 1309 2883 interpretationis
1331 2827 1373 2867 et
1395 2827 1526 2867 notas
1548 2819 1709 2865 audire
1731 2817 1878 2887 babet

191 2887 236 2934 V
264 2902 349 2948 per
378 2903 594 2943 errorem,
625 2890 680 2932 ut
712 2888 922 2955 apparet.
950 2887 957 2942 Ι
994 2885 1103 2942 post
1130 2883 1376 2930 seeundum
1406 2879 1575 2950 lacuna
1605 2880 1679 2924 est
1706 2875 1875 2935 vignau

193 2947 398 3006 amplius
435 2948 703 2994 litterarum
743 2959 811 2990 sic
847 2944 944 2990 fere
984 2941 1236 3001 explenda:
1283 2942 1558 3007 inpatoenteq·
1586 2939 1874 3042 wedam.

285 3012 339 3051 15
371 3009 556 3053 tardum
586 3006 737 3053 venire
767 3003 811 3049 V
841 3002 1003 3049 tardas
1031 3015 1071 3047 v.
1104 3001 1175 3046 ed.
1297 3002 1354 3043 29
1384 2997 1571 3044 advena
1659 3027 1671 3040 .
