2014 3226
193 171 260 223 98
659 167 889 210 DONATI
919 166 1198 209 INTERPR.
1234 165 1411 209 VERG.

192 313 367 371 utique
409 309 676 372 gloriosum
724 307 824 353 fuit
872 310 1094 354 catervas
1142 307 1360 353 hostium
1407 307 1457 353 et
1497 307 1740 353 confertos
1779 306 1880 367 pri-

191 400 382 431 morum
423 398 599 429 cuneos
639 397 737 428 non
776 382 1014 427 timuisse.
1079 394 1280 439 eoasque
1319 381 1443 426 acies
1485 383 1527 426 et
1562 381 1694 440 niyri
1724 380 1880 427 Mem—

192 459 333 505 nonis
372 472 536 503 arma:
589 456 793 517 agnovit
830 470 928 501 non
969 454 1120 502 semel
1160 453 1500 515 accipiendum
1539 456 1635 514 est,
1676 455 1882 516 agnovit

195 534 324 578 enim
366 547 414 577 se
452 530 660 588 Aeneas,
695 528 899 590 agnovit
939 543 1052 575 eoas
1086 529 1229 587 acies,
1262 527 1469 589 agnovit
1498 527 1630 590 nigri
1661 527 1879 575 Memno-

106 610 191 648 490
207 607 283 652 nis
325 619 473 651 arma.
552 604 685 650 ducit
722 601 1084 650 Amazonidum
1122 603 1307 649 lunatis
1345 602 1546 660 aymina
1574 602 1720 660 peltis
1757 602 1881 649 Pen-
1927 618 1947 651 5

194 680 386 726 thesilea
423 680 593 737 furens
633 677 895 736 mediisque
931 678 986 723 in
1023 675 1218 723 milibus
1251 676 1389 722 ardet
1419 690 1573 722 aurea
1603 676 1882 723 subnectens

193 757 377 800 eret-tae
416 752 610 810 ce'nyula
648 765 889 798 mammae
929 750 1151 797 bellatrix
1182 750 1418 808 audetque
1448 750 1569 796 viris
1601 763 1882 797 concurrere

196 829 348 885 vir-oo:
410 824 607 872 laudem
661 824 786 871 dixit
839 826 943 871 eius
1000 839 1125 884 quae
1179 826 1232 870 in
1287 823 1524 870 feminino
1580 837 1696 870 sexu
1745 823 1884 870 virili

194 900 400 946 audacia
446 899 730 946 ducebatur.
808 898 898 945 illa
945 900 1075 944 enim
1122 900 1266 944 tanta
1317 898 1600 944 constantia
1652 897 1772 957 fuit,
1824 899 1883 943 ut

193 974 558 1036 congressiones
612 972 817 1020 bellicas
872 973 995 1020 viris
1050 971 1353 1018 certantibus
1402 986 1501 1018 non
1548 970 1748 1018 timeret
1791 985 1882 1018 nec
1905 989 1948 1021 ιο

190 1049 503 1094 revocaretur
541 1047 779 1110 virginali
818 1046 1126 1094 verecundia.
1193 1048 1336 1092 tanta
1376 1047 1542 1092 autem
1580 1045 1762 1092 fi'ducia
1799 1059 1880 1091 ve-

191 1123 295 1168 nire
343 1120 603 1168 videbatur
648 1122 942 1182 tantumque
983 1120 1154 1167 ardere
1193 1119 1245 1166 in
1284 1119 1494 1177 bellum,
1541 1122 1599 1165 ut
1638 1118 1771 1180 quod
1809 1133 1880 1166 se-

191 1198 378 1242 cretum
411 1210 514 1242 esse
546 1195 822 1258 virginibus
855 1195 981 1242 solet
1011 1194 1101 1240 illa
1134 1194 1331 1241 offerret
1361 1193 1660 1253 videntibus,
1693 1193 1882 1240 scilicet

191 1284 300 1316 cum
363 1271 530 1316 exerta
589 1269 782 1330 papilla
841 1271 1101 1331 pugnaret.
1192 1268 1412 1328 pertinet
1463 1267 1556 1314 hoc
1611 1269 1764 1315 etiam
1818 1266 1883 1314 ad

190 1342 480 1404 proeliantis
529 1343 812 1402 audaciam,
859 1346 916 1389 ut
961 1344 1209 1404 pugnaret
1254 1341 1438 1389 femina
1481 1357 1570 1388 nec
1609 1341 1882 1388 munimine
1905 1357 1948 1391 15

189 1418 442 1480 tegeretur
481 1432 742 1464 armorum.

300 1490 436 1538 Haec
469 1492 635 1537 omnia
658 1490 967 1552 picturarum
992 1505 1118 1551 quae
1143 1489 1425 1551 specialiter
1448 1493 1597 1551 poeta
1622 1488 1882 1550 descripsit

190 1580 288 1611 non
328 1564 432 1612 sola
470 1565 675 1611 fuerunt
713 1564 766 1612 in
804 1564 1006 1626 templo,
1047 1564 1131 1612 sed
1170 1562 1530 1611 considerantis
1570 1563 1767 1610 Aeneae
1805 1564 1879 1610 in-

189 1640 460 1686 tentionem
493 1638 734 1687 adventus
758 1638 969 1686 Didonis
999 1637 1331 1685 interveniens
1363 1637 1512 1699 rupit.
1561 1636 1694 1698 quod
1715 1638 1881 1698 ipsum

191 1714 262 1760 sic
288 1712 615 1774 inperfectum
645 1714 766 1774 poni
797 1714 1115 1773 convenerat,
1156 1712 1283 1760 esset
1314 1713 1446 1759 enim
1477 1713 1653 1773 poetae
1683 1712 1880 1772 vitium,
1902 1728 1949 1760 so

191 1787 232 1834 si
271 1786 498 1847 conplete
538 1787 757 1834 omnium
795 1787 1106 1848 picturarum
1153 1786 1433 1847 spectaculo
1479 1785 1755 1833 induxisset
1791 1784 1880 1831 Di-

191 1859 367 1907 donem
397 1860 702 1921 processisse.
758 1860 969 1922 denique
1002 1860 1072 1907 sic
1102 1861 1292 1922 posuit:
1322 1861 1438 1908 haec
1468 1860 1586 1907 dum
1615 1860 1880 1907 Dardanio

102 1937 188 1976 495
205 1932 398 1981 Aeneae
435 1935 667 1982 miranda
705 1936 944 1989 videntur,
985 1935 1103 1981 dum
1139 1937 1296 1993 stupet
1325 1935 1581 1993 obtutuque
1609 1934 1772 1981 haeret
1802 1933 1880 1981 de-

190 2008 320 2065 fixus
367 2009 419 2054 in
465 2022 575 2054 uno.
660 2024 758 2055 non
806 2008 933 2055 dixit
978 2023 1091 2055 cum
1136 2008 1259 2055 haec
1305 2009 1472 2055 omnia
1523 2007 1881 2056 considerasset

190 2080 398 2140 Aeneas,
431 2081 516 2128 sed
554 2083 626 2129 ait
665 2081 782 2129 dum
814 2081 1107 2142 considerat,
1139 2081 1257 2128 dum
1287 2083 1513 2142 miratur,
1546 2081 1666 2128 dum
1698 2083 1878 2143 stupet,
1901 2096 1950 2132 π

191 2153 308 2201 dum
356 2156 522 2202 omnia
566 2155 656 2203 illa
701 2155 799 2202 fixa
844 2156 1120 2203 intentione
1159 2155 1460 2215 considerat,
1506 2157 1563 2202 ut
1601 2155 1880 2203 ostenderet

193 2229 495 2288 superfuisse
557 2229 717 2276 adhuc
777 2230 958 2290 multa,
1029 2245 1156 2290 quae
1217 2229 1518 2278 considerari
1586 2231 1876 2292 potuissent.

191 2316 374 2364 magna
419 2303 587 2349 tamen
631 2303 684 2349 in
730 2305 879 2365 poeta
924 2302 1139 2352 latitudo
1186 2318 1286 2351 non
1331 2303 1526 2362 multis,
1573 2304 1658 2352 sed
1705 2303 1878 2365 paucis
1940 2345 1945 2350 ,

193 2390 435 2436 expressa,
474 2378 531 2423 ut
568 2391 669 2423 una
706 2391 783 2424 res
824 2377 1187 2438 quadripertito
1227 2378 1392 2438 posita
1430 2377 1718 2426 brevissime
1749 2377 1876 2425 dice·
1938 2366 1946 2390 ³

193 2450 341 2496 retur.
400 2464 517 2496 nam
547 2453 604 2497 ut
635 2452 710 2497 est
748 2451 927 2498 summi
957 2451 1160 2499 dictoris
1190 2466 1268 2498 res
1298 2450 1462 2499 brevis
1492 2451 1595 2499 late
1626 2451 1878 2515 disserere,
1954 2451 1958 2459 ⁴

313 2624 334 2662 1
367 2619 614 2677 yloriosum
643 2619 738 2672 fuit
767 2618 854 2662 LR
881 2620 918 2675 f.
949 2621 1008 2678 91.
1041 2635 1152 2665 nam
1182 2620 1252 2664 ed.
1305 2622 1310 2676 Ι
1360 2621 1713 2675 confertissimos
1744 2621 1814 2665 ed.
1933 2619 1966 2698 ’1

193 2682 218 2720 2
251 2679 453 2722 timuisse
476 2677 563 2720 LR
594 2683 623 2720 t.
648 2678 879 2735 siynificat
901 2679 973 2722 ed.
1065 2683 1091 2722 8
1121 2693 1239 2723 sexu
1261 2679 1349 2722 LR
1378 2680 1539 2724 habitu
1570 2680 1640 2724 ed.
1734 2686 1760 2723 9
1791 2681 1875 2725 du·
1930 2694 1953 2727 z·

191 2737 373 2781 cebatwr
395 2737 431 2780 L
463 2737 533 2780 ed.
566 2737 810 2781 didebatur
833 2737 875 2780 R
905 2737 1166 2782 dicebatur?
1260 2743 1315 2782 14
1345 2739 1483 2782 etiam
1505 2738 1592 2782 LR.
1621 2744 1772 2783 autem
1803 2739 1875 2783 ed.
1915 2733 1956 2777 “5³

253 2801 307 2839 15
323 2809 405 2840 nec
419 2795 508 2839 LR
523 2809 638 2852 quae
653 2795 724 2839 ed.
799 2799 851 2838 17
869 2797 1082 2840 describit
1097 2797 1166 2840 ed.
1233 2802 1287 2840 18
1303 2798 1450 2842 solum
1466 2797 1536 2841 ed.
1601 2802 1655 2840 21
1674 2799 1877 2842 omnium
1927 2804 1953 2869 ἦ

192 2867 279 2897 om.
291 2854 362 2899 ed.
438 2859 492 2898 22
512 2855 806 2910 praecessisse
830 2855 899 2898 ed.
971 2859 1027 2898 24
1050 2856 1158 2900 haec
1181 2869 1270 2899 om.
1282 2856 1352 2900 ed.
1382 2858 1389 2912 Ι
1415 2857 1723 2902 consideraret
1743 2857 1832 2902 ed.'

193 2916 249 2956 25
273 2913 342 2957 ait
363 2913 473 2958 duan
494 2912 753 2958 considerat
767 2912 855 2956 LR
878 2914 988 2958 dum
1010 2915 1268 2959 considerat
1290 2914 1498 2959 deletum
1511 2915 1615 2959 vult
1636 2931 1660 2958 r
1682 2917 1753 2960 ait
1766 2915 1876 2960 dum
1943 2943 1945 2948 ·

191 2985 309 3016 cons.
336 2985 424 3015 om.
442 2971 514 3016 ed.
592 2975 648 3016 29
673 2972 1012 3029 quadripartito
1035 2973 1105 3024 ed.
1184 2977 1241 3016 30
1265 2974 1453 3019 dictoris
1475 2974 1561 3017 LR
1584 2975 1780 3020 doctoris
1801 2974 1873 3019 ed.
