2014 3226
143 150 168 200 7
179 149 209 199 6
602 146 832 191 DONATI
864 145 1143 189 INTERPR.
1176 144 1354 189 VERG.

141 290 273 349 quod
322 290 485 335 autem
535 289 606 334 ait
653 301 847 346 caecuS‚
890 302 989 333 non
1029 285 1091 332 ad
1131 301 1327 347 corpus,
1376 284 1460 332 sed
1507 285 1570 331 ad
1610 286 1830 332 animum

140 362 478 425 Pygmalionis
533 360 861 407 revocandum
918 362 1017 421 est3
1082 361 1295 407 avaritia
1350 360 1480 406 enim
1534 361 1724 405 tractus
1778 359 1831 404 in

141 437 324 483 scelera
372 452 468 481 non
518 434 848 481 consideravit
894 434 1013 494 quid
1060 434 1245 481 faceret
1291 433 1370 481 vel
1417 434 1471 479 in
1511 449 1657 493 quem
1697 427 1827 496 [ubi]

140 511 219 557 vel
260 525 355 570 quo
395 511 445 554 in
486 509 591 555 loco
633 510 719 554 aut
760 507 940 568 quibus
979 507 1337 569 praesentibus.
1400 507 1492 554 hoc
1523 507 1631 553 loco
1656 506 1830 568 Vergi-

140 584 236 630 lius
277 584 417 630 docet
456 582 578 628 nihil
619 582 779 629 sancti
819 596 922 629 esse
962 581 1094 643 apud
1135 596 1216 628 eos
1256 596 1378 642 quos
1411 580 1684 641 possederit
1716 595 1831 627 ava·
1879 595 1898 627 5

140 657 277 715 ritia3
319 658 444 703 hanc
479 657 607 702 enim
641 656 710 703 sic
743 655 927 716 definit,
961 656 1136 703 satiari
1167 671 1266 702 non
1298 669 1455 715 posse⁷
1487 654 1584 701 nisi
1614 654 1833 700 humana

142 734 190 777 et
230 731 397 776 divina
437 731 545 775 iura
586 730 770 776 fuerint
809 729 1010 776 violata.
1090 744 1249 789 neque
1289 743 1389 775 uno
1430 728 1538 775 loco
1577 727 1713 788 haec,
1749 727 1833 775 sed

141 805 368 865 plurimis
408 804 589 864 posuit,
630 803 977 851 crudelitatem
1016 805 1165 863 atque
1209 802 1474 849 avaritiam
1514 801 1651 848 nullo
1687 801 1833 848 modo

141 893 281 938 posse
322 893 350 923 a
391 892 440 924 se
482 877 706 924 discerni.
786 877 1011 938 denique,
1050 879 1108 923 ut
1146 876 1332 922 dictum
1373 878 1468 936 est,
1509 881 1559 923 et
1596 875 1834 937 Polydori

142 951 362 1012 exemplo
411 951 502 997 hoc
548 951 679 998 idem
727 950 917 1013 docuit3
978 967 1076 997 non
1125 951 1257 997 enim
1304 952 1432 997 esset
1479 950 1687 1010 occisus,
1734 950 1833 996 nisi
1857 965 1900 997 ιο

142 1027 249 1072 auri
282 1025 527 1086 cupiditas
561 1025 770 1072 crudelis
802 1024 1015 1072 hominis
1048 1023 1310 1072 saevitiam
1341 1025 1681 1085 provocasset3
1712 1023 1834 1071 item

142 1099 239 1146 alio
266 1099 372 1145 loco
407 1092 479 1163 (6,
500 1092 629 1164 621)
657 1099 899 1146 avaritiae
926 1099 1105 1145 scelere
1137 1097 1387 1159 proditam
1418 1097 1635 1159 patriam
1667 1098 1835 1158 posuit

141 1173 345 1220 dicendo
380 1172 629 1233 „vendidit
661 1173 741 1219 hic
774 1188 893 1219 auro
925 1169 1186 1233 patriam“.
1240 1186 1439 1219 securus
1470 1186 1693 1218 amorum
1728 1186 1834 1231 yer-

139 1262 339 1294 mamze:
401 1246 567 1294 omnia
622 1247 835 1309 augendi
889 1247 1108 1293 criminis
1166 1261 1312 1293 causa
1371 1245 1650 1307 conscripta
1697 1247 1833 1304 sunt3

140 1323 280 1367 tanto
322 1322 452 1368 enim
492 1320 776 1368 sceleratior
813 1322 1011 1368 tenetur
1049 1319 1349 1382 Pygmalion
1389 1322 1575 1380 quanto
1621 1320 1833 1367 certissi-
1859 1334 1901 1367 15

140 1409 248 1441 mus
295 1394 459 1442 fuerat
504 1390 632 1442 nihil
678 1395 924 1442 Didonem
971 1395 1030 1441 de
1077 1395 1232 1442 fratre
1283 1408 1552 1442 sensuram.
1630 1392 1833 1454 perinde

141 1483 238 1515 non
286 1470 394 1515 erat
438 1468 641 1531 ignarus
690 1469 739 1514 in
788 1468 889 1516 tale
938 1468 1095 1516 scelus
1145 1483 1194 1516 se
1244 1483 1471 1515 casurum
1510 1467 1662 1515 fuisse
1703 1466 1835 1528 quod

141 1558 202 1589 ne
242 1542 291 1588 in
334 1543 662 1603 suspicionem
704 1542 903 1603 quidem
942 1542 1109 1590 venire
1151 1541 1364 1589 deberet.
1433 1543 1710 1601 factumque
1748 1541 1835 1588 diu

141 1616 334 1663 celavit:
390 1617 655 1663 occultatio
704 1617 829 1664 facti
874 1618 988 1678 post
1033 1615 1305 1664 admissum
1351 1616 1518 1663 fuerat
1558 1615 1835 1663 necessaria

140 1691 345 1752 propter
391 1690 638 1751 duplicem
686 1705 907 1751 causam⁷
956 1706 1166 1752 quarum
1204 1706 1305 1737 una
1343 1691 1441 1737 fuit
1479 1706 1540 1737 ne
1578 1689 1832 1751 publicato
1859 1705 1903 1736 20

143 1763 353 1824 Sychaei
391 1763 598 1811 interitu
637 1764 701 1811 ad
741 1767 994 1813 auctorem
1026 1765 1221 1812 sceleris
1256 1764 1426 1825 aliqua
1455 1765 1538 1812 via
1569 1764 1835 1822 veniretur,

142 1837 303 1884 altera
349 1837 468 1898 quia
513 1838 782 1886 invadendi
828 1838 880 1885 in
919 1839 1213 1886 thensauros
1253 1837 1444 1886 occasio
1483 1836 1738 1899 interibat,
1779 1837 1836 1897 si,

144 1912 412 1972 antequam
452 1927 572 1960 auro
611 1913 872 1973 potiretur,
911 1911 1050 1960 cuius
1094 1911 1304 1973 cupidus
1350 1913 1428 1959 tot
1474 1927 1524 1960 se
1571 1909 1835 1959 sceleribus

142 1984 443 2045 involverat,
490 1984 549 2032 de
596 2001 712 2033 nece
758 1986 972 2034 hominis
1022 1988 1072 2034 et
1114 1987 1173 2034 de
1214 1987 1414 2034 auctore
1453 1987 1716 2033 constaret.
1795 1988 1837 2031 et

144 2072 342 2118 acyram
386 2059 539 2106 multa
584 2060 746 2107 ‘malus
790 2060 1032 2108 simulam
1077 2075 1209 2108 vana
1262 2074 1346 2120 spe
1395 2060 1516 2107 *lusit
1568 2062 1835 2107 amantem:
1859 2072 1903 2107 25

144 2132 411 2179 sollicitam
450 2132 765 2181 vehementer
803 2133 862 2181 de
902 2135 1038 2181 statu
1077 2133 1407 2182 amantissimi
1446 2134 1670 2196 coniugis
1703 2147 1834 2180 soro-

142 2221 247 2252 rem
294 2221 433 2253 suam
481 2207 750 2268 conpositis
795 2224 885 2268 per
931 2207 1100 2256 dolum
1146 2207 1416 2255 mendaciis
1460 2207 1669 2255 fallebat
1706 2206 1835 2270 Pyg-

143 2279 352 2339 malion,
408 2278 561 2327 donec
613 2281 712 2342 ipsi
766 2282 918 2328 etiam
970 2283 1202 2330 incautae
1254 2281 1548 2329 thensauros
1604 2281 1834 2328 auferret.

142 2355 255 2412 ipsa
300 2353 385 2400 sed
429 2354 484 2400 im
529 2356 710 2402 sommis
754 2355 997 2403 inhumati
1041 2357 1172 2404 venit
1214 2357 1374 2415 imayo
1421 2356 1660 2415 coniuyis:
1718 2352 1851 2416 quia

144 2442 304 2487 neque
344 2427 557 2487 suspicio
596 2427 648 2474 in
687 2427 1064 2491 Pygmalionem
1102 2429 1242 2477 tendi
1279 2431 1478 2491 poterat
1515 2430 1719 2491 propter
1751 2427 1834 2476 ad·
1859 2442 1904 2475 30

143 2500 352 2547 finitatis
408 2514 604 2548 causam
659 2517 816 2563 neque
855 2503 1074 2550 extabat
1121 2502 1301 2564 aliquis
1348 2518 1531 2566 gnarus
1578 2503 1701 2550 facti
1748 2502 1837 2564 qui

263 2660 290 2698 3
322 2656 404 2699 ubi
426 2655 513 2698 LR
537 2656 607 2699 ed.
635 2655 846 2712 spurium
870 2659 1000 2713 puto.
1110 2661 1166 2701 10
1197 2658 1398 2714 eoeemplo
1420 2657 1508 2700 LR
1538 2657 1678 2702 exitio
1702 2657 1773 2701 ed.

149 2718 200 2757 17
234 2728 327 2758 non
359 2719 459 2758 erat
486 2715 680 2772 iynarus
710 2715 796 2758 LR
834 2716 1030 2773 iynarus
1061 2729 1148 2760 om.
1175 2716 1256 2761 edI
1285 2721 1474 2761 noverat
1503 2715 1693 2772 scripsit
1723 2715 1832 2762 edF.

235 2778 290 2816 22
338 2774 604 2818 thensauros
643 2773 750 2828 LR,
797 2773 911 2818 item
957 2775 1082 2819 infra
1126 2776 1177 2819 in
1221 2775 1466 2829 lemmate,
1513 2774 1630 2819 alibi
1667 2775 1773 2819 thes.

145 2835 202 2875 23
241 2832 479 2878 sceleribus
515 2831 603 2875 LR
639 2846 684 2877 se
725 2832 830 2877 add.
864 2847 888 2875 r
917 2834 988 2878 ed.
1047 2835 1054 2890 Ι
1111 2835 1304 2891 denique
1339 2835 1539 2878 hominis
1576 2833 1662 2877 LR
1707 2833 1842 2879 deni-·

144 2904 228 2947 que
259 2891 325 2992 df}
358 2892 602 2936 homicidio
641 2890 712 2936 ed.
754 2891 807 2936 de
846 2905 948 2936 nece
986 2893 1184 2938 hominis
1213 2908 1238 2936 r
1274 2905 1372 2936 nos.
1497 2897 1552 2937 30
1592 2892 1719 2938 tendi
1749 2892 1835 2936 LR

143 2963 235 2995 esse
267 2962 291 2993 e
329 2986 337 2994 .
1482 2976 1485 2978 -
1635 2974 1641 2978 ·
