2014 3226
240 182 357 223 XLII
903 172 1243 217 PRAEFATIO

239 322 297 367 In
352 320 595 366 lemmatis
652 319 815 363 autem
870 312 1225 362 constituendis
1288 327 1387 359 non
1446 327 1602 373 parva
1656 312 1924 360 difficultas

242 393 536 441 occurrebat.
615 405 758 450 saepe
807 389 937 435 enim
984 386 1163 435 accidit
1209 388 1265 432 ut
1315 387 1367 432 in
1421 386 1497 432 his
1553 388 1802 433 contraria
1856 387 1925 434 le-

242 471 421 528 gantur
466 466 526 512 iis
574 479 699 525 quae
745 465 795 509 in
835 461 1245 521 interpretatione
1287 459 1606 520 explicantur.
1685 460 1805 521 quid
1844 460 1926 507 hic

242 527 556 586 iudicandum
595 536 703 584 est?
768 552 829 582 an
868 535 999 581 idem
1040 533 1171 594 quod
1210 533 1311 580 iam
1343 533 1581 595 Heynius,
1615 535 1709 581 etsi
1746 550 1924 596 parum

243 618 371 661 certo
412 614 534 671 1000,
576 613 621 671 8,
652 612 750 656 187
789 609 983 668 statuit,
1016 624 1073 654 ex
1103 608 1514 668 interpretatione
1547 607 1666 668 quid
1698 607 1926 657 Donatus

243 688 416 749 legerit
472 683 859 748 cognoscendum
916 680 1054 730 esse‘?
1129 682 1182 727 in
1228 681 1320 727 hoc
1367 697 1542 743 genere
1598 681 1819 728 locorum
1868 698 1925 729 ex

242 761 467 822 plurimis
524 759 843 821 gravissimus
900 758 972 803 est
1032 756 1113 815 12,
1155 756 1276 802 412.
1354 756 1541 801 nemini
1596 756 1726 801 enim
1781 756 1927 803 credo

242 849 523 896 persuasum
565 832 627 878 iri
664 832 915 878 Donatum
948 829 1284 890 „dictamnum
1323 829 1543 891 genetrix
1578 827 1784 876 Cretaea
1822 845 1927 877 car-

242 910 316 970 pit
356 907 414 954 ab
454 903 570 953 11111ιι
611 907 662 951 111
703 906 948 963 lemmate,
988 905 1047 949 ut
1085 902 1328 949 traditum
1367 905 1455 963 est,
1495 902 1770 964 scripsisse,
1815 918 1926 950 cum

243 997 349 1029 eam
395 981 655 1027 lectionem
701 979 832 1025 haud
882 976 1111 1038 ambigue
1157 978 1439 1038 impugnet,
1493 979 1545 1024 at
1592 977 1750 1024 altera
1787 977 1929 1038 „ipsa

242 1071 390 1101 manu
438 1054 662 1116 genetrix
710 1052 915 1099 Dictaea
963 1051 1125 1111 carpit
1170 1050 1231 1097 ab
1271 1048 1389 1097 Ida“
1437 1067 1524 1112 per
1569 1052 1728 1098 totam
1774 1051 1927 1098 inter-

242 1128 569 1189 pretationem
614 1143 703 1188 pro
751 1125 1070 1172 fundamento
1117 1125 1291 1171 utatur
1337 1125 1386 1171 et
1428 1124 1614 1173 multus
1653 1126 1720 1173 sit
1757 1124 1810 1172 in
1849 1141 1926 1172 ex·

240 1201 470 1263 plicando
511 1200 641 1262 quod
681 1202 755 1247 est
794 1197 1002 1259 „manu“
1043 1200 1092 1244 et
1131 1197 1411 1258 „Dictaea“.
1490 1214 1578 1246 1100
1617 1200 1780 1246 minus
1827 1198 1929 1246 evi-

242 1276 412 1323 denter
439 1277 485 1334 9,
508 1275 608 1321 786
638 1291 693 1321 ex
716 1273 1128 1334 interpretatione
1153 1274 1362 1333 apparet
1385 1272 1639 1320 Donatum
1664 1270 1930 1333 „deorum“

242 1350 433 1412 legisse,
466 1364 562 1395 non
597 1345 932 1410 „parentum“,
966 1346 1096 1407 quod
1121 1345 1394 1394 Vaticanus
1435 1348 1484 1393 et
1523 1346 1675 1394 editio
1714 1347 1765 1393 in
1806 1347 1930 1393 lem-

242 1425 372 1469 mate
419 1422 676 1483 praebent,
723 1421 939 1481 itemque
989 1423 1035 1483 5,
1073 1421 1175 1468 775
1214 1419 1276 1467 al.
1354 1419 1639 1482 impeditior
1677 1421 1813 1468 locus
1853 1422 1932 1468 est

247 1499 328 1555 10,
364 1497 445 1556 18,
485 1495 571 1542 ubi
609 1495 790 1543 lemma
827 1491 1148 1556 „rerumque“
1178 1493 1343 1555 habet,
1375 1495 1786 1556 interpretatione
1826 1494 1929 1555 „di-

243 1567 488 1631 vumque“
528 1569 822 1631 explicatur:
864 1565 1190 1629 „divumque“
1229 1568 1391 1629 recepi
1433 1584 1736 1630 quamquam
1775 1569 1929 1615 etiam

245 1646 293 1703 4,
336 1644 439 1690 675
489 1641 804 1704 „rerumque“
854 1641 1018 1689 codice
1072 1641 1411 1700 confirmatur3
1473 1645 1638 1703 potest
1691 1644 1823 1689 enim
1875 1644 1928 1689 in

245 1719 422 1778 quarto
455 1719 542 1763 aut
572 1716 798 1764 Donatus
832 1732 888 1763 ex
919 1717 1158 1763 memoria
1190 1716 1390 1764 solitam
1428 1716 1693 1764 lectionem
1731 1718 1933 1764 secutus

245 1805 348 1838 esse
397 1792 505 1850 aut,
552 1790 593 1837 si
632 1790 736 1836 illic
776 1805 970 1851 quoque
1009 1789 1337 1852 „divumque“
1377 1790 1655 1851 scripserat,
1694 1790 1935 1837 librarius

244 1867 474 1911 mutasse.
551 1864 642 1911 hoc
682 1864 812 1910 enim
853 1866 982 1911 certe
1022 1864 1211 1911 factum
1251 1866 1327 1911 est
1364 1864 1417 1910 in
1456 1864 1564 1912 1000
1605 1864 1668 1911 ad
1711 1866 1795 1924 12,
1821 1865 1930 1911 412

246 1953 304 1984 ex
345 1939 391 1997 4,
419 1938 522 1984 513
565 1937 769 1997 adscito,
809 1937 908 1997 ubi,
949 1953 1061 1985 cum
1093 1938 1323 1986 Donatus
1361 1938 1494 1984 haud
1533 1937 1681 1985 dubie
1713 1935 1934 1998 „messe“

247 2010 511 2071 scripserit,
552 2011 668 2072 quia
709 2013 909 2071 „messis
948 2010 1200 2073 tempore“
1239 2011 1468 2073 explicat,
1507 2011 1742 2059 librarius
1773 2027 1927 2072 „mes-

247 2083 358 2132 sae“
383 2084 553 2145 posuit
577 2085 843 2132 secundum
866 2085 1106 2133 traditam
1137 2086 1189 2132 in
1220 2084 1362 2141 libris
1386 2085 1688 2148 Vergilianis
1720 2083 1934 2133 rectam-

246 2173 341 2218 que
397 2157 677 2218 lectionem,
731 2158 868 2206 locus
921 2159 1026 2220 ipse
1072 2160 1124 2206 in
1173 2161 1350 2220 quarto
1398 2159 1604 2207 amissus
1652 2158 1930 2220 comparari

247 2232 434 2292 nequit.
513 2230 715 2278 dubium
754 2247 852 2279 non
891 2235 966 2279 est
1004 2233 1123 2294 quin
1162 2233 1411 2281 lemmatis
1452 2233 1598 2280 lectio
1639 2232 1936 2296 corrigenda

246 2305 326 2363 sit,
366 2303 523 2351 sicubi
561 2305 640 2351 vel
687 2307 845 2353 metro
893 2305 1159 2354 damnatur
1203 2308 1262 2354 ut
1310 2308 1357 2367 3,
1399 2308 1519 2354 526.
1577 2308 1624 2367 8,
1667 2308 1787 2355 150.
1845 2308 1935 2367 10,

250 2378 367 2424 693.
421 2380 503 2438 11,
540 2379 655 2425 129.
705 2379 809 2427 498
852 2382 940 2426 etc.
989 2381 1068 2427 vel
1114 2381 1261 2427 metri
1308 2396 1364 2429 ac
1411 2380 1686 2428 sententiae
1734 2381 1936 2428 ratione

246 2453 305 2497 ut
352 2452 400 2510 4,
434 2452 554 2498 256.
603 2452 650 2511 6,
684 2453 803 2500 363.
855 2453 958 2500 528
1006 2454 1086 2501 vel
1132 2454 1230 2501 alio
1281 2453 1389 2502 loco
1445 2470 1614 2503 veram
1667 2454 1928 2502 lectionem

245 2525 460 2571 testante
508 2527 564 2571 ut
611 2526 660 2585 4,
694 2526 812 2574 106.
856 2518 902 2587 5,
938 2527 1056 2574 662.
1134 2527 1218 2576 sed
1264 2528 1357 2576 hoc
1396 2541 1596 2591 quoque
1633 2527 1684 2574 in
1725 2543 1978 2593 numero..

249 2596 465 2644 difficilis
505 2597 643 2645 locus
682 2600 758 2646 est
799 2602 880 2660 11,
915 2601 1020 2647 886
1060 2600 1162 2661 ubi,
1201 2601 1320 2649 licet
1359 2604 1438 2662 „et
1477 2602 1599 2649 duro
1639 2601 1730 2648 sub
1769 2601 1936 2649 Marte
1975 2616 1993 2649 A

249 2668 538 2718 cadentum“
570 2674 727 2719 metro
758 2673 1059 2734 repudietur,
1090 2674 1310 2722 dubitari
1346 2677 1516 2722 tamen
1553 2676 1720 2736 potest
1757 2677 1932 2722 utrum
1965 2716 1973 2727 ,

250 2758 360 2791 011111
398 2743 627 2792 Fabricio
666 2745 817 2805 „duro
857 2745 937 2794 et“
977 2747 1336 2796 emendandum
1372 2763 1435 2795 an
1467 2748 1718 2796 diversum
1747 2749 1937 2795 lemma
1968 2803 1970 2806 v

250 2816 381 2877 quod
433 2816 548 2864 libri
597 2816 875 2881 Vergiliani
927 2823 1184 2882 praestant
1238 2821 1638 2869 substituendum
1692 2821 1769 2870 sit.
1853 2824 1938 2870 est
1972 2815 1990 2853 ”

251 2890 381 2936 0111111
420 2891 641 2951 profecto
680 2891 767 2939 ubi
805 2892 1029 2940 Donatus
1071 2909 1100 2940 a
1138 2894 1323 2943 tradito
1348 2895 1560 2958 Vergilii
1597 2896 1738 2942 textu
1777 2895 1936 2943 disce·
1964 2891 1974 2909 ”

251 2962 339 3009 dat
369 2963 512 3011 modo
546 2965 799 3012 meliorem
828 2966 1090 3021 lectionem
1119 2968 1359 3029 praebens
1391 2970 1450 3016 ut
1483 2970 1530 3030 5,
1556 2967 1676 3017 814.
1713 2971 1795 3029 11,
1822 2969 1935 3016 345
1963 2983 1969 3031 j
