2014 3226
166 201 273 252 184
629 198 860 242 DONATI
891 196 1171 240 INTERPR.
1205 196 1382 240 VERG.

161 341 330 387 urbem
367 353 532 386 somno
572 340 775 397 vinoque
812 338 1064 397 sepultam.
1143 338 1412 384 caeduntur
1450 337 1640 396 mtysiles:
1689 338 1852 398 inspe-

162 417 326 460 ratum
376 414 563 459 malum
615 412 793 474 vigiles
843 412 1004 472 primo
1055 411 1368 472 pertulerunt
1424 411 1473 456 et
1527 412 1641 457 ante
1694 412 1852 458 omnis

164 488 312 535 occisi
352 490 479 546 sunt,
511 502 571 532 ne
612 486 902 532 nuntiarent
941 484 1042 531 suis
1084 501 1209 545 quae
1250 487 1549 546 gererentur.
1602 486 1852 543 portisque

156 562 436 620 patronibus
498 561 653 605 ommis
717 561 960 618 accipiunt
1011 560 1162 605 socios
1217 562 1357 617 atque
1411 560 1610 616 aymina
1663 559 1852 605 conscia

166 637 393 693 imefflmt:
446 636 616 694 portas
662 634 881 693 patentis
929 633 1055 679 dixit
1102 635 1150 679 et
1195 632 1336 678 illam
1383 647 1510 692 quae
1555 647 1668 679 vere
1706 633 1853 692 porta
1898 648 1919 679 5

164 708 327 754 fuerat
374 709 423 754 et
469 707 610 754 illam
658 722 783 768 quae
831 708 1034 768 propter
1080 707 1195 766 equi
1233 706 1501 752 transitum
1539 705 1703 752 fuerat
1740 721 1851 766 pro-

165 784 349 828 curata.
438 780 697 827 ordinatur
750 781 916 828 autem
971 795 1139 827 sensus
1195 782 1289 826 sic:
1353 779 1624 826 caeduntur
1676 779 1853 842 vigiles

163 855 418 916 portisque
458 854 745 915 patentibus
787 855 944 902 omnis
986 855 1235 915 accipiunt
1275 853 1430 900 socios
1474 856 1622 914 atque
1655 853 1854 916 agmina

164 929 359 975 conscia
397 929 612 990 iungunt
651 931 701 975 et
738 928 983 975 invadunt
1021 928 1193 974 urbem
1233 942 1402 974 somno
1442 927 1655 988 vinoque
1693 927 1853 988 sepul-

161 1004 280 1062 tam,
326 1017 387 1048 ne
434 1003 501 1049 sit
546 1003 726 1050 vitium
773 1004 949 1064 poetae
991 1001 1124 1062 quod
1162 1001 1377 1062 primum
1416 1002 1644 1047 invasam
1682 1000 1853 1047 urbem
1879 1017 1922 1048 10

160 1077 330 1137 posuit
370 1091 427 1122 ac
464 1078 638 1137 postea
677 1075 938 1137 descripsit
978 1075 1134 1123 socios
1174 1077 1331 1122 omnis
1370 1078 1592 1136 receptos
1633 1085 1736 1122 esse
1766 1091 1856 1136 per

161 1151 344 1210 portas.
404 1165 503 1197 non
545 1151 675 1197 enim
715 1149 810 1197 soli
849 1151 936 1212 qui
966 1151 1019 1196 in
1053 1165 1178 1210 equo
1211 1149 1409 1196 fuerant
1441 1148 1629 1197 conditi
1661 1164 1855 1196 omnem

161 1225 394 1284 poterant
439 1223 673 1271 invadere
721 1225 999 1283 civitatem,
1055 1223 1141 1271 sed
1190 1223 1461 1284 prudenter
1507 1222 1687 1286 agendi
1734 1223 1855 1270 ordo

160 1299 386 1345 servatus
427 1299 501 1345 est
537 1312 628 1344 nec
668 1297 859 1358 aliquid
895 1299 1079 1345 temere
1116 1298 1319 1343 factum.
1378 1312 1494 1344 nam
1525 1297 1685 1358 primo
1716 1298 1855 1358 pate-

160 1371 322 1419 factus
363 1373 436 1419 est
478 1386 647 1432 equus,
687 1371 862 1418 dehinc
900 1371 1079 1433 vigiles
1120 1370 1283 1431 occisi,
1316 1387 1376 1418 ne
1409 1371 1501 1418 hoc
1532 1372 1698 1431 ipsum
1730 1387 1854 1417 nun—
1879 1387 1922 1418 15

160 1446 345 1492 tiarent
383 1444 650 1506 universis,
698 1446 916 1506 suscepti
955 1461 1150 1506 quoque
1198 1460 1367 1492 omnes
1415 1445 1557 1504 socii,
1603 1447 1722 1511 tunc
1766 1459 1855 1505 per

160 1521 320 1566 totam
374 1518 547 1566 urbem
601 1521 763 1580 sparsi
811 1521 927 1567 sunt
973 1521 1024 1566 et
1071 1519 1134 1565 ad
1180 1520 1336 1566 vicem
1385 1521 1694 1566 mortuorum
1745 1517 1855 1565 dor-

161 1592 360 1640 mientis
403 1593 603 1640 caedere
638 1595 921 1655 coeperunt,
954 1594 1138 1654 quippe
1172 1607 1295 1653 quos
1329 1583 1513 1653 duplex
1545 1595 1857 1653 oppresserat

160 1666 367 1727 malum,
404 1667 576 1714 vinum
614 1667 884 1728 plurimum
925 1669 974 1714 et
1014 1683 1071 1712 ex
1111 1667 1408 1729 fatigatione
1451 1667 1602 1714 altior
1641 1681 1854 1714 somnus.

162 1755 268 1787 ecce
323 1740 434 1788 laus
486 1741 728 1788 bonorum
783 1742 992 1800 civium3
1054 1740 1274 1802 periculo
1339 1741 1522 1802 quippe
1583 1754 1854 1801 paucorum
1879 1780 1896 1787 -

160 1817 427 1875 procurata
464 1814 676 1862 victoria
717 1817 791 1862 est
831 1830 956 1876 quae
997 1815 1140 1862 annis
1181 1814 1349 1862 decem
1388 1817 1437 1862 et
1474 1814 1613 1861 mille
1644 1813 1854 1861 navibus

162 1889 213 1934 et
249 1887 443 1936 infinito
484 1890 790 1936 armatorum
828 1904 1035 1936 numero
1076 1890 1250 1950 quaeri
1287 1904 1386 1936 non
1424 1890 1605 1949 potuit.

276 1961 486 2021 Tempus
525 1966 641 2018 erat,
681 1977 772 2022 quo
801 1965 974 2022 prima
1013 1964 1147 2022 quies
1176 1962 1463 2010 mortalibus
1495 1963 1654 2023 aegris
1685 1963 1858 2021 incipit

161 2038 206 2082 et
249 2035 372 2082 dono
419 2037 586 2083 divum
628 2033 916 2096 qratissima
961 2039 1133 2095 serpit:
1194 2053 1255 2083 ne
1303 2037 1488 2083 crimen
1528 2039 1656 2084 esset
1694 2037 1854 2097 ipsius
1964 2080 1967 2086 ,

161 2106 359 2156 Aeneae
407 2109 540 2171 quod
584 2111 693 2172 ipso
741 2110 1014 2158 dormiente
1063 2109 1239 2158 civitas
1289 2110 1562 2170 interisset,
1617 2110 1750 2157 iusta
1805 2111 1856 2156 et
1878 2125 1922 2157 25
1959 2108 1975 2175 ξ

161 2182 424 2244 multiplex
478 2183 821 2244 praetenditur
875 2184 1141 2232 excusatio,
1230 2199 1420 2244 omnes,
1467 2183 1632 2245 inquit
1681 2176 1854 2266 (252),
1953 2179 1967 2199 ’“

164 2257 333 2333 quieto
373 2257 573 2305 silentio
612 2257 911 2306 tenebantur
949 2251 1284 2324 (dormiebant
1329 2258 1452 2306 bene
1499 2257 1766 2318 diceretur,
1812 2258 1855 2305 si

164 2330 334 2377 somno
373 2332 572 2378 tantum
611 2333 662 2378 et
698 2347 798 2379 non
837 2333 990 2380 etiam
1028 2333 1144 2380 vino
1182 2332 1468 2379 viderentur
1506 2323 1767 2397 oppressi),
1802 2346 1853 2379 se

162 2405 331 2450 tamen
369 2403 563 2451 Aeneas
611 2404 794 2453 adserit
841 2421 900 2453 ea
945 2405 1069 2454 hora
1117 2407 1339 2467 quietum
1382 2406 1534 2453 fuisse
1574 2421 1671 2466 qua
1711 2420 1854 2452 omne

164 2477 474 2524 animantum
514 2493 668 2542 genus
707 2478 866 2527 reficit
903 2494 1119 2540 somnus,
1158 2481 1296 2528 cuius
1325 2479 1474 2527 initia
1503 2479 1702 2526 tantum
1731 2494 1852 2540 pon·
1876 2490 1922 2527 so

163 2549 293 2599 deris
339 2550 524 2599 habent
568 2553 812 2614 tantaque
862 2553 914 2600 vi
958 2555 1148 2601 mentes
1189 2554 1500 2615 opprimunt,
1538 2554 1596 2600 ut
1634 2552 1854 2601 omnium

164 2625 523 2708 cogitationum
565 2639 683 2672 cura
722 2628 968 2675 summota
1006 2626 1157 2674 altius
1197 2627 1468 2688 sopiantur.
1540 2641 1748 2688 cumque
1787 2627 1854 2674 sit

163 2699 323 2744 somni
375 2698 600 2747 divinum
653 2715 830 2748 munus
887 2702 937 2747 et
982 2700 1045 2748 ad
1090 2702 1410 2749 refectionem
1455 2700 1711 2748 hominum
1757 2696 1854 2747 diis

1962 2024 1971 2058 ξ

283 2827 338 2866 10
369 2837 425 2867 ηε
456 2784 543 2866 LR
573 2829 626 2867 ut
657 2824 727 2867 ed.
770 2825 779 2882 1
825 2825 1034 2870 invasam
1065 2826 1152 2868 LR
1180 2826 1350 2883 fraude
1379 2830 1687 2884 expugnatam
1720 2824 1791 2869 ed.

163 2885 218 2925 27
251 2878 535 2926 dormiebant
557 2881 643 2926 LR
673 2887 715 2926 et
737 2883 782 2927 d.
807 2883 879 2927 ed.
972 2889 1028 2928 28
1059 2885 1138 2930 sed
1161 2880 1248 2928 LR
1271 2884 1342 2929 ed.
1373 2899 1419 2928 se
1449 2897 1547 2928 nos.
1639 2887 1696 2927 29
1728 2884 1852 2940 quie·

161 2945 257 3044 22„ss
280 2939 367 3044 {adl}
395 2955 443 2986 se
472 2943 672 2997 quietum
705 2941 778 2986 ed.
805 2941 896 2997 (vel
927 2944 1091 2998 quietis
1114 2948 1210 2988 tum
1240 2943 1276 2987 r'
1301 2944 1351 2987 in
1374 2946 1555 3000 marg..)
1649 2946 1705 3015 33
1735 2954 1851 2996 som·⁸
