2014 3226
209 207 317 258 442
675 205 905 249 DONATI
936 205 1215 250 INTERPR.
1250 205 1427 250 VERG.

208 348 353 394 nibus
403 347 609 394 collecta
658 345 945 406 descriptio:
1000 346 1193 408 lignum
1234 346 1417 407 quippe
1466 362 1576 392 cum
1622 345 1894 407 infinditur,

210 421 419 468 dehiscit
474 424 521 467 ct
584 422 805 467 artatum
867 434 1131 467 cuneorum
1185 419 1235 466 vi
1290 421 1427 466 rimis
1489 419 1893 480 praecedentibus

210 496 431 555 aperitur
471 496 520 541 et
559 509 690 556 ager,
730 509 838 541 cum
881 495 1045 540 aratro
1086 493 1352 554 adpetitur,
1392 494 1618 556 signatur
1657 493 1804 540 sulcis
1846 495 1896 540 et

208 568 419 616 vomeris
466 570 571 614 vias
620 566 808 629 glaebis
847 567 1055 614 inversis
1096 567 1325 614 ostendit.
1402 567 1475 614 ita
1513 568 1668 629 igitur
1706 568 1894 628 aperie·
2013 584 2014 640 ἢ

2013 642 2014 664 l

208 643 351 689 batur
400 657 534 689 mare
580 642 798 688 transitu
843 642 1049 688 navium
1096 643 1145 687 et
1189 656 1440 687 remorum
1478 641 1657 688 ictibus
1697 640 1892 688 crebris.
1939 658 1959 690 5

122 721 204 758 145
222 730 319 762 non
366 718 465 762 tam
502 716 795 775 praecipites
842 716 1002 774 biiuqo
1049 717 1306 762 certamine
1353 730 1576 774 eampum
1624 717 1896 774 corripuere

207 792 447 848 ruuntque
500 790 641 848 effusi
690 803 877 837 carcere
931 803 1106 836 currus
1165 804 1251 836 nec
1305 791 1374 836 sie
1426 790 1642 836 inmissis
1693 789 1896 848 auriqae

207 864 448 910 undantia
488 864 594 910 lora
626 876 901 911 concussere
930 863 1057 923 iuyis
1079 864 1323 922 pronique
1352 864 1406 910 in
1437 863 1636 910 verbera
1659 863 1895 922 pendent:
1989 859 1993 871 ‘

209 939 325 998 quia
373 937 435 984 ad
483 938 773 984 circensium
821 936 977 984 vicem
1025 936 1347 983 exhibebatur
1397 936 1574 983 navale
1632 938 1895 996 certamen,

208 1012 608 1072 conparationem
666 1011 724 1058 de
779 1010 1075 1058 circensibus
1130 1011 1277 1058 facit:
1339 1026 1459 1071 non,
1514 1010 1698 1071 inquit,
1751 1012 1895 1057 tanta
1919 1028 1963 1065 ιι,
2004 1042 2005 1058 1

207 1085 483 1132 mobilitate
525 1100 697 1132 currus
738 1086 913 1146 equive
953 1087 1169 1147 aguntur
1206 1086 1257 1131 in
1299 1084 1443 1145 circo,
1478 1086 1665 1145 quanta
1705 1086 1894 1130 certan-

206 1159 339 1207 tibus
386 1160 552 1206 nautis
599 1158 803 1222 navigia
850 1158 1190 1219 pervolabant.
1270 1158 1402 1220 quod
1441 1159 1514 1205 ait
1551 1158 1704 1220 iugis,
1745 1173 1894 1218 equos

207 1233 438 1280 debemus
487 1234 706 1294 accipere
754 1233 805 1279 in
851 1234 969 1296 iugo
1018 1234 1336 1292 constitutos,
1394 1248 1491 1279 non
1546 1232 1663 1295 iuga
1719 1231 1895 1292 quibus

207 1307 320 1368 equi
351 1306 450 1369 ipsi
480 1309 757 1354 nectuntur.
817 1309 918 1354 tum
947 1307 1137 1366 plausu
1174 1307 1462 1365 fremituque
1500 1308 1660 1353 virum
1699 1306 1895 1352 studiis-

207 1396 295 1440 que
332 1382 582 1440 faventum
629 1385 859 1428 consonat
895 1395 1031 1428 omne
1075 1395 1246 1427 nemus
1291 1395 1540 1440 vocemque
1584 1380 1777 1427 inclusa
1814 1393 1894 1426 vo·
1920 1395 1959 1428 1
1989 1391 2001 1442 Ji

117 1457 203 1496 150
223 1457 380 1502 Zutant
425 1456 590 1511 litora,
629 1456 821 1514 pulsati
868 1455 1006 1503 colles
1045 1455 1252 1502 clamore
1289 1455 1548 1502 resultant:
1601 1453 1743 1500 finita
1783 1467 1893 1499 eon·
1967 1478 1970 1482 ·

206 1530 467 1591 paratione
505 1529 655 1576 rediit
695 1529 757 1575 ad
795 1545 920 1576 rem:
975 1529 1211 1590 populus,
1250 1529 1436 1589 inquit,
1475 1528 1662 1575 favoris
1701 1526 1894 1574 ratione

207 1604 394 1652 divisus
434 1618 544 1650 cum
583 1619 672 1663 pro
713 1619 802 1651 suo
843 1604 1097 1664 streperet,
1137 1618 1255 1650 voce
1289 1618 1344 1649 ac
1376 1602 1631 1663 plausibus
1662 1616 1893 1662 persona-
1967 1643 1976 1659 ,

205 1678 312 1739 bat,
358 1678 411 1724 in
457 1679 655 1724 tantum
701 1679 758 1724 ut
803 1693 976 1725 nemus
1024 1692 1166 1724 omne
1214 1675 1412 1724 dissono
1461 1677 1674 1723 clamore
1720 1676 1896 1722 fuisset
1962 1675 1970 1734 ζ

205 1751 465 1812 inpletum.
518 1751 732 1814 augebat
764 1753 933 1798 autem
965 1750 1172 1798 eundem
1205 1751 1420 1812 qualitas
1451 1749 1548 1797 loci
1580 1751 1760 1796 natura
1785 1763 1895 1796 con·
1927 1770 1951 1790 a

207 1825 346 1886 clusi,
385 1840 511 1886 quae
551 1827 777 1887 acceptas
818 1826 1093 1872 faventium
1131 1840 1274 1872 voces
1313 1823 1559 1871 reddendo
1593 1822 1894 1884 duplicabat.

207 1901 373 1959 effuqit
418 1902 528 1946 ante
575 1899 697 1946 alios
741 1900 1014 1959 primisque
1068 1899 1273 1946 elabitur
1325 1899 1473 1946 undis
1526 1898 1719 1945 turbam
1770 1898 1896 1944 inter

205 1975 543 2033 fremitumque
578 1972 729 2033 Gyas.
805 1989 904 2020 non
943 1972 1074 2020 inter
1106 1972 1306 2020 turbam
1338 1973 1387 2020 et
1417 1972 1672 2020 fremitum
1706 1971 1894 2034 effugit,

200 2047 292 2094 sed
338 2046 455 2093 dum
499 2047 714 2108 populus
759 2047 928 2094 fremit
968 2048 1016 2095 et
1055 2048 1300 2094 certantes
1346 2046 1632 2107 turbantur,
1679 2045 1894 2107 primum
1959 2084 1961 2086 .

204 2120 370 2168 locum
397 2121 564 2167 tenuit
594 2120 743 2182 Gyas.
801 2136 940 2180 quem
969 2121 1142 2169 deinde
1168 2119 1434 2168 Cloanthus
1465 2121 1770 2179 consequitur
1798 2132 1892 2166 me·

206 2195 299 2242 lior
344 2197 514 2242 remis:
568 2196 609 2242 si
655 2195 831 2242 melior
877 2195 1048 2255 remis,
1105 2210 1190 2242 cur
1242 2210 1342 2242 non
1391 2191 1697 2255 praecessit?
1773 2191 1895 2239 dicit

206 2283 407 2316 causam
445 2270 648 2329 propter
686 2285 836 2330 quam
874 2283 971 2316 non
1012 2269 1087 2317 est
1123 2269 1332 2316 factum:
1380 2267 1464 2316 sed
1498 2267 1709 2328 pondere
1739 2268 1894 2326 pinus

207 2343 352 2389 tarda
384 2345 526 2389 tenet:
561 2342 841 2403 iuvabatur,
873 2344 1051 2403 inquit,
1082 2358 1331 2390 remorum
1363 2342 1566 2390 meliore
1598 2339 1894 2400 substantia,

206 2415 291 2463 sed
344 2415 593 2478 lignorum
639 2432 816 2479 genere
865 2415 1042 2477 quibus
1089 2415 1334 2463 fabricata
1379 2417 1543 2463 fuerat
1589 2417 1638 2462 et
1678 2413 1892 2477 pondere
1923 2404 1971 2492 ζ

205 2489 510 2537 tardabatur.
578 2493 694 2548 post
736 2491 842 2546 hos,
893 2489 986 2538 hoc
1034 2493 1110 2538 est
1154 2492 1269 2551 post
1308 2488 1451 2551 Gyan
1490 2491 1539 2537 et
1580 2487 1892 2548 Cloanthum,
1921 2487 1968 2546 2¹3¹.

207 2578 357 2623 aequo
403 2564 702 2619 discrimine,
757 2563 811 2612 id
865 2565 939 2612 est
983 2580 1082 2612 uno
1129 2565 1179 2611 et
1222 2563 1335 2625 pari
1379 2562 1672 2622 interstitio,
1717 2562 1892 2609 Pristis
1941 2559 1971 2598 ·.‹.‘

117 2638 203 2677 155
227 2637 611 2696 Centaurusque,
649 2637 868 2698 Pristis,
894 2638 948 2684 in
995 2653 1096 2699 qua
1132 2637 1416 2685 Mnestheus
1455 2637 1643 2695 fuerat,
1683 2638 1731 2683 et
1771 2633 1891 2682 Cen·
1932 2627 1966 2659 ··'‘
1995 2638 1996 2641 ’

205 2713 402 2772 taurus,
458 2711 538 2758 eui
584 2709 842 2774 Sergestus
895 2713 1144 2773 praeerat,
1197 2710 1355 2760 locum
1407 2710 1609 2758 tendunt
1659 2722 1892 2770 superare
1920 2711 1990 2771 f

325 2841 351 2880 2
383 2837 517 2882 remis
539 2835 625 2879 LR
650 2836 722 2880 ed.
746 2837 876 2881 rimis
898 2851 934 2880 r.
1026 2841 1054 2880 4
1085 2837 1153 2880 ita
1177 2850 1265 2880 om.
1285 2837 1355 2880 ed.
1451 2840 1475 2878 7
1508 2836 1648 2890 effuso
1672 2834 1759 2878 LR
1783 2833 1852 2878 ed.
1880 2832 1889 2891 Ι

206 2909 367 2940 cursus
397 2896 450 2939 R.
576 2899 628 2938 12
655 2895 977 2952 pervadabant
1007 2896 1078 2939 ed..
1203 2900 1258 2938 14
1289 2896 1381 2952 ipsi
1411 2908 1499 2938 om.
1519 2894 1589 2938 ed.
1650 2903 1653 2907 ·
1723 2897 1776 2937 18
1802 2902 1890 2950 pro
1918 2934 1922 2937 ,

205 2968 288 2999 suo
318 2954 405 2998 LR
428 2968 622 3011 prorsus
652 2954 723 2998 ed.
877 2959 932 2997 22
964 2955 1230 3010 turbamque
1258 2953 1312 2998 R.
1459 2957 1512 2997 31
1539 2954 1720 3010 pariter
1750 2950 1913 3011 istitioe

133 3037 138 3043 ·
205 3013 294 3056 LR
325 3027 438 3057 corr.
465 3013 534 3057 ed.
565 3015 571 3070 Ι
599 3013 802 3070 pristris,
834 3013 884 3056 in
915 3013 1106 3069 interpr.
1134 3013 1296 3070 pristis
1325 3012 1423 3056 LR.
1901 3030 1904 3035 ·
