2014 3226
191 173 299 225 332
659 171 891 215 DONATI
923 170 1202 215 INTERPR.
1235 170 1414 215 VERG.

193 314 378 374 inquit,
443 312 659 360 Tiberim
720 312 886 358 videre
951 312 1217 374 contigerit
1279 314 1328 358 et
1390 327 1534 374 agros
1589 311 1768 359 Italiae
1831 327 1888 360 ac

194 388 388 435 moenia
429 402 554 448 quae
594 385 734 433 nobis
774 384 992 432 fatorum
1030 386 1223 432 ratione
1265 385 1497 432 dicuntur
1536 401 1639 433 esse
1676 385 1887 433 decreta.

193 478 301 508 cum
351 461 470 507 dicit
517 460 557 507 si
606 459 823 520 quando,
881 458 1098 506 ostendit
1143 459 1254 520 plus
1304 473 1407 506 esse
1454 458 1506 505 in
1553 460 1888 520 proximitatis

193 536 556 595 desperatione,
615 534 849 593 quoniam
911 534 1135 593 superius
1199 532 1326 580 dixit
1378 533 1584 579 Italiam
1638 533 1890 594 sequimur
1998 579 2000 591 ,

193 610 480 670 fugientem.
558 610 787 666 eoqnatas
847 607 985 653 urbis
1048 607 1161 653 olim
1213 607 1517 666 populosque
1569 609 1886 667 propinquos,
1935 597 1999 658 εξ

193 683 349 741 Epiro
378 682 685 739 Hesperiam,
719 681 892 738 quibus
923 681 1052 729 idem
1082 681 1360 728 Dardanus
1393 683 1561 728 auctor
1593 684 1733 739 atque
1763 681 1890 728 idem
1980 676 1982 678 ’

104 760 190 798 505
210 770 372 811 casus,
419 770 573 802 unam
617 755 854 813 faciemus
899 757 1156 813 utramque
1198 754 1399 802 Troiam
1446 756 1647 810 animis,
1695 758 1893 802 maneat

191 833 380 876 nostros
420 844 476 876 ea
516 843 638 876 cura
675 830 891 888 nepotes:
932 829 1025 875 etsi
1064 843 1168 888 nos,
1202 829 1381 889 inquit,
1414 844 1503 890 per
1540 828 1692 892 longa
1730 829 1889 892 regio-

192 920 308 949 num
359 902 576 950 divortia
622 903 824 954 fortuna
872 902 1132 963 conpellit,
1179 903 1347 949 tamen
1398 904 1679 950 animorum
1724 905 1892 963 potest

193 992 295 1023 esse
351 977 595 1023 indivisus
651 975 898 1037 adfectus,
962 992 1074 1023 cum
1123 976 1254 1023 enim
1299 991 1397 1023 uno
1446 978 1640 1040 generis
1689 978 1891 1024 auctore
1917 993 1963 1025 m

192 1052 411 1097 nitamur
457 1051 654 1111 sintque
701 1052 859 1097 nostri
908 1050 971 1097 ad
1019 1065 1142 1111 quos
1190 1065 1445 1111 speramus
1493 1066 1580 1098 nos
1629 1066 1732 1098 esse
1775 1066 1891 1098 ven-

192 1127 352 1184 turOS,
399 1124 485 1171 fiet
531 1126 589 1171 ut
635 1126 802 1172 vestra
842 1123 992 1171 Troia
1032 1126 1081 1171 et
1119 1126 1292 1171 nostra
1331 1126 1614 1171 animorum
1652 1124 1894 1188 religione

192 1201 434 1245 nectatur.
514 1197 692 1259 quibus
741 1198 871 1246 enim
926 1199 979 1245 in
1035 1197 1254 1245 adversis
1310 1198 1530 1245 eiusdem
1584 1213 1724 1246 casus
1780 1213 1893 1246 con-

193 1274 403 1320 sortium
449 1272 547 1319 suit
594 1271 773 1320 debent
819 1272 1042 1319 felicium
1091 1287 1288 1333 quoque
1326 1275 1609 1333 temporum
1647 1273 1892 1334 prosperi·
1992 1271 1996 1350 Ιῑ

191 1348 297 1393 tate
346 1347 594 1410 coniungi.
671 1347 873 1393 maneat
919 1348 1114 1394 nostros
1164 1362 1221 1393 ea
1261 1361 1379 1393 cura
1417 1348 1644 1408 nepotes:
1699 1348 1893 1395 nostros
1919 1355 1995 1398 15}

194 1419 462 1468 studiosius
501 1419 690 1468 imitari
732 1419 863 1481 quod
901 1419 1120 1467 viderint
1158 1435 1247 1467 nos
1289 1435 1392 1467 esse
1434 1422 1660 1468 sectatos.
1989 1414 1995 1536 j

303 1495 625 1542 Provehimur
669 1496 844 1555 pelayo
899 1495 1063 1542 vicina
1113 1493 1363 1542 Ceraunia
1414 1496 1573 1549 iuoeta,
1629 1495 1759 1542 unde
1803 1496 1896 1542 iter

194 1568 398 1616 Italiam
445 1583 710 1628 cursusque
749 1569 1062 1616 brevissimus
1100 1565 1332 1629 [undis].·
1385 1570 1456 1629 ut,
1495 1569 1677 1629 inquit,
1715 1568 1895 1631 pelago

193 1643 417 1703 provecti
447 1657 615 1690 sumus
645 1641 738 1690 hoc
771 1644 846 1690 est
876 1658 1024 1704 porro
1057 1641 1203 1703 vecti,
1232 1641 1296 1690 ad
1328 1659 1440 1690 eum
1472 1643 1698 1690 venimus
1729 1642 1894 1689 locum
1987 1695 1989 1704 Ι

196 1716 280 1777 qui
320 1732 421 1764 non
458 1717 609 1780 longo
650 1731 795 1764 cursu
835 1717 1029 1765 abesset
1068 1717 1130 1764 ab
1169 1716 1334 1764 Italia.
1396 1717 1470 1764 sol
1499 1718 1603 1764 ruit
1631 1718 1818 1764 interea
1853 1719 1896 1764 et
1918 1733 1990 1779 2⁰}

195 1794 376 1838 montes
398 1791 692 1838 umbrantur
716 1793 879 1851 opaci:
913 1791 1108 1852 elapsus
1139 1790 1238 1838 fuit
1270 1790 1374 1838 dies
1407 1806 1464 1838 ex
1494 1791 1713 1838 maxima
1736 1792 1892 1852 parte.
1987 1782 1989 1787 ’

106 1867 192 1906 510
210 1866 474 1911 sternimur
511 1867 703 1924 optatae
737 1866 921 1925 qremio
961 1865 1146 1912 telluris
1185 1865 1252 1912 ad
1290 1864 1479 1912 undam
1517 1867 1674 1913 sortiti
1714 1858 1895 1912 remos:
1984 1927 1987 1931 ι

195 1939 365 1998 remis,
420 1937 604 2000 inquit,
661 1938 726 1986 ad
778 1939 898 1987 litus
949 1940 1258 1986 accessimus.
1327 1940 1614 1999 passimque
1659 1940 1714 1986 in
1759 1938 1896 1986 litore
1983 1941 1986 1947 ’

195 2014 317 2059 sicco
356 2026 560 2071 corpora
598 2026 844 2069 curamus,
881 2014 1035 2072 fessos
1072 2027 1217 2073 sopor
1254 2014 1441 2072 inriqat
1477 2016 1640 2060 artus:
1693 2012 1747 2058 in
1783 2011 1897 2074 ipso
1982 2014 1987 2059 f-

197 2085 287 2134 illo
325 2085 474 2134 litore
504 2085 702 2135 refectis
736 2102 794 2134 ex
826 2086 934 2134 cibo
968 2086 1256 2149 corporibus
1289 2087 1583 2149 quievimus,
1615 2102 1731 2134 mox
1760 2101 1893 2147 ver0,
1918 2100 1967 2138 ει,

198 2161 255 2206 ut
285 2159 439 2208 fessos
472 2162 608 2208 artus
642 2161 782 2221 solet,
807 2175 1006 2208 somnus
1037 2162 1216 2208 tenuit.
1271 2161 1475 2210 necdum
1498 2161 1660 2208 orbem
1682 2161 1895 2208 medium
1959 2215 1962 2219 ,

197 2247 295 2280 nox
330 2234 464 2281 horis
503 2236 614 2281 acta
650 2235 858 2291 subibat,
899 2235 1021 2284 haut
1056 2237 1218 2295 seqnis
1255 2238 1407 2283 strato
1437 2235 1595 2295 surqit
1622 2234 1896 2282 Palinurus

110 2308 197 2347 515
217 2310 260 2354 et
295 2309 453 2355 omnis
493 2309 711 2366 explorat
746 2312 910 2356 ventos
949 2312 1091 2369 atque
1129 2309 1335 2358 auribus
1369 2323 1489 2358 aera
1521 2311 1697 2368 captat,
1730 2308 1895 2356 sidera

322 2510 344 2548 1
379 2506 532 2550 tibrim
563 2506 650 2550 LR
693 2507 909 2564 Thybrim·
946 2508 1016 2551 ed.
1201 2513 1318 2552 3—4
1349 2509 1649 2565 proximitate
1688 2508 1895 2565 despera-

200 2565 342 2608 tionis
372 2564 480 2608 edF.
635 2570 661 2608 5
693 2571 997 2623 coqnatasque
1029 2567 1100 2611 ed.
1254 2573 1280 2612 6
1312 2581 1452 2625 epyro
1483 2567 1532 2611 L.
1584 2570 1590 2624 Ι
1646 2568 1898 2624 hesperiam

199 2622 287 2666 LR
309 2623 425 2680 (scil.
443 2624 775 2682 propinquam)
800 2626 1029 2682 Hesperia
1059 2626 1131 2670 ed.
1265 2631 1379 2670 7-8
1410 2632 1589 2672 nostros
1611 2631 1795 2670 maneat
1823 2626 1894 2669 ed.

201 2696 315 2727 corr.
349 2683 420 2726 ed..
454 2685 574 2739 post.
709 2687 736 2728 8
767 2685 1004 2741 reqionum
1034 2685 1121 2729 LR
1150 2699 1394 2743 reqnorum
1426 2685 1497 2730 ed.
1629 2689 1684 2729 10
1716 2686 1898 2740 effeetus
1947 2735 1950 2740 ,

200 2741 288 2784 LR
318 2755 432 2786 corr.
466 2742 537 2785 ed.
669 2747 722 2786 11
755 2744 935 2800 sintque
951 2770 1008 2777 —
1025 2749 1237 2790 ventwms
1267 2758 1356 2788 om.
1389 2745 1461 2790 ed..
1594 2749 1648 2788 17
1680 2745 1804 2788 unde
1833 2749 1898 2790 est

199 2801 286 2845 iter
317 2803 481 2845 contra
511 2802 714 2845 metrum
744 2817 779 2845 r.
964 2806 1019 2846 18
1049 2804 1192 2848 undis
1229 2803 1363 2848 deest
1393 2803 1442 2847 in
1474 2803 1560 2847 LR
1592 2803 1699 2847 add.
1732 2803 1804 2848 ed.

201 2864 256 2903 21
291 2860 388 2914 fuit
418 2873 506 2904 om.
538 2859 581 2903 R
612 2860 719 2905 add.
753 2860 804 2905 r'.
965 2866 1021 2906 25
1053 2863 1130 2907 ille
1159 2862 1248 2906 LR
1277 2863 1358 2908 illo
1389 2862 1460 2907 ed.
1512 2862 1518 2922 Ι
1575 2863 1780 2918 flevimus
1809 2861 1896 2905 LR.

200 2917 275 3020 {gl
289 2918 597 3022 hspdimizsRin
636 2933 783 2977 marg.
819 2920 976 2965 adnot.
1010 2921 1053 2964 r'
1086 2923 1286 2967 sedimus
1317 2922 1387 2966 ed.
1422 2935 1676 2978 quievimus
1705 2934 1804 2965 nos.

347 2991 439 3023 rris
559 3013 567 3021 .
1852 2996 1857 2998 ⁷
