2014 3226
200 156 269 206 ‘22
659 151 888 194 noNATi
920 148 1201 192 INTERPR.
1235 147 1412 192 VERG.

200 295 394 341 facilius
426 293 810 352 uniuscuiusque
842 291 1071 337 interitus
1104 288 1366 350 provenit.v
1410 289 1606 336 turbine
1641 290 1881 351 corripuit

199 367 496 428 scopuloque
536 366 698 412 infixit
739 366 906 422 acuto,
946 363 1030 426 figi
1071 365 1198 410 enim
1233 378 1330 411 non
1364 364 1531 424 potuit
1561 364 1658 410 nisi
1690 364 1880 427 ingenti

199 441 408 499 turbine,
435 456 543 487 cum
568 438 780 499 pondere
807 440 954 498 atque
980 453 1160 500 magno
1186 439 1300 484 actu
1332 452 1449 484 saxo
1483 438 1657 484 fuisset
1689 438 1879 485 inlisus.⁴

199 518 248 561 et
287 515 377 560 hoc
418 514 478 560 ad
518 513 773 559 irascentis
814 512 1033 558 animum
1072 512 1303 572 pertinet,
1336 513 1404 571 ut,
1440 526 1550 558 cum
1589 510 1641 557 in
1681 512 1880 558 acutum

199 588 452 649 scopulum
494 588 643 633 etiam
683 585 903 632 modesto
943 585 1095 631 fluctu
1136 585 1350 632 iactatus
1390 585 1590 631 haerere
1623 585 1880 646 potuisset,
1926 599 1947 632 5

200 661 459 709 adderetur
483 661 640 706 maior
664 660 753 718 vis,
781 674 875 719 quo
903 658 1098 706 facilius
1123 658 1262 705 fieret
1295 658 1427 720 quod
1458 658 1656 705 volebat
1682 658 1879 705 offensa.

198 736 275 781 hic
324 736 470 780 etiam
511 733 636 780 illud
674 733 900 795 intellegi
938 734 1115 793 potest,
1155 732 1339 779 idcirco
1379 747 1491 779 eum
1530 731 1735 779 infixum
1778 747 1880 779 sco-

197 809 328 869 pulo,
369 824 428 854 ne
469 807 659 854 delatus
700 807 922 854 fortassis
963 805 1026 852 ad
1063 806 1183 853 litus
1217 806 1498 867 sepulturae
1530 806 1708 855 saltem
1738 806 1880 853 bene-

195 883 362 928 ficium
393 882 644 942 reperiret.
715 880 835 926 haec
866 880 1022 942 igitur
1062 880 1433 941 suppliciorum.
1459 895 1639 944 genera
1678 882 1883 942 propter

197 955 515 1003 acerbitatem
539 954 719 1001 Iunoni
751 953 1026 1014 displicent,
1055 969 1179 1014 quae
1203 953 1405 1001 volebat
1429 954 1636 1001 Aiacem
1660 955 1881 1015 potuisse
1907 967 1949 1000 1⁰

196 1027 413 1088 defendi,
463 1044 557 1088 quo
605 1027 762 1090 magis
811 1043 913 1074 sese
962 1027 1212 1074 excruciat
1257 1029 1502 1075 insontem
1552 1029 1733 1075 furore·
1772 1040 1882 1088 pec-

196 1117 329 1149 casse
385 1102 660 1149 diiudicans
716 1104 766 1148 et
820 1100 1065 1148 arbitrata
1119 1101 1314 1149 crimini
1362 1101 1597 1149 obnoxios
1644 1101 1882 1149 tenendos

196 1191 298 1223 esse
339 1176 591 1235 Troianos,
626 1175 711 1236 qui
741 1191 840 1222 non
873 1178 1014 1222 erant
1043 1176 1128 1222 rei.
1209 1176 1459 1223 concludit
1490 1177 1612 1222 mire
1646 1191 1880 1237 conpara-

194 1251 379 1297 tionem
418 1251 578 1310 ipsam
619 1265 647 1296 a
686 1264 895 1310 persona
935 1265 1024 1296 sua
1056 1249 1220 1297 dicens
1254 1252 1331 1297 ast
1368 1264 1466 1309 eyo,
1499 1252 1548 1296 et
1589 1266 1739 1310 quam
1782 1249 1882 1296 vim

195 1325 487 1385 pronomina
532 1325 737 1370 teneant
773 1324 878 1384 ipse
918 1325 1066 1385 poeta
1104 1325 1424 1383 monstravit,
1473 1339 1584 1371 cum
1625 1325 1881 1386 sequentia
1908 1337 1950 1370 15

194 1399 423 1443 necteret.
497 1398 567 1444 ait
607 1398 739 1443 enim
778 1411 901 1455 quae
939 1398 1107 1444 divam
1145 1398 1311 1445 incedo
1350 1399 1535 1458 reyma,
1575 1398 1802 1457 Iovisque
1842 1401 1885 1444 et

194 1485 330 1517 soror
355 1474 395 1517 et
419 1471 639 1517 conianoe.
691 1470 909 1519 ostendit
942 1486 1056 1535 ergo
1090 1471 1210 1533 quid
1242 1473 1308 1519 sit
1339 1471 1471 1534 quod
1505 1471 1632 1518 dixit
1664 1474 1742 1519 ast
1775 1487 1882 1534 ego,

195 1544 382 1591 scilicet
430 1559 558 1605 quae
604 1546 740 1592 omni
786 1561 963 1608 genere
1001 1545 1279 1593 Minervam
1324 1543 1581 1607 praecedo.
1658 1547 1883 1609 reginam

194 1619 324 1664 enim
364 1617 622 1665 constabat
662 1619 834 1666 ceteris
875 1635 978 1667 esse
1016 1619 1262 1680 potiorem
1303 1619 1565 1667 accedente
1598 1634 1654 1667 60
1688 1634 1883 1681 quoque

196 1691 338 1752 quod,
380 1693 575 1739 etiamsi
613 1692 805 1739 nullam
843 1693 1044 1756 reginae
1082 1693 1286 1741 haberet
1324 1695 1646 1755 potestatem,
1685 1693 1884 1741 deberet
1908 1679 1969 1740 κ’

196 1764 256 1812 ab
296 1780 351 1812 eo
394 1766 479 1826 qui
517 1766 673 1812 frater
713 1769 839 1814 esset
883 1769 947 1814 et
978 1768 1187 1816 maritus
1236 1768 1440 1829 aliquod
1488 1769 1741 1815 meritum
1770 1783 1881 1816 0011-
1953 1828 1956 1830 -

196 1839 347 1899 sequi.
425 1840 617 1886 constat
663 1841 795 1886 enim
834 1840 1066 1888 mulieres
1115 1857 1144 1888 a
1189 1842 1383 1890 maritis
1424 1841 1682 1903 adquirere
1722 1841 1881 1905 digni-

195 1913 372 1971 tatem,
420 1913 461 1959 si
507 1914 677 1975 magni
722 1914 823 1960 sint
870 1916 926 1962 et
961 1916 1013 1961 in
1053 1930 1244 1963 summo
1283 1916 1468 1963 honore
1508 1918 1596 1963 aut
1633 1917 1882 1976 potestate
1952 1940 1974 1982 s,

195 1984 393 2046 fuerint,
426 2002 514 2047 per
542 1987 780 2034 maritum
812 1991 980 2035 autem
1012 1989 1200 2049 cadere,
1232 1990 1275 2036 si
1305 1989 1491 2038 nullius
1531 1989 1682 2037 fuerit
1720 1989 1880 2053 digni·
1965 2039 1972 2049 ‚

194 2059 328 2106 tatis.
391 2075 502 2106 cuin
532 2060 688 2123 igitur
727 2062 778 2108 et
813 2062 924 2123 ipsa
959 2065 1087 2110 esset
1115 2065 1289 2127 regina
1323 2066 1372 2111 et
1403 2063 1607 2111 deorum
1637 2079 1722 2112 rex
1754 2065 1884 2111 esset
1906 2055 1974 2130 ff}

197 2132 286 2192 qui
330 2131 374 2179 ei
423 2134 472 2180 et
518 2134 688 2181 mariti
735 2137 981 2184 consortio
1007 2138 1079 2184 ‘et
1124 2139 1470 2200 germanitatis
1510 2137 1708 2185 vinculo
1724 2150 1731 2174 -’
1747 2139 1882 2187 tene-2
1951 2131 1974 2202 ξ’

194 2207 353 2265 retur,
406 2206 831 2256 vehementissime
885 2210 1197 2271 movebatur,
1261 2210 1391 2272 quod
1453 2211 1731 2259 desiderata
1785 2226 1883 2259 non
1950 2182 1977 2270 3ss

196 2279 383 2326 valeret
427 2280 628 2342 inplere.
706 2284 763 2329 ut
808 2285 975 2331 autem
1021 2286 1189 2332 omnia
1234 2286 1443 2332 rationis
1482 2300 1600 2333 suae
1639 2285 1693 2332 111-
1730 2290 1884 2332 unuin
1948 2274 1976 2331 ²¹⁸5.

195 2352 464 2416 colligeret,
489 2355 648 2401 utitur
679 2356 1098 2417 anacephalaeosi.
1161 2374 1277 2406 nam
1307 2374 1448 2407 mene
1481 2358 1614 2421 quod
1644 2359 1703 2406 in·¹
1717 2360 1883 2421 capite

195 2427 384 2486 posuit,
429 2427 522 2474 hoc
562 2429 637 2475 est
675 2431 752 2476 ast
790 2445 902 2517 ego,
959 2431 1091 2492 quod
1129 2432 1256 2480 dixit
1293 2434 1347 2480 in
1385 2433 1647 2495 principiis
1683 2434 1888 2542 incepto

315 2599 340 2637 2
364 2592 552 2654 inqente
583 2596 670 2640 LR
702 2611 815 2642 corr.
849 2593 918 2643 ed.
1084 2605 1110 2644 3
1143 2608 1249 2647 acta
1279 2601 1367 2645 LR
1397 2602 1491 2647 ictu
1523 2601 1616 2695 611.;
1651 2602 1734 2646 sed
1765 2590 1881 2646 Don.

196 2652 395 2711 Vergilii
426 2655 691 2712 exemplum
725 2661 793 2711 12,
819 2662 904 2702 687
937 2661 1123 2704 secutus
1157 2669 1256 2704 esse
1286 2660 1522 2705 'videtur
1600 2665 1678 2706 5
1702 2658 1885 2706 molesta

197 2710 417 2757 ed.11
444 2727 650 2770 peccasse
682 2715 716 2758 L
743 2730 930 2772 peccare
959 2718 1000 2761 R
1033 2732 1145 2763 corr.
1178 2735 1214 2764 r.
1322 2725 1375 2764 18
1406 2734 1559 2766 rerum
1588 2722 1698 2778 post
1726 2732 1886 2789 genere

195 2770 415 2828 intui-pol.
447 2772 553 2816 edF.
676 2779 732 2818 22
764 2776 1002 2821 constabat
1032 2777 1119 2822 ΕΒ,
1149 2785 1326 2824 constat
1356 2779 1427 2823 ed.
1458 2781 1488 2835 l
1523 2787 1556 2824 a
1583 2780 1770 2824 mamis
1796 2778 1884 2822 LR

194 2830 400 2875 amantis
429 2831 500 2875 ed.
638 2837 695 2876 24
725 2832 883 2878 cadere
913 2834 1002 2878 LR·
1030 2837 1236 2883 accedere
1266 2838 1338 2882 611.
1401 2850 1403 2853 ·
1479 2842 1537 2882 26
1569 2843 1626 2883 et
1638 2840 1770 2895 post
1777 2836 1890 2883 ακᾰ·

191 2889 335 2990 ἰὲῆίο
354 2894 492 2992 tomd
510 2889 630 2934 LR:
643 2891 752 2935 add.
792 2893 862 2936 ed.
981 2924 986 2930 -
1006 2898 1100 2939 28
1141 2898 1302 2942 omm’a
1340 2906 1438 2940 tom.
1483 2898 1725 2942 rationem
1747 2905 1886 2942 swam
1936 2903 1937 2906 ’

250 2946 366 3003 npsi
421 2961 446 2991 e
619 2967 623 2975 ·
929 2961 1051 2989 ..ῑ·
1110 2967 1112 2986 :
1364 2985 1371 2990 .
1430 2985 1435 2989 .
