2014 3226
208 204 311 254 164
673 201 902 245 DONATI
934 202 997 244 IN
1001 202 1213 245 TERPR.
1246 202 1423 246 VERG.
1563 197 1596 215 ⁶*

204 345 423 392 omnium
472 343 711 403 processit
759 341 1016 401 adsensus,
1071 358 1168 389 non
1215 342 1327 390 ideo
1376 343 1506 403 quod
1555 342 1686 404 apud
1735 343 1892 390 omnis

202 418 456 464 habuisset
504 416 671 463 odium
722 414 898 474 Sinon,
952 415 1037 462 sed
1084 416 1217 476 quod
1263 417 1599 478 unusquisque
1653 418 1894 463 metueret

203 508 263 538 ne
303 493 352 536 111
395 489 640 551 designati
674 489 838 536 locum
870 488 1172 536 subderetur.
1236 489 1397 536 Ulixis
1431 493 1598 537 autem
1628 490 1895 538 factionem

204 566 353 611 fuisse
394 564 710 609 manifestam
742 564 1052 624 apertissime
1086 564 1441 624 conprobatum
1475 566 1549 611 est
1581 580 1638 611 ex
1669 580 1726 611 eo
1764 564 1896 624 quod

199 639 317 685 haec
358 654 444 698 per
484 639 647 697 ipsum
678 639 891 683 ventura
923 636 1070 683 multi
1101 637 1451 697 praedixerant
1485 641 1532 684 et
1566 636 1772 685 Calchas
1804 654 1894 698 per
1941 655 1959 687 5

199 712 437 773 plurimos
479 710 582 757 dies
624 710 815 757 nullum
855 710 1013 757 voluit
1057 710 1317 773 designare
1362 712 1695 758 mactandum.
1771 712 1893 758 iam-

199 801 286 844 que:
327 786 427 831 dies
465 785 678 842 infanda
715 785 899 831 aderat.
933 785 1050 831 milei
1081 799 1222 831 sacra
1248 787 1432 844 parari
1466 789 1507 831 et
1537 786 1698 833 salsae
1729 786 1894 845 fruyes

200 863 239 905 el
279 861 459 906 circum
498 862 713 917 tempora
751 859 919 905 vittae:
958 860 1074 918 iam,
1107 858 1286 919 inquit,
1320 859 1423 906 dies
1457 859 1628 906 aderat
1668 861 1893 907 execrata

198 949 323 994 quae
364 933 488 979 mihi
526 932 687 979 lucem
725 931 890 979 fuerat
929 934 1181 993 ereptura,
1228 948 1383 994 usque
1424 933 1546 979 adeo
1586 927 1644 979 ut
1691 934 1791 980 iam
1840 934 1894 979 in

198 1023 274 1053 me
321 1022 572 1054 sacrorum
619 1008 748 1053 esset
797 1006 1028 1067 conpleta
1075 1007 1402 1067 sollemnitas,
1455 1007 1587 1055 solus
1636 1009 1894 1068 supererat
1920 1024 1961 1056 ιο

197 1096 334 1127 meae
368 1079 542 1128 salutis
575 1079 820 1140 interitus,
846 1082 1064 1127 ceterum
1097 1083 1145 1126 et
1177 1081 1319 1128 vittis
1352 1097 1516 1127 meum
1548 1083 1700 1142 caput
1730 1081 1893 1128 fuerat

198 1171 375 1201 nexum
423 1156 472 1201 et
519 1153 760 1200 libamina
805 1157 983 1215 parata
1029 1153 1317 1201 ferebantur
1363 1157 1511 1216 atque
1558 1156 1664 1216 ipse
1722 1154 1893 1201 aderat

198 1230 417 1276 nefarius
451 1227 570 1275 dies.
635 1229 805 1286 eripui,
836 1229 1006 1286 fateor,
1040 1229 1128 1275 leto
1167 1243 1242 1275 me
1281 1232 1323 1275 et
1359 1229 1555 1275 vincula
1593 1229 1732 1288 rupi:
1769 1229 1893 1290 fugi,

197 1302 374 1364 inquit,
412 1318 512 1350 non
552 1301 750 1363 culpam
791 1302 1001 1350 alicuius
1042 1301 1260 1361 admissi,
1301 1302 1387 1349 sed
1425 1305 1481 1349 ut
1525 1301 1892 1350 crudelissimae

196 1378 369 1423 mortis
409 1377 616 1423 exitium
654 1376 887 1423 innocens
929 1377 1180 1435 evitarem,
1220 1377 1342 1440 fugi,
1381 1392 1442 1422 ne
1482 1375 1541 1422 de
1581 1379 1738 1423 morte
1779 1391 1888 1423 mea
1918 1392 1986 1424 15,

198 1450 435 1513 gauderet
479 1450 734 1509 inimicus,
789 1450 898 1512 fugi
945 1452 994 1496 et
1040 1465 1116 1496 me
1163 1450 1349 1512 fugisse
1402 1449 1649 1498 confiteor.
1726 1452 1893 1511 potuit
1984 1455 1985 1458 ’

198 1524 295 1571 dici
334 1523 578 1586 quomodo
619 1525 830 1584 potuisti
861 1524 1032 1586 fugere
1065 1525 1153 1585 qui
1185 1524 1352 1571 fueras
1385 1523 1618 1571 vinctus?
1681 1523 1752 1570 ait
1784 1525 1898 1585 ipse,
1968 1518 1985 1591 ξ

111 1605 193 1644 135
211 1599 325 1660 rupi
371 1597 573 1646 vincula
620 1599 769 1659 atque
815 1599 890 1645 ita
934 1613 1073 1644 meae
1121 1598 1273 1645 saluti
1311 1599 1558 1659 prospexi.
1636 1599 1894 1656 limosoque
1959 1591 1977 1634 s

197 1674 308 1720 lacu
337 1687 431 1732 per
467 1675 650 1719 noctem
689 1672 920 1719 obscurus
959 1672 1012 1718 in
1049 1671 1168 1718 ulva
1199 1673 1388 1719 delitui:
1428 1672 1624 1735 singula
1655 1688 1754 1719 non
1787 1672 1892 1719 sine

197 1747 389 1793 ratione
428 1747 617 1807 posuit:
671 1761 788 1793 nam
827 1747 996 1793 omnia
1035 1745 1249 1808 fugitivo
1297 1747 1562 1808 suffragari
1607 1748 1890 1807 potuerunt,

197 1821 344 1867 limus
376 1823 426 1868 et
455 1821 607 1879 lacus,
639 1835 736 1880 quo
769 1836 870 1868 non
907 1819 1053 1867 facile
1093 1823 1296 1881 possent
1334 1820 1647 1880 insequentes
1686 1821 1888 1866 intrare.

196 1895 366 1955 posuit
414 1897 463 1941 et
509 1895 725 1954 noctem,
771 1898 830 1940 ut
867 1909 967 1940 non
1004 1895 1203 1941 tantum
1243 1908 1273 1940 a
1310 1894 1419 1941 loco
1458 1909 1630 1941 verum
1669 1894 1821 1940 etiam
1861 1908 1890 1940 a

197 1971 417 2029 tempore
457 1967 656 2015 duceret
695 1970 1043 2031 argumentum
1075 1983 1133 2014 ac
1163 1968 1380 2015 tenebris
1413 1982 1608 2029 quoque
1640 1963 1892 2014 videretur
1954 1986 1973 2034 3..

199 2041 411 2088 adiutus.
489 2041 723 2089 obscurus
770 2043 824 2088 111
873 2042 994 2090 ulva
1044 2041 1242 2089 delitui:
1303 2041 1629 2088 timiditatem
1682 2039 1890 2087 nimiam
1964 2037 1971 2087 ἶ

199 2115 307 2162 vult
360 2115 719 2176 demonstrare,
773 2118 850 2176 ut,
906 2131 1018 2162 cum
1071 2117 1200 2164 esset
1252 2116 1306 2162 in
1359 2131 1414 2162 eo
1462 2116 1570 2163 loco
1619 2131 1716 2176 quo
1763 2115 1892 2162 1111111

199 2187 364 2236 aditus
404 2189 566 2236 facilis
605 2191 881 2251 putaretur,
914 2188 1164 2236 addiderit
1195 2189 1297 2236 alia
1329 2188 1506 2251 quibus
1540 2205 1642 2237 esse
1675 2190 1892 2236 securior
1962 2190 1969 2199 ‘

198 2264 380 2324 posset.
457 2264 510 2309 in
550 2263 668 2310 ulva
707 2263 903 2310 delitui:
953 2263 1123 2311 ulvam
1161 2263 1385 2325 plerique
1428 2278 1534 2309 eam
1576 2263 1747 2311 dicunt
1785 2261 1889 2310 esse
1938 2255 1949 2284 ³·

199 2351 351 2397 quam
388 2337 539 2399 vulgo
578 2337 761 2384 budam
801 2337 1079 2400 appellant:
1119 2352 1208 2385 nos
1247 2337 1373 2383 nihil
1414 2336 1620 2384 dicimus
1652 2338 1888 2384 interesse
1927 2394 1932 2406 ·

199 2411 369 2457 utrum
407 2410 518 2472 ipsa
557 2410 623 2458 sit
661 2426 726 2458 an
765 2411 970 2458 alterius
1009 2412 1204 2473 generis
1237 2411 1436 2472 species,
1469 2409 1733 2458 dummodo
1766 2410 1889 2457 scia-

198 2498 306 2531 mus
352 2484 407 2530 in
453 2484 561 2532 loco
609 2500 793 2547 aquoso
840 2500 939 2532 non
986 2485 1199 2532 defuisse
1246 2484 1378 2546 quod
1432 2485 1591 2532 celare
1641 2484 1892 2532 hominem

198 2559 377 2618 posset.
429 2558 548 2605 dum
578 2559 686 2606 vela
716 2558 913 2606 darent:
941 2558 1136 2605 tamdiu
1168 2558 1364 2606 futurus
1395 2557 1449 2605 in
1481 2558 1688 2618 occulto,
1720 2572 1903 2619 quam-s

199 2630 286 2677 diu
332 2633 649 2694 navigarent,
695 2634 754 2678 ut
799 2647 912 2680 suos
958 2633 1118 2695 magis
1166 2647 1316 2694 quam
1363 2632 1604 2679 Troianos
1654 2630 1888 2679 metuisse

322 2777 373 2814 11
408 2777 601 2816 ceterum
633 2771 719 2814 LR
749 2777 862 2816 certe
893 2773 964 2816 ed..
1089 2777 1141 2816 12
1176 2773 1322 2828 adque
1353 2771 1439 2814 LR
1478 2772 1540 2815 ad
1571 2786 1684 2828 quae
1715 2771 1786 2816 ed.
1819 2776 1910 2815 at-·

201 2845 283 2887 que
312 2845 412 2875 nos.
573 2835 628 2874 14
659 2832 842 2887 culpam
873 2831 908 2874 L
941 2831 1128 2934 culpass
1156 2845 1262 2874 cum
1292 2843 1456 2875 rasura
1487 2830 1694 2898 lia-culpa
1727 2830 1798 2874 ed.

203 2894 258 2933 15
295 2890 350 2935 de
389 2904 477 2934 om.
510 2889 583 2933 ed.
737 2894 791 2933 17
833 2889 1054 2946 quomodo
1155 2904 1214 2947 pc
1245 2890 1464 2946 quomodo
1496 2891 1597 2945 (310)
1629 2889 1671 2932 R
1702 2893 1892 2946 propter

200 2949 386 2993 vincula
417 2962 491 3005 qu.
523 2963 558 2993 r.
703 2953 760 2992 25
792 2963 842 2993 eo
873 2950 968 2993 loco
999 2949 1085 2992 LR
1115 2950 1195 2993 illo
1226 2949 1297 2993 ed.
1444 2953 1500 2992 26
1527 2953 1773 3004 putaretur
1803 2947 1905 2990 LR‘

195 3012 373 3064 pateret
402 3007 475 3052 ed.
506 3009 625 3065 post.
748 3012 805 3052 28
836 3008 1063 3065 appellent
1092 3008 1166 3052 ed.
