<?xml version="1.0" encoding="UTF-8"?>
<!DOCTYPE html PUBLIC "-//W3C//DTD XHTML 1.0 Transitional//EN"
    "http://www.w3.org/TR/xhtml1/DTD/xhtml1-transitional.dtd">
<html xmlns="http://www.w3.org/1999/xhtml" xml:lang="en" lang="en">
 <head>
  <title>
</title>
<meta http-equiv="Content-Type" content="text/html;charset=utf-8" />
  <meta name='ocr-system' content='tesseract 3.04.00' />
  <meta name='ocr-capabilities' content='ocr_page ocr_carea ocr_par ocr_line ocrx_word'/>
</head>
<body>
  <div class='ocr_page' id='page_1' title='image "./interpretationes01donauoft_0495.png"; bbox 0 0 2014 3226; ppageno 0'>
   <div class='ocr_carea' id='block_1_1' title="bbox 790 174 1823 231">
    <p class='ocr_par' dir='ltr' id='par_1_1' title="bbox 790 174 1823 231">
     <span class='ocr_line' id='line_1_1' title="bbox 790 174 1823 231; baseline 0 -16"><span class='ocrx_word' id='word_1_1' title='bbox 790 174 1090 218; x_wconf 73' lang='lat' dir='ltr'>AssNfflDos</span> <span class='ocrx_word' id='word_1_2' title='bbox 1125 176 1163 218; x_wconf 73' lang='lat' dir='ltr'><strong>v</strong></span> <span class='ocrx_word' id='word_1_3' title='bbox 1718 184 1823 231; x_wconf 52' lang='grc' dir='ltr'>μς,</span> 
     </span>
    </p>
   </div>
   <div class='ocr_carea' id='block_1_2' title="bbox 27 312 1917 2222">
    <p class='ocr_par' dir='ltr' id='par_1_2' title="bbox 27 312 1917 2222">
     <span class='ocr_line' id='line_1_2' title="bbox 143 312 1823 379; baseline 0.004 -20"><span class='ocrx_word' id='word_1_4' title='bbox 143 326 303 373; x_wconf 83' lang='lat' dir='ltr'>saepe.</span> <span class='ocrx_word' id='word_1_5' title='bbox 368 312 500 373; x_wconf 88' lang='lat' dir='ltr'>quod</span> <span class='ocrx_word' id='word_1_6' title='bbox 542 314 718 373; x_wconf 78' lang='lat' dir='ltr'><strong>quater</strong></span> <span class='ocrx_word' id='word_1_7' title='bbox 759 314 829 359; x_wconf 85' lang='lat' dir='ltr'>ait·</span> <span class='ocrx_word' id='word_1_8' title='bbox 870 330 996 361; x_wconf 91' lang='grc'>1111110</span> <span class='ocrx_word' id='word_1_9' title='bbox 1038 318 1085 361; x_wconf 90' lang='grc'>01</span> <span class='ocrx_word' id='word_1_10' title='bbox 1124 316 1173 361; x_wconf 91' lang='lat' dir='ltr'>id</span> <span class='ocrx_word' id='word_1_11' title='bbox 1214 317 1373 376; x_wconf 85' lang='lat' dir='ltr'>ipsum</span> <span class='ocrx_word' id='word_1_12' title='bbox 1408 333 1552 379; x_wconf 83' lang='lat' dir='ltr'>saepe</span> <span class='ocrx_word' id='word_1_13' title='bbox 1586 336 1823 366; x_wconf 83' lang='grc'>00111111011-</span> 
     </span>
     <span class='ocr_line' id='line_1_3' title="bbox 145 385 1824 451; baseline 0.005 -20"><span class='ocrx_word' id='word_1_14' title='bbox 145 385 303 446; x_wconf 84' lang='lat' dir='ltr'>davit,</span> <span class='ocrx_word' id='word_1_15' title='bbox 351 386 443 432; x_wconf 88' lang='lat' dir='ltr'>hoc</span> <span class='ocrx_word' id='word_1_16' title='bbox 492 385 762 447; x_wconf 85' lang='lat' dir='ltr'>significat,</span> <span class='ocrx_word' id='word_1_17' title='bbox 810 387 941 447; x_wconf 92' lang='lat' dir='ltr'>quod</span> <span class='ocrx_word' id='word_1_18' title='bbox 989 390 1145 436; x_wconf 89' lang='lat' dir='ltr'>omnis</span> <span class='ocrx_word' id='word_1_19' title='bbox 1187 390 1346 450; x_wconf 80' lang='lat' dir='ltr'>gloria</span> <span class='ocrx_word' id='word_1_20' title='bbox 1386 390 1645 438; x_wconf 75' lang='lat' dir='ltr'>interitura</span> <span class='ocrx_word' id='word_1_21' title='bbox 1686 398 1824 451; x_wconf 84' lang='lat' dir='ltr'>esset,</span> 
     </span>
     <span class='ocr_line' id='line_1_4' title="bbox 145 459 1824 522; baseline 0.004 -16"><span class='ocrx_word' id='word_1_22' title='bbox 145 459 186 506; x_wconf 91' lang='grc'>31</span> <span class='ocrx_word' id='word_1_23' title='bbox 225 459 352 506; x_wconf 88' lang='lat' dir='ltr'>illud</span> <span class='ocrx_word' id='word_1_24' title='bbox 391 461 607 520; x_wconf 90' lang='lat' dir='ltr'>tempus,</span> <span class='ocrx_word' id='word_1_25' title='bbox 656 461 697 506; x_wconf 91' lang='lat' dir='ltr'>si</span> <span class='ocrx_word' id='word_1_26' title='bbox 738 462 928 507; x_wconf 87' lang='lat' dir='ltr'>occasio</span> <span class='ocrx_word' id='word_1_27' title='bbox 969 478 1198 522; x_wconf 84' lang='lat' dir='ltr'>praesens</span> <span class='ocrx_word' id='word_1_28' title='bbox 1238 463 1484 510; x_wconf 77' lang='lat' dir='ltr'>laberetur</span> <span class='ocrx_word' id='word_1_29' title='bbox 1523 481 1547 512; x_wconf 91' lang='lat' dir='ltr'>e</span> <span class='ocrx_word' id='word_1_30' title='bbox 1587 466 1824 513; x_wconf 82' lang='lat' dir='ltr'>manibus.</span> 
     </span>
     <span class='ocr_line' id='line_1_5' title="bbox 145 533 1825 599; baseline 0.005 -20"><span class='ocrx_word' id='word_1_31' title='bbox 145 548 296 593; x_wconf 86' lang='lat' dir='ltr'>nunc,</span> <span class='ocrx_word' id='word_1_32' title='bbox 350 533 536 594; x_wconf 87' lang='lat' dir='ltr'>inquit,</span> <span class='ocrx_word' id='word_1_33' title='bbox 591 549 720 580; x_wconf 88' lang='lat' dir='ltr'>nunc</span> <span class='ocrx_word' id='word_1_34' title='bbox 767 533 1029 596; x_wconf 80' lang='lat' dir='ltr'>insurgite,</span> <span class='ocrx_word' id='word_1_35' title='bbox 1086 537 1222 583; x_wconf 83' lang='lat' dir='ltr'>adest</span> <span class='ocrx_word' id='word_1_36' title='bbox 1278 540 1468 599; x_wconf 85' lang='lat' dir='ltr'>tempus</span> <span class='ocrx_word' id='word_1_37' title='bbox 1526 555 1622 599; x_wconf 85' lang='lat' dir='ltr'>quo</span> <span class='ocrx_word' id='word_1_38' title='bbox 1678 541 1825 587; x_wconf 85' lang='lat' dir='ltr'>fortia</span> 
     </span>
     <span class='ocr_line' id='line_1_6' title="bbox 29 599 1824 682; baseline 0.003 -28"><span class='ocrx_word' id='word_1_39' title='bbox 29 599 38 682; x_wconf 46' lang='lat'>{5</span> <span class='ocrx_word' id='word_1_40' title='bbox 100 606 344 654; x_wconf 69' lang='lat' dir='ltr'>svirtutis</span> <span class='ocrx_word' id='word_1_41' title='bbox 391 608 585 654; x_wconf 86' lang='lat' dir='ltr'>vestrae</span> <span class='ocrx_word' id='word_1_42' title='bbox 633 609 682 653; x_wconf 89' lang='lat' dir='ltr'>et</span> <span class='ocrx_word' id='word_1_43' title='bbox 729 610 867 669; x_wconf 85' lang='lat' dir='ltr'>gesta</span> <span class='ocrx_word' id='word_1_44' title='bbox 915 611 1178 668; x_wconf 83' lang='lat' dir='ltr'>superioris</span> <span class='ocrx_word' id='word_1_45' title='bbox 1226 612 1459 672; x_wconf 79' lang='lat' dir='ltr'>temporis</span> <span class='ocrx_word' id='word_1_46' title='bbox 1503 613 1824 673; x_wconf 87' lang='lat' dir='ltr'>conprobetis.</span> 
     </span>
     <span class='ocr_line' id='line_1_7' title="bbox 28 680 1826 747; baseline 0.004 -21"><span class='ocrx_word' id='word_1_47' title='bbox 28 686 35 747; x_wconf 58' lang='lat'>¹,</span> <span class='ocrx_word' id='word_1_48' title='bbox 145 695 275 727; x_wconf 90' lang='lat' dir='ltr'>nunc</span> <span class='ocrx_word' id='word_1_49' title='bbox 312 680 414 727; x_wconf 90' lang='lat' dir='ltr'>illis</span> <span class='ocrx_word' id='word_1_50' title='bbox 459 681 659 740; x_wconf 83' lang='lat' dir='ltr'>animis,</span> <span class='ocrx_word' id='word_1_51' title='bbox 707 695 836 727; x_wconf 90' lang='lat' dir='ltr'>nunc</span> <span class='ocrx_word' id='word_1_52' title='bbox 876 682 1060 729; x_wconf 87' lang='lat' dir='ltr'>viribus</span> <span class='ocrx_word' id='word_1_53' title='bbox 1102 699 1224 744; x_wconf 88' lang='lat' dir='ltr'>opus</span> <span class='ocrx_word' id='word_1_54' title='bbox 1265 688 1338 731; x_wconf 90' lang='grc'>031</span> <span class='ocrx_word' id='word_1_55' title='bbox 1379 685 1553 745; x_wconf 83' lang='grc'>(111111113</span> <span class='ocrx_word' id='word_1_56' title='bbox 1593 686 1669 733; x_wconf 88' lang='grc'>1131</span> <span class='ocrx_word' id='word_1_57' title='bbox 1710 689 1826 734; x_wconf 83' lang='lat' dir='ltr'>estis</span> 
     </span>
     <span class='ocr_line' id='line_1_8' title="bbox 29 754 1826 819; baseline 0.003 -18"><span class='ocrx_word' id='word_1_58' title='bbox 29 755 31 811; x_wconf 71' lang='lat' dir='ltr'>J</span> <span class='ocrx_word' id='word_1_59' title='bbox 145 769 257 802; x_wconf 89' lang='lat' dir='ltr'>cum</span> <span class='ocrx_word' id='word_1_60' title='bbox 295 754 523 802; x_wconf 72' lang='lat' dir='ltr'>Hectoris</span> <span class='ocrx_word' id='word_1_61' title='bbox 565 755 734 802; x_wconf 88' lang='lat' dir='ltr'>essetis</span> <span class='ocrx_word' id='word_1_62' title='bbox 775 755 951 802; x_wconf 87' lang='lat' dir='ltr'>sociati</span> <span class='ocrx_word' id='word_1_63' title='bbox 990 756 1164 803; x_wconf 70' lang='lat' dir='ltr'>virtuti</span> <span class='ocrx_word' id='word_1_64' title='bbox 1203 758 1475 819; x_wconf 82' lang='lat' dir='ltr'>quibusque</span> <span class='ocrx_word' id='word_1_65' title='bbox 1509 760 1663 806; x_wconf 84' lang='lat' dir='ltr'>multa</span> <span class='ocrx_word' id='word_1_66' title='bbox 1696 760 1826 807; x_wconf 84' lang='lat' dir='ltr'>mala</span> 
     </span>
     <span class='ocr_line' id='line_1_9' title="bbox 27 829 1825 894; baseline 0.003 -20"><span class='ocrx_word' id='word_1_67' title='bbox 27 829 32 894; x_wconf 63' lang='grc' dir='ltr'><strong><em>ξ</em></strong></span> <span class='ocrx_word' id='word_1_68' title='bbox 147 831 196 875; x_wconf 89' lang='grc'>01</span> <span class='ocrx_word' id='word_1_69' title='bbox 248 829 474 890; x_wconf 87' lang='lat' dir='ltr'>ingentia</span> <span class='ocrx_word' id='word_1_70' title='bbox 528 830 821 890; x_wconf 86' lang='lat' dir='ltr'>superastis,</span> <span class='ocrx_word' id='word_1_71' title='bbox 878 845 998 889; x_wconf 93' lang='lat' dir='ltr'>quos</span> <span class='ocrx_word' id='word_1_72' title='bbox 1055 846 1143 892; x_wconf 85' lang='lat' dir='ltr'>ego</span> <span class='ocrx_word' id='word_1_73' title='bbox 1199 834 1310 891; x_wconf 88' lang='lat' dir='ltr'>post</span> <span class='ocrx_word' id='word_1_74' title='bbox 1361 833 1586 879; x_wconf 83' lang='lat' dir='ltr'>ultimam</span> <span class='ocrx_word' id='word_1_75' title='bbox 1637 836 1825 893; x_wconf 81' lang='lat' dir='ltr'>patriae</span> 
     </span>
     <span class='ocr_line' id='line_1_10' title="bbox 29 901 1828 969; baseline 0.003 -20"><span class='ocrx_word' id='word_1_76' title='bbox 29 902 31 906; x_wconf 81' lang='grc'><strong>’</strong></span> <span class='ocrx_word' id='word_1_77' title='bbox 147 905 328 950; x_wconf 81' lang='lat' dir='ltr'>sortem</span> <span class='ocrx_word' id='word_1_78' title='bbox 386 903 589 949; x_wconf 81' lang='lat' dir='ltr'>comites</span> <span class='ocrx_word' id='word_1_79' title='bbox 644 901 818 964; x_wconf 86' lang='lat' dir='ltr'>delegi.</span> <span class='ocrx_word' id='word_1_80' title='bbox 895 906 1060 964; x_wconf 89' lang='lat' dir='ltr'>potest</span> <span class='ocrx_word' id='word_1_81' title='bbox 1108 906 1156 950; x_wconf 88' lang='lat' dir='ltr'>et</span> <span class='ocrx_word' id='word_1_82' title='bbox 1206 906 1274 952; x_wconf 87' lang='grc'>310</span> <span class='ocrx_word' id='word_1_83' title='bbox 1327 906 1551 969; x_wconf 79' lang='lat' dir='ltr'>intellegi</span> <span class='ocrx_word' id='word_1_84' title='bbox 1597 906 1828 954; x_wconf 78' lang='lat' dir='ltr'>Hectorei</span> 
     </span>
     <span class='ocr_line' id='line_1_11' title="bbox 82 976 1828 1039; baseline 0.002 -15"><span class='ocrx_word' id='word_1_85' title='bbox 82 991 123 1024; x_wconf 85' lang='lat'>10</span> <span class='ocrx_word' id='word_1_86' title='bbox 147 977 290 1035; x_wconf 90' lang='lat' dir='ltr'>socii,</span> <span class='ocrx_word' id='word_1_87' title='bbox 337 978 395 1022; x_wconf 92' lang='lat' dir='ltr'>ut</span> <span class='ocrx_word' id='word_1_88' title='bbox 433 976 550 1023; x_wconf 89' lang='lat' dir='ltr'>talis</span> <span class='ocrx_word' id='word_1_89' title='bbox 590 991 671 1024; x_wconf 89' lang='lat' dir='ltr'>eos</span> <span class='ocrx_word' id='word_1_90' title='bbox 710 976 939 1023; x_wconf 86' lang='lat' dir='ltr'>videatur</span> <span class='ocrx_word' id='word_1_91' title='bbox 978 976 1176 1036; x_wconf 82' lang='lat' dir='ltr'>dixisse,</span> <span class='ocrx_word' id='word_1_92' title='bbox 1223 979 1381 1038; x_wconf 86' lang='lat' dir='ltr'>qualis</span> <span class='ocrx_word' id='word_1_93' title='bbox 1419 979 1602 1027; x_wconf 77' lang='lat' dir='ltr'>Hector</span> <span class='ocrx_word' id='word_1_94' title='bbox 1640 982 1828 1039; x_wconf 87' lang='lat' dir='ltr'>fuisset,</span> 
     </span>
     <span class='ocr_line' id='line_1_12' title="bbox 149 1049 1827 1115; baseline 0.003 -19"><span class='ocrx_word' id='word_1_95' title='bbox 149 1049 291 1111; x_wconf 89' lang='lat' dir='ltr'>quasi</span> <span class='ocrx_word' id='word_1_96' title='bbox 330 1051 516 1113; x_wconf 84' lang='lat' dir='ltr'>singuli</span> <span class='ocrx_word' id='word_1_97' title='bbox 555 1050 775 1113; x_wconf 87' lang='lat' dir='ltr'>singulos</span> <span class='ocrx_word' id='word_1_98' title='bbox 807 1049 1044 1097; x_wconf 90' lang='lat' dir='ltr'>Hectores</span> <span class='ocrx_word' id='word_1_99' title='bbox 1076 1051 1235 1099; x_wconf 86' lang='lat' dir='ltr'>facere</span> <span class='ocrx_word' id='word_1_100' title='bbox 1268 1054 1556 1113; x_wconf 88' lang='lat' dir='ltr'>potuissent.</span> <span class='ocrx_word' id='word_1_101' title='bbox 1618 1053 1827 1115; x_wconf 87' lang='lat' dir='ltr'>denique</span> 
     </span>
     <span class='ocr_line' id='line_1_13' title="bbox 149 1123 1827 1186; baseline 0.002 -16"><span class='ocrx_word' id='word_1_102' title='bbox 149 1123 340 1171; x_wconf 85' lang='lat' dir='ltr'>addidit</span> <span class='ocrx_word' id='word_1_103' title='bbox 388 1126 436 1170; x_wconf 85' lang='grc'>01</span> <span class='ocrx_word' id='word_1_104' title='bbox 477 1123 660 1186; x_wconf 83' lang='lat' dir='ltr'>delegi,</span> <span class='ocrx_word' id='word_1_105' title='bbox 700 1125 757 1171; x_wconf 91' lang='lat' dir='ltr'>ut</span> <span class='ocrx_word' id='word_1_106' title='bbox 796 1124 1075 1172; x_wconf 85' lang='lat' dir='ltr'>ostenderet</span> <span class='ocrx_word' id='word_1_107' title='bbox 1114 1141 1171 1172; x_wconf 86' lang='lat' dir='ltr'>ex</span> <span class='ocrx_word' id='word_1_108' title='bbox 1209 1125 1434 1186; x_wconf 86' lang='lat' dir='ltr'>plurimis</span> <span class='ocrx_word' id='word_1_109' title='bbox 1472 1126 1611 1174; x_wconf 90' lang='lat' dir='ltr'>bonis</span> <span class='ocrx_word' id='word_1_110' title='bbox 1650 1128 1827 1175; x_wconf 89' lang='grc'>0100103</span> 
     </span>
     <span class='ocr_line' id='line_1_14' title="bbox 148 1198 1829 1261; baseline 0.001 -16"><span class='ocrx_word' id='word_1_111' title='bbox 148 1213 250 1246; x_wconf 90' lang='grc'>0330</span> <span class='ocrx_word' id='word_1_112' title='bbox 289 1198 532 1245; x_wconf 86' lang='grc'>1110110103.</span> <span class='ocrx_word' id='word_1_113' title='bbox 609 1200 740 1245; x_wconf 87' lang='grc'>10010</span> <span class='ocrx_word' id='word_1_114' title='bbox 782 1213 862 1245; x_wconf 90' lang='grc'>003</span> <span class='ocrx_word' id='word_1_115' title='bbox 904 1198 1135 1246; x_wconf 86' lang='lat' dir='ltr'>admonet</span> <span class='ocrx_word' id='word_1_116' title='bbox 1174 1201 1471 1260; x_wconf 81' lang='lat' dir='ltr'>praeteritae</span> <span class='ocrx_word' id='word_1_117' title='bbox 1511 1202 1729 1261; x_wconf 80' lang='lat' dir='ltr'>virtutis,</span> <span class='ocrx_word' id='word_1_118' title='bbox 1772 1204 1829 1247; x_wconf 91' lang='lat' dir='ltr'>ut</span> 
     </span>
     <span class='ocr_line' id='line_1_15' title="bbox 148 1271 1829 1335; baseline 0.001 -16"><span class='ocrx_word' id='word_1_119' title='bbox 148 1271 382 1333; x_wconf 86' lang='lat' dir='ltr'>exemplis</span> <span class='ocrx_word' id='word_1_120' title='bbox 438 1271 538 1320; x_wconf 89' lang='grc'>31113</span> <span class='ocrx_word' id='word_1_121' title='bbox 594 1273 852 1334; x_wconf 86' lang='lat' dir='ltr'>erigantur</span> <span class='ocrx_word' id='word_1_122' title='bbox 904 1274 1069 1334; x_wconf 91' lang='lat' dir='ltr'>potius</span> <span class='ocrx_word' id='word_1_123' title='bbox 1119 1289 1266 1334; x_wconf 90' lang='lat' dir='ltr'>quam</span> <span class='ocrx_word' id='word_1_124' title='bbox 1314 1273 1457 1322; x_wconf 86' lang='lat' dir='ltr'>factis</span> <span class='ocrx_word' id='word_1_125' title='bbox 1503 1277 1829 1335; x_wconf 85' lang='lat' dir='ltr'>provocentur</span> 
     </span>
     <span class='ocr_line' id='line_1_16' title="bbox 83 1345 1827 1410; baseline 0.001 -16"><span class='ocrx_word' id='word_1_126' title='bbox 83 1361 125 1394; x_wconf 85' lang='lat'>15</span> <span class='ocrx_word' id='word_1_127' title='bbox 150 1345 339 1394; x_wconf 89' lang='lat' dir='ltr'>alienis.</span> <span class='ocrx_word' id='word_1_128' title='bbox 417 1345 676 1393; x_wconf 87' lang='lat' dir='ltr'>ordinatur</span> <span class='ocrx_word' id='word_1_129' title='bbox 714 1361 883 1394; x_wconf 88' lang='lat' dir='ltr'>sensus</span> <span class='ocrx_word' id='word_1_130' title='bbox 925 1347 1014 1394; x_wconf 85' lang='lat' dir='ltr'>sic:</span> <span class='ocrx_word' id='word_1_131' title='bbox 1054 1361 1183 1394; x_wconf 87' lang='lat' dir='ltr'>nunc</span> <span class='ocrx_word' id='word_1_132' title='bbox 1222 1362 1351 1394; x_wconf 89' lang='lat' dir='ltr'>nunc</span> <span class='ocrx_word' id='word_1_133' title='bbox 1389 1348 1628 1410; x_wconf 86' lang='lat' dir='ltr'>insurgite</span> <span class='ocrx_word' id='word_1_134' title='bbox 1668 1349 1827 1407; x_wconf 87' lang='lat' dir='ltr'>remis,</span> 
     </span>
     <span class='ocr_line' id='line_1_17' title="bbox 148 1419 1828 1483; baseline 0 -15"><span class='ocrx_word' id='word_1_135' title='bbox 148 1421 285 1480; x_wconf 90' lang='lat' dir='ltr'>socii,</span> <span class='ocrx_word' id='word_1_136' title='bbox 324 1422 380 1467; x_wconf 91' lang='lat' dir='ltr'>ut</span> <span class='ocrx_word' id='word_1_137' title='bbox 418 1419 653 1467; x_wconf 89' lang='lat' dir='ltr'>Hectorei</span> <span class='ocrx_word' id='word_1_138' title='bbox 690 1420 852 1468; x_wconf 90' lang='lat' dir='ltr'>laudis</span> <span class='ocrx_word' id='word_1_139' title='bbox 892 1420 999 1468; x_wconf 93' lang='grc'>1000</span> <span class='ocrx_word' id='word_1_140' title='bbox 1039 1422 1255 1481; x_wconf 89' lang='lat' dir='ltr'>positum</span> <span class='ocrx_word' id='word_1_141' title='bbox 1295 1420 1534 1483; x_wconf 85' lang='lat' dir='ltr'>videatur,</span> <span class='ocrx_word' id='word_1_142' title='bbox 1568 1438 1663 1468; x_wconf 90' lang='lat' dir='ltr'>non</span> <span class='ocrx_word' id='word_1_143' title='bbox 1697 1421 1828 1483; x_wconf 91' lang='lat' dir='ltr'>quod</span> 
     </span>
     <span class='ocr_line' id='line_1_18' title="bbox 148 1493 1828 1556; baseline 0.001 -15"><span class='ocrx_word' id='word_1_144' title='bbox 148 1494 419 1555; x_wconf 87' lang='lat' dir='ltr'>aliquando</span> <span class='ocrx_word' id='word_1_145' title='bbox 459 1493 580 1541; x_wconf 90' lang='lat' dir='ltr'>socii</span> <span class='ocrx_word' id='word_1_146' title='bbox 619 1494 817 1542; x_wconf 82' lang='lat' dir='ltr'>fuerant</span> <span class='ocrx_word' id='word_1_147' title='bbox 849 1494 1066 1541; x_wconf 88' lang='lat' dir='ltr'>Hectori.</span> <span class='ocrx_word' id='word_1_148' title='bbox 1140 1510 1293 1555; x_wconf 88' lang='lat' dir='ltr'>usque</span> <span class='ocrx_word' id='word_1_149' title='bbox 1334 1510 1389 1541; x_wconf 92' lang='grc'>00</span> <span class='ocrx_word' id='word_1_150' title='bbox 1428 1495 1536 1542; x_wconf 87' lang='lat' dir='ltr'>laus</span> <span class='ocrx_word' id='word_1_151' title='bbox 1577 1497 1650 1542; x_wconf 89' lang='lat' dir='ltr'>est</span> <span class='ocrx_word' id='word_1_152' title='bbox 1683 1510 1828 1556; x_wconf 88' lang='lat' dir='ltr'>quae·</span> 
     </span>
     <span class='ocr_line' id='line_1_19' title="bbox 148 1567 1828 1630; baseline 0.001 -15"><span class='ocrx_word' id='word_1_153' title='bbox 148 1569 246 1616; x_wconf 91' lang='lat' dir='ltr'>sita</span> <span class='ocrx_word' id='word_1_154' title='bbox 300 1568 358 1614; x_wconf 87' lang='lat' dir='ltr'>de</span> <span class='ocrx_word' id='word_1_155' title='bbox 422 1568 643 1629; x_wconf 87' lang='lat' dir='ltr'>exemplo</span> <span class='ocrx_word' id='word_1_156' title='bbox 698 1567 898 1615; x_wconf 81' lang='lat' dir='ltr'>virtutis</span> <span class='ocrx_word' id='word_1_157' title='bbox 953 1567 1247 1628; x_wconf 87' lang='lat' dir='ltr'>Hectoreae,</span> <span class='ocrx_word' id='word_1_158' title='bbox 1300 1571 1356 1615; x_wconf 91' lang='lat' dir='ltr'>ut</span> <span class='ocrx_word' id='word_1_159' title='bbox 1410 1568 1654 1615; x_wconf 84' lang='lat' dir='ltr'>addiderit</span> <span class='ocrx_word' id='word_1_160' title='bbox 1707 1583 1828 1630; x_wconf 89' lang='lat' dir='ltr'>quos</span> 
     </span>
     <span class='ocr_line' id='line_1_20' title="bbox 147 1641 1827 1703; baseline 0 -15"><span class='ocrx_word' id='word_1_161' title='bbox 147 1642 272 1689; x_wconf 89' lang='lat' dir='ltr'>mihi</span> <span class='ocrx_word' id='word_1_162' title='bbox 311 1641 526 1690; x_wconf 89' lang='lat' dir='ltr'>delectos</span> <span class='ocrx_word' id='word_1_163' title='bbox 567 1641 771 1688; x_wconf 85' lang='lat' dir='ltr'>adiunxi</span> <span class='ocrx_word' id='word_1_164' title='bbox 811 1644 924 1703; x_wconf 93' lang='lat' dir='ltr'>post</span> <span class='ocrx_word' id='word_1_165' title='bbox 961 1643 1152 1703; x_wconf 86' lang='lat' dir='ltr'>patriae</span> <span class='ocrx_word' id='word_1_166' title='bbox 1185 1643 1380 1690; x_wconf 83' lang='lat' dir='ltr'>nostrae</span> <span class='ocrx_word' id='word_1_167' title='bbox 1412 1642 1642 1689; x_wconf 87' lang='lat' dir='ltr'>ultimum</span> <span class='ocrx_word' id='word_1_168' title='bbox 1671 1642 1827 1689; x_wconf 88' lang='lat' dir='ltr'>fatum</span> 
     </span>
     <span class='ocr_line' id='line_1_21' title="bbox 81 1715 1828 1778; baseline -0.002 -13"><span class='ocrx_word' id='word_1_169' title='bbox 81 1732 126 1765; x_wconf 73' lang='lat'>20</span> <span class='ocrx_word' id='word_1_170' title='bbox 149 1718 198 1764; x_wconf 85' lang='lat' dir='ltr'>et</span> <span class='ocrx_word' id='word_1_171' title='bbox 238 1732 447 1778; x_wconf 91' lang='lat' dir='ltr'>quorum</span> <span class='ocrx_word' id='word_1_172' title='bbox 486 1715 696 1778; x_wconf 87' lang='lat' dir='ltr'>probavi</span> <span class='ocrx_word' id='word_1_173' title='bbox 734 1717 968 1763; x_wconf 90' lang='lat' dir='ltr'>virtutem</span> <span class='ocrx_word' id='word_1_174' title='bbox 1009 1716 1235 1777; x_wconf 90' lang='lat' dir='ltr'>plurimis</span> <span class='ocrx_word' id='word_1_175' title='bbox 1266 1715 1402 1775; x_wconf 89' lang='grc'>10013,</span> <span class='ocrx_word' id='word_1_176' title='bbox 1432 1717 1697 1762; x_wconf 87' lang='lat' dir='ltr'>imitamini</span> <span class='ocrx_word' id='word_1_177' title='bbox 1728 1730 1828 1775; x_wconf 88' lang='lat' dir='ltr'>vos,</span> 
     </span>
     <span class='ocr_line' id='line_1_22' title="bbox 147 1789 1917 1852; baseline -0.003 -15"><span class='ocrx_word' id='word_1_178' title='bbox 147 1792 206 1837; x_wconf 90' lang='lat' dir='ltr'>ut</span> <span class='ocrx_word' id='word_1_179' title='bbox 238 1790 370 1852; x_wconf 89' lang='lat' dir='ltr'>quod</span> <span class='ocrx_word' id='word_1_180' title='bbox 399 1791 453 1837; x_wconf 92' lang='lat' dir='ltr'>in</span> <span class='ocrx_word' id='word_1_181' title='bbox 479 1805 656 1838; x_wconf 91' lang='lat' dir='ltr'>manus</span> <span class='ocrx_word' id='word_1_182' title='bbox 681 1789 816 1837; x_wconf 87' lang='lat' dir='ltr'>dedit</span> <span class='ocrx_word' id='word_1_183' title='bbox 839 1790 1039 1837; x_wconf 84' lang='lat' dir='ltr'>fortuna</span> <span class='ocrx_word' id='word_1_184' title='bbox 1063 1790 1388 1851; x_wconf 83' lang='lat' dir='ltr'>conpleamus.</span> <span class='ocrx_word' id='word_1_185' title='bbox 1437 1804 1730 1849; x_wconf 76' lang='lat' dir='ltr'>quamquam</span> <span class='ocrx_word' id='word_1_186' title='bbox 1761 1790 1815 1835; x_wconf 76' lang='lat'>0!</span> <span class='ocrx_word' id='word_1_187' title='bbox 1834 1793 1917 1832; x_wconf 77' lang='grc'>195</span> 
     </span>
     <span class='ocr_line' id='line_1_23' title="bbox 146 1863 1830 1924; baseline -0.002 -12"><span class='ocrx_word' id='word_1_188' title='bbox 146 1864 232 1912; x_wconf 81' lang='lat' dir='ltr'>sed</span> <span class='ocrx_word' id='word_1_189' title='bbox 277 1867 504 1924; x_wconf 74' lang='lat' dir='ltr'>superent</span> <span class='ocrx_word' id='word_1_190' title='bbox 548 1865 722 1924; x_wconf 79' lang='lat' dir='ltr'>quibus</span> <span class='ocrx_word' id='word_1_191' title='bbox 767 1865 873 1919; x_wconf 81' lang='lat' dir='ltr'>hoc,</span> <span class='ocrx_word' id='word_1_192' title='bbox 921 1863 1163 1923; x_wconf 71' lang='lat' dir='ltr'>Neptune,</span> <span class='ocrx_word' id='word_1_193' title='bbox 1219 1864 1412 1919; x_wconf 75' lang='lat' dir='ltr'>dedisti,</span> <span class='ocrx_word' id='word_1_194' title='bbox 1467 1866 1695 1911; x_wconf 69' lang='lat' dir='ltr'>extremos</span> <span class='ocrx_word' id='word_1_195' title='bbox 1736 1878 1830 1922; x_wconf 82' lang='lat' dir='ltr'>pu-</span> 
     </span>
     <span class='ocr_line' id='line_1_24' title="bbox 150 1936 1831 1997; baseline -0.002 -11"><span class='ocrx_word' id='word_1_196' title='bbox 150 1938 261 1986; x_wconf 82' lang='lat' dir='ltr'>deat</span> <span class='ocrx_word' id='word_1_197' title='bbox 296 1939 523 1986; x_wconf 79' lang='lat' dir='ltr'>rediisse:</span> <span class='ocrx_word' id='word_1_198' title='bbox 573 1937 691 1986; x_wconf 88' lang='lat' dir='ltr'>licet</span> <span class='ocrx_word' id='word_1_199' title='bbox 728 1939 981 1985; x_wconf 87' lang='lat' dir='ltr'>tenuerint</span> <span class='ocrx_word' id='word_1_200' title='bbox 1018 1937 1126 1985; x_wconf 91' lang='lat' dir='ltr'>loca</span> <span class='ocrx_word' id='word_1_201' title='bbox 1164 1938 1382 1984; x_wconf 86' lang='lat' dir='ltr'>melioris</span> <span class='ocrx_word' id='word_1_202' title='bbox 1422 1951 1592 1984; x_wconf 89' lang='lat' dir='ltr'>cursus</span> <span class='ocrx_word' id='word_1_203' title='bbox 1640 1936 1831 1997; x_wconf 83' lang='lat' dir='ltr'>quibuS‚</span> 
     </span>
     <span class='ocr_line' id='line_1_25' title="bbox 148 2011 1831 2076; baseline -0.002 -17"><span class='ocrx_word' id='word_1_204' title='bbox 148 2012 395 2074; x_wconf 86' lang='lat' dir='ltr'>Neptune,</span> <span class='ocrx_word' id='word_1_205' title='bbox 427 2011 719 2076; x_wconf 86' lang='lat' dir='ltr'>suffragium</span> <span class='ocrx_word' id='word_1_206' title='bbox 757 2012 885 2059; x_wconf 85' lang='lat' dir='ltr'>ferre</span> <span class='ocrx_word' id='word_1_207' title='bbox 924 2011 1144 2071; x_wconf 84' lang='lat' dir='ltr'>voluisti,</span> <span class='ocrx_word' id='word_1_208' title='bbox 1181 2011 1414 2059; x_wconf 87' lang='lat' dir='ltr'>victoriae</span> <span class='ocrx_word' id='word_1_209' title='bbox 1446 2026 1599 2074; x_wconf 85' lang='lat' dir='ltr'>genus</span> <span class='ocrx_word' id='word_1_210' title='bbox 1631 2013 1704 2058; x_wconf 89' lang='lat' dir='ltr'>est</span> <span class='ocrx_word' id='word_1_211' title='bbox 1734 2025 1831 2057; x_wconf 91' lang='lat' dir='ltr'>non</span> 
     </span>
     <span class='ocr_line' id='line_1_26' title="bbox 83 2085 1832 2148; baseline -0.002 -14"><span class='ocrx_word' id='word_1_212' title='bbox 83 2101 128 2135; x_wconf 79' lang='lat'>85</span> <span class='ocrx_word' id='word_1_213' title='bbox 149 2085 334 2134; x_wconf 87' lang='lat' dir='ltr'>redisse</span> <span class='ocrx_word' id='word_1_214' title='bbox 372 2088 691 2148; x_wconf 86' lang='lat' dir='ltr'>postremum.</span> <span class='ocrx_word' id='word_1_215' title='bbox 766 2087 852 2134; x_wconf 83' lang='lat' dir='ltr'>hoc</span> <span class='ocrx_word' id='word_1_216' title='bbox 896 2087 1091 2142; x_wconf 77' lang='lat' dir='ltr'>vincite,</span> <span class='ocrx_word' id='word_1_217' title='bbox 1130 2087 1276 2139; x_wconf 70' lang='lat' dir='ltr'>civeS,</span> <span class='ocrx_word' id='word_1_218' title='bbox 1317 2088 1359 2132; x_wconf 81' lang='lat' dir='ltr'>et</span> <span class='ocrx_word' id='word_1_219' title='bbox 1387 2085 1634 2144; x_wconf 78' lang='lat' dir='ltr'>prohibete</span> <span class='ocrx_word' id='word_1_220' title='bbox 1669 2085 1832 2143; x_wconf 78' lang='lat' dir='ltr'>nefas:</span> 
     </span>
     <span class='ocr_line' id='line_1_27' title="bbox 151 2157 1830 2222; baseline -0.003 -14"><span class='ocrx_word' id='word_1_221' title='bbox 151 2161 193 2209; x_wconf 88' lang='lat' dir='ltr'>si</span> <span class='ocrx_word' id='word_1_222' title='bbox 231 2161 448 2222; x_wconf 87' lang='lat' dir='ltr'>primum</span> <span class='ocrx_word' id='word_1_223' title='bbox 487 2159 651 2208; x_wconf 90' lang='lat' dir='ltr'>locum</span> <span class='ocrx_word' id='word_1_224' title='bbox 691 2162 856 2207; x_wconf 84' lang='grc'>1011010</span> <span class='ocrx_word' id='word_1_225' title='bbox 895 2159 1157 2221; x_wconf 85' lang='lat' dir='ltr'>nequistis,</span> <span class='ocrx_word' id='word_1_226' title='bbox 1204 2158 1469 2206; x_wconf 86' lang='lat' dir='ltr'>secundum</span> <span class='ocrx_word' id='word_1_227' title='bbox 1512 2157 1686 2205; x_wconf 83' lang='lat' dir='ltr'>saltem</span> <span class='ocrx_word' id='word_1_228' title='bbox 1724 2172 1830 2218; x_wconf 91' lang='lat' dir='ltr'>per·</span> 
     </span>
    </p>
   </div>
   <div class='ocr_carea' id='block_1_3' title="bbox 12 945 101 3226">
    <p class='ocr_par' dir='ltr' id='par_1_3' title="bbox 12 945 101 3226">
     <span class='ocr_line' id='line_1_28' title="bbox 18 945 49 1684; baseline 0 -242"><span class='ocrx_word' id='word_1_229' title='bbox 18 945 49 1684; x_wconf 95' lang='lat' dir='ltr'>    </span> 
     </span>
     <span class='ocr_line' id='line_1_29' title="bbox 12 1684 101 3226; baseline 0 -1047"><span class='ocrx_word' id='word_1_230' title='bbox 12 1684 101 3226; x_wconf 95' lang='lat' dir='ltr'>    </span> 
     </span>
    </p>
   </div>
   <div class='ocr_carea' id='block_1_4' title="bbox 150 2267 407 2272">
    <p class='ocr_par' dir='ltr' id='par_1_4' title="bbox 150 2267 407 2272">
     <span class='ocr_line' id='line_1_30' title="bbox 150 2267 407 2272; baseline 0 0"><span class='ocrx_word' id='word_1_231' title='bbox 150 2267 407 2272; x_wconf 95' lang='lat' dir='ltr'> </span> 
     </span>
    </p>
   </div>
   <div class='ocr_carea' id='block_1_5' title="bbox 55 2325 1832 3034">
    <p class='ocr_par' dir='ltr' id='par_1_5' title="bbox 151 2325 1831 2623">
     <span class='ocr_line' id='line_1_31' title="bbox 271 2325 1831 2385; baseline -0.002 -12"><span class='ocrx_word' id='word_1_232' title='bbox 271 2333 297 2373; x_wconf 85' lang='grc'>6</span> <span class='ocrx_word' id='word_1_233' title='bbox 329 2329 494 2374; x_wconf 81' lang='lat' dir='ltr'>abimis</span> <span class='ocrx_word' id='word_1_234' title='bbox 525 2329 574 2373; x_wconf 92' lang='lat' dir='ltr'>L.</span> <span class='ocrx_word' id='word_1_235' title='bbox 701 2334 724 2373; x_wconf 84' lang='lat'>7</span> <span class='ocrx_word' id='word_1_236' title='bbox 756 2330 1002 2374; x_wconf 77' lang='lat' dir='ltr'>virtutibus</span> <span class='ocrx_word' id='word_1_237' title='bbox 1031 2343 1146 2385; x_wconf 83' lang='lat' dir='ltr'>quae</span> <span class='ocrx_word' id='word_1_238' title='bbox 1177 2328 1262 2371; x_wconf 87' lang='lat' dir='ltr'>LR</span> <span class='ocrx_word' id='word_1_239' title='bbox 1291 2343 1330 2372; x_wconf 85' lang='lat' dir='ltr'>v.</span> <span class='ocrx_word' id='word_1_240' title='bbox 1356 2329 1438 2384; x_wconf 80' lang='lat' dir='ltr'>qui</span> <span class='ocrx_word' id='word_1_241' title='bbox 1466 2326 1606 2370; x_wconf 81' lang='lat' dir='ltr'>HoU</span> <span class='ocrx_word' id='word_1_242' title='bbox 1639 2326 1710 2370; x_wconf 85' lang='lat' dir='ltr'>ed.</span> <span class='ocrx_word' id='word_1_243' title='bbox 1742 2325 1831 2370; x_wconf 76' lang='lat' dir='ltr'>vir·</span> 
     </span>
     <span class='ocr_line' id='line_1_32' title="bbox 151 2383 1828 2446; baseline -0.003 -13"><span class='ocrx_word' id='word_1_244' title='bbox 151 2389 242 2433; x_wconf 77' lang='lat' dir='ltr'>tuti</span> <span class='ocrx_word' id='word_1_245' title='bbox 270 2389 523 2446; x_wconf 79' lang='lat' dir='ltr'>quibusque</span> <span class='ocrx_word' id='word_1_246' title='bbox 551 2403 649 2433; x_wconf 88' lang='grc'>1103.</span> <span class='ocrx_word' id='word_1_247' title='bbox 775 2393 802 2432; x_wconf 87' lang='grc'>8</span> <span class='ocrx_word' id='word_1_248' title='bbox 834 2390 1051 2433; x_wconf 77' lang='lat' dir='ltr'>ultimant</span> <span class='ocrx_word' id='word_1_249' title='bbox 1079 2388 1121 2431; x_wconf 82' lang='lat' dir='ltr'><strong>R</strong></span> <span class='ocrx_word' id='word_1_250' title='bbox 1153 2402 1266 2431; x_wconf 85' lang='lat' dir='ltr'>corr.</span> <span class='ocrx_word' id='word_1_251' title='bbox 1291 2401 1326 2430; x_wconf 88' lang='lat' dir='ltr'>r.</span> <span class='ocrx_word' id='word_1_252' title='bbox 1454 2390 1507 2430; x_wconf 89' lang='lat'>16</span> <span class='ocrx_word' id='word_1_253' title='bbox 1539 2386 1708 2430; x_wconf 76' lang='lat' dir='ltr'>hectore</span> <span class='ocrx_word' id='word_1_254' title='bbox 1738 2384 1786 2428; x_wconf 91' lang='lat' dir='ltr'>L.</span> <span class='ocrx_word' id='word_1_255' title='bbox 1822 2383 1828 2443; x_wconf 88' lang='grc' dir='ltr'>Ι</span> 
     </span>
     <span class='ocr_line' id='line_1_33' title="bbox 151 2442 1831 2504; baseline -0.003 -13"><span class='ocrx_word' id='word_1_256' title='bbox 151 2448 303 2492; x_wconf 80' lang='lat' dir='ltr'>videat</span> <span class='ocrx_word' id='word_1_257' title='bbox 339 2447 376 2490; x_wconf 91' lang='lat' dir='ltr'>L</span> <span class='ocrx_word' id='word_1_258' title='bbox 415 2463 442 2468; x_wconf 85' lang='lat'>-</span> <span class='ocrx_word' id='word_1_259' title='bbox 475 2461 618 2504; x_wconf 85' lang='lat' dir='ltr'>supra</span> <span class='ocrx_word' id='word_1_260' title='bbox 656 2453 705 2492; x_wconf 81' lang='lat' dir='ltr'>at</span> <span class='ocrx_word' id='word_1_261' title='bbox 743 2462 867 2492; x_wconf 86' lang='lat' dir='ltr'>man.</span> <span class='ocrx_word' id='word_1_262' title='bbox 898 2460 989 2492; x_wconf 86' lang='lat' dir='ltr'>rec.</span> <span class='ocrx_word' id='word_1_263' title='bbox 1021 2448 1207 2495; x_wconf 77' lang='lat' dir='ltr'>videant</span> <span class='ocrx_word' id='word_1_264' title='bbox 1238 2446 1333 2489; x_wconf 91' lang='lat' dir='ltr'>HU</span> <span class='ocrx_word' id='word_1_265' title='bbox 1365 2445 1436 2489; x_wconf 91' lang='lat' dir='ltr'>ed.</span> <span class='ocrx_word' id='word_1_266' title='bbox 1474 2445 1624 2489; x_wconf 80' lang='lat' dir='ltr'>videat</span> <span class='ocrx_word' id='word_1_267' title='bbox 1661 2443 1702 2487; x_wconf 86' lang='lat' dir='ltr'><strong>R</strong></span> <span class='ocrx_word' id='word_1_268' title='bbox 1740 2442 1831 2486; x_wconf 81' lang='lat' dir='ltr'>evi·</span> 
     </span>
     <span class='ocr_line' id='line_1_34' title="bbox 152 2500 1830 2564; baseline -0.002 -14"><span class='ocrx_word' id='word_1_269' title='bbox 152 2506 340 2551; x_wconf 74' lang='lat' dir='ltr'>dontius</span> <span class='ocrx_word' id='word_1_270' title='bbox 370 2506 421 2550; x_wconf 90' lang='lat' dir='ltr'>in</span> <span class='ocrx_word' id='word_1_271' title='bbox 451 2507 663 2552; x_wconf 80' lang='lat' dir='ltr'>videatur</span> <span class='ocrx_word' id='word_1_272' title='bbox 693 2521 806 2551; x_wconf 86' lang='lat' dir='ltr'>corr.</span> <span class='ocrx_word' id='word_1_273' title='bbox 831 2521 866 2550; x_wconf 88' lang='lat' dir='ltr'>r.</span> <span class='ocrx_word' id='word_1_274' title='bbox 910 2511 916 2564; x_wconf 85' lang='grc' dir='ltr'>Ι</span> <span class='ocrx_word' id='word_1_275' title='bbox 962 2506 1180 2562; x_wconf 82' lang='lat' dir='ltr'>quomodo</span> <span class='ocrx_word' id='word_1_276' title='bbox 1210 2503 1448 2548; x_wconf 86' lang='lat' dir='ltr'>LRHOU</span> <span class='ocrx_word' id='word_1_277' title='bbox 1471 2503 1542 2548; x_wconf 82' lang='lat' dir='ltr'>ed.</span> <span class='ocrx_word' id='word_1_278' title='bbox 1566 2502 1686 2559; x_wconf 80' lang='lat' dir='ltr'>quod</span> <span class='ocrx_word' id='word_1_279' title='bbox 1713 2515 1737 2545; x_wconf 88' lang='lat' dir='ltr'>r</span> <span class='ocrx_word' id='word_1_280' title='bbox 1760 2500 1830 2546; x_wconf 84' lang='lat' dir='ltr'>ed.</span> 
     </span>
     <span class='ocr_line' id='line_1_35' title="bbox 151 2561 1831 2623; baseline -0.004 -13"><span class='ocrx_word' id='word_1_281' title='bbox 151 2567 272 2623; x_wconf 80' lang='lat' dir='ltr'>post.</span> <span class='ocrx_word' id='word_1_282' title='bbox 305 2579 402 2611; x_wconf 85' lang='lat' dir='ltr'>nos.</span> <span class='ocrx_word' id='word_1_283' title='bbox 583 2571 637 2610; x_wconf 80' lang='lat'>17</span> <span class='ocrx_word' id='word_1_284' title='bbox 678 2567 783 2612; x_wconf 80' lang='lat' dir='ltr'>laus</span> <span class='ocrx_word' id='word_1_285' title='bbox 819 2564 953 2610; x_wconf 88' lang='lat' dir='ltr'>LRO</span> <span class='ocrx_word' id='word_1_286' title='bbox 993 2566 1117 2611; x_wconf 80' lang='lat' dir='ltr'>locus</span> <span class='ocrx_word' id='word_1_287' title='bbox 1154 2563 1248 2608; x_wconf 89' lang='lat' dir='ltr'>HU</span> <span class='ocrx_word' id='word_1_288' title='bbox 1287 2563 1358 2608; x_wconf 85' lang='lat' dir='ltr'>ed.</span> <span class='ocrx_word' id='word_1_289' title='bbox 1399 2564 1586 2619; x_wconf 27' lang='lat' dir='ltr'>locutus,</span> <span class='ocrx_word' id='word_1_290' title='bbox 1610 2561 1680 2605; x_wconf 89' lang='lat' dir='ltr'>ed.</span> <span class='ocrx_word' id='word_1_291' title='bbox 1716 2563 1831 2617; x_wconf 74' lang='lat' dir='ltr'>post.</span> 
     </span>
    </p>

    <p class='ocr_par' dir='ltr' id='par_1_6' title="bbox 55 2620 1832 3034">
     <span class='ocr_line' id='line_1_36' title="bbox 244 2620 1741 2682; baseline -0.003 -14"><span class='ocrx_word' id='word_1_292' title='bbox 244 2628 418 2669; x_wconf 80' lang='lat'>17-18</span> <span class='ocrx_word' id='word_1_293' title='bbox 449 2626 629 2682; x_wconf 79' lang='lat' dir='ltr'>quesita</span> <span class='ocrx_word' id='word_1_294' title='bbox 659 2626 713 2671; x_wconf 79' lang='lat' dir='ltr'>de</span> <span class='ocrx_word' id='word_1_295' title='bbox 743 2625 832 2669; x_wconf 85' lang='lat' dir='ltr'>LR</span> <span class='ocrx_word' id='word_1_296' title='bbox 869 2637 980 2681; x_wconf 77' lang='lat' dir='ltr'>quos</span> <span class='ocrx_word' id='word_1_297' title='bbox 1014 2624 1083 2669; x_wconf 81' lang='lat' dir='ltr'>ita</span> <span class='ocrx_word' id='word_1_298' title='bbox 1121 2624 1180 2668; x_wconf 86' lang='lat' dir='ltr'>ab</span> <span class='ocrx_word' id='word_1_299' title='bbox 1218 2622 1290 2668; x_wconf 86' lang='lat' dir='ltr'>ed.</span> <span class='ocrx_word' id='word_1_300' title='bbox 1321 2623 1525 2679; x_wconf 74' lang='lat' dir='ltr'>quaesita</span> <span class='ocrx_word' id='word_1_301' title='bbox 1554 2620 1608 2665; x_wconf 80' lang='lat' dir='ltr'>de</span> <span class='ocrx_word' id='word_1_302' title='bbox 1644 2632 1741 2664; x_wconf 80' lang='lat' dir='ltr'>nos.</span> 
     </span>
     <span class='ocr_line' id='line_1_37' title="bbox 155 2677 1831 2730; baseline -0.004 -2"><span class='ocrx_word' id='word_1_303' title='bbox 155 2686 211 2728; x_wconf 88' lang='lat'>18</span> <span class='ocrx_word' id='word_1_304' title='bbox 241 2685 463 2730; x_wconf 62' lang='lat' dir='ltr'>&#39;lectoriae</span> <span class='ocrx_word' id='word_1_305' title='bbox 493 2684 530 2728; x_wconf 92' lang='lat' dir='ltr'>L</span> <span class='ocrx_word' id='word_1_306' title='bbox 562 2685 772 2729; x_wconf 82' lang='lat' dir='ltr'>laudaret</span> <span class='ocrx_word' id='word_1_307' title='bbox 803 2683 910 2728; x_wconf 77' lang='lat' dir='ltr'>add.</span> <span class='ocrx_word' id='word_1_308' title='bbox 937 2682 1008 2727; x_wconf 84' lang='lat' dir='ltr'>ed.</span> <span class='ocrx_word' id='word_1_309' title='bbox 1106 2685 1161 2726; x_wconf 85' lang='lat'>19</span> <span class='ocrx_word' id='word_1_310' title='bbox 1193 2681 1375 2727; x_wconf 75' lang='lat' dir='ltr'>dilectos</span> <span class='ocrx_word' id='word_1_311' title='bbox 1403 2680 1439 2724; x_wconf 94' lang='lat' dir='ltr'>L</span> <span class='ocrx_word' id='word_1_312' title='bbox 1470 2680 1658 2724; x_wconf 73' lang='lat' dir='ltr'>(tilectus</span> <span class='ocrx_word' id='word_1_313' title='bbox 1686 2677 1728 2723; x_wconf 78' lang='lat' dir='ltr'>R</span> <span class='ocrx_word' id='word_1_314' title='bbox 1757 2677 1831 2722; x_wconf 78' lang='lat' dir='ltr'>de·</span> 
     </span>
     <span class='ocr_line' id='line_1_38' title="bbox 55 2735 1830 2800; baseline -0.004 -14"><span class='ocrx_word' id='word_1_315' title='bbox 55 2784 59 2786; x_wconf 84' lang='grc'>,</span> <span class='ocrx_word' id='word_1_316' title='bbox 154 2743 286 2788; x_wconf 70' lang='lat' dir='ltr'>lectos</span> <span class='ocrx_word' id='word_1_317' title='bbox 317 2742 388 2787; x_wconf 86' lang='lat' dir='ltr'>ed.</span> <span class='ocrx_word' id='word_1_318' title='bbox 522 2747 579 2787; x_wconf 81' lang='lat'>20</span> <span class='ocrx_word' id='word_1_319' title='bbox 604 2743 824 2800; x_wconf 77' lang='lat' dir='ltr'>plurimis</span> <span class='ocrx_word' id='word_1_320' title='bbox 855 2743 1014 2799; x_wconf 65' lang='lat' dir='ltr'>longis,</span> <span class='ocrx_word' id='word_1_321' title='bbox 1047 2741 1129 2785; x_wconf 84' lang='lat' dir='ltr'>sed</span> <span class='ocrx_word' id='word_1_322' title='bbox 1159 2741 1210 2785; x_wconf 89' lang='lat' dir='ltr'>in</span> <span class='ocrx_word' id='word_1_323' title='bbox 1240 2741 1348 2786; x_wconf 73' lang='lat' dir='ltr'>locis</span> <span class='ocrx_word' id='word_1_324' title='bbox 1378 2753 1491 2784; x_wconf 82' lang='lat' dir='ltr'>corr.</span> <span class='ocrx_word' id='word_1_325' title='bbox 1515 2738 1551 2782; x_wconf 92' lang='lat' dir='ltr'>L</span> <span class='ocrx_word' id='word_1_326' title='bbox 1574 2736 1594 2780; x_wconf 94' lang='lat'>1</span> <span class='ocrx_word' id='word_1_327' title='bbox 1617 2750 1738 2781; x_wconf 70' lang='lat' dir='ltr'>man.</span> <span class='ocrx_word' id='word_1_328' title='bbox 1763 2735 1830 2792; x_wconf 73' lang='lat' dir='ltr'>pl.</span> 
     </span>
     <span class='ocr_line' id='line_1_39' title="bbox 125 2796 1832 2860; baseline -0.006 -13"><span class='ocrx_word' id='word_1_329' title='bbox 125 2798 128 2802; x_wconf 72' lang='grc'>’</span> <span class='ocrx_word' id='word_1_330' title='bbox 154 2802 311 2860; x_wconf 64' lang='lat' dir='ltr'>longos</span> <span class='ocrx_word' id='word_1_331' title='bbox 339 2801 382 2846; x_wconf 79' lang='lat' dir='ltr'>R</span> <span class='ocrx_word' id='word_1_332' title='bbox 413 2801 470 2847; x_wconf 87' lang='lat' dir='ltr'>cf.</span> <span class='ocrx_word' id='word_1_333' title='bbox 498 2807 540 2858; x_wconf 80' lang='lat'>2,</span> <span class='ocrx_word' id='word_1_334' title='bbox 560 2805 665 2846; x_wconf 68' lang='lat'>736:</span> <span class='ocrx_word' id='word_1_335' title='bbox 699 2815 809 2860; x_wconf 85' lang='lat' dir='ltr'>ergo</span> <span class='ocrx_word' id='word_1_336' title='bbox 839 2801 890 2845; x_wconf 89' lang='lat' dir='ltr'>in</span> <span class='ocrx_word' id='word_1_337' title='bbox 922 2799 1095 2845; x_wconf 80' lang='lat' dir='ltr'>arohet.</span> <span class='ocrx_word' id='word_1_338' title='bbox 1121 2801 1269 2858; x_wconf 65' lang='lat' dir='ltr'>longis</span> <span class='ocrx_word' id='word_1_339' title='bbox 1298 2797 1391 2843; x_wconf 82' lang='lat' dir='ltr'>fuit</span> <span class='ocrx_word' id='word_1_340' title='bbox 1419 2797 1487 2842; x_wconf 81' lang='lat' dir='ltr'>ita</span> <span class='ocrx_word' id='word_1_341' title='bbox 1517 2796 1566 2840; x_wconf 89' lang='lat' dir='ltr'>in</span> <span class='ocrx_word' id='word_1_342' title='bbox 1598 2796 1704 2840; x_wconf 63' lang='lat' dir='ltr'>locix</span> <span class='ocrx_word' id='word_1_343' title='bbox 1735 2807 1832 2839; x_wconf 85' lang='lat' dir='ltr'>cor-</span> 
     </span>
     <span class='ocr_line' id='line_1_40' title="bbox 70 2851 1831 2919; baseline -0.005 -16"><span class='ocrx_word' id='word_1_344' title='bbox 70 2902 74 2903; x_wconf 18' lang='lat'><em>⁷</em></span> <span class='ocrx_word' id='word_1_345' title='bbox 153 2863 352 2915; x_wconf 79' lang='lat' dir='ltr'>rectum,</span> <span class='ocrx_word' id='word_1_346' title='bbox 385 2862 440 2905; x_wconf 85' lang='lat' dir='ltr'>ut</span> <span class='ocrx_word' id='word_1_347' title='bbox 470 2860 814 2919; x_wconf 81' lang='lat' dir='ltr'>superpositam</span> <span class='ocrx_word' id='word_1_348' title='bbox 847 2874 871 2904; x_wconf 89' lang='grc'>0</span> <span class='ocrx_word' id='word_1_349' title='bbox 898 2873 924 2904; x_wconf 92' lang='grc' dir='ltr'><em>ο</em></span> <span class='ocrx_word' id='word_1_350' title='bbox 954 2858 1125 2916; x_wconf 82' lang='lat' dir='ltr'>legerit</span> <span class='ocrx_word' id='word_1_351' title='bbox 1154 2858 1195 2902; x_wconf 79' lang='lat' dir='ltr'>R</span> <span class='ocrx_word' id='word_1_352' title='bbox 1218 2857 1437 2916; x_wconf 74' lang='lat' dir='ltr'>plurimis</span> <span class='ocrx_word' id='word_1_353' title='bbox 1466 2857 1517 2900; x_wconf 78' lang='lat' dir='ltr'>in</span> <span class='ocrx_word' id='word_1_354' title='bbox 1547 2854 1656 2899; x_wconf 73' lang='lat' dir='ltr'>locis</span> <span class='ocrx_word' id='word_1_355' title='bbox 1684 2852 1727 2897; x_wconf 88' lang='grc' dir='ltr'>Η</span> <span class='ocrx_word' id='word_1_356' title='bbox 1758 2851 1831 2896; x_wconf 84' lang='lat' dir='ltr'>ed.</span> 
     </span>
     <span class='ocr_line' id='line_1_41' title="bbox 236 2912 1832 2977; baseline -0.005 -13"><span class='ocrx_word' id='word_1_357' title='bbox 236 2924 294 2964; x_wconf 80' lang='lat'>24</span> <span class='ocrx_word' id='word_1_358' title='bbox 323 2924 552 2977; x_wconf 74' lang='lat' dir='ltr'>ueptuuae</span> <span class='ocrx_word' id='word_1_359' title='bbox 581 2920 625 2964; x_wconf 85' lang='lat' dir='ltr'><strong>R</strong></span> <span class='ocrx_word' id='word_1_360' title='bbox 655 2933 765 2965; x_wconf 75' lang='lat' dir='ltr'>-uus</span> <span class='ocrx_word' id='word_1_361' title='bbox 793 2934 816 2963; x_wconf 89' lang='lat' dir='ltr'>r</span> <span class='ocrx_word' id='word_1_362' title='bbox 846 2918 918 2963; x_wconf 87' lang='lat' dir='ltr'>ed.</span> <span class='ocrx_word' id='word_1_363' title='bbox 946 2919 954 2976; x_wconf 82' lang='grc' dir='ltr'>Ι</span> <span class='ocrx_word' id='word_1_364' title='bbox 979 2918 1187 2964; x_wconf 75' lang='lat' dir='ltr'>voluis-sit</span> <span class='ocrx_word' id='word_1_365' title='bbox 1216 2917 1252 2960; x_wconf 91' lang='lat' dir='ltr'>L</span> <span class='ocrx_word' id='word_1_366' title='bbox 1282 2915 1525 2962; x_wconf 64' lang='lat' dir='ltr'>voluissent</span> <span class='ocrx_word' id='word_1_367' title='bbox 1554 2912 1591 2956; x_wconf 83' lang='lat' dir='ltr'>R</span> <span class='ocrx_word' id='word_1_368' title='bbox 1625 2913 1832 2957; x_wconf 66' lang='lat' dir='ltr'>voluisset</span> 
     </span>
     <span class='ocr_line' id='line_1_42' title="bbox 59 2976 1133 3034; baseline -0.004 -10"><span class='ocrx_word' id='word_1_369' title='bbox 59 2995 66 3011; x_wconf 55' lang='lat'><em>2</em></span> <span class='ocrx_word' id='word_1_370' title='bbox 153 2993 179 3024; x_wconf 72' lang='grc' dir='ltr'><em>τ</em></span> <span class='ocrx_word' id='word_1_371' title='bbox 208 2978 279 3023; x_wconf 84' lang='lat' dir='ltr'>ed.</span> <span class='ocrx_word' id='word_1_372' title='bbox 311 2979 498 3025; x_wconf 77' lang='lat' dir='ltr'>voluisti</span> <span class='ocrx_word' id='word_1_373' title='bbox 525 2993 624 3023; x_wconf 83' lang='lat' dir='ltr'>nos.</span> <span class='ocrx_word' id='word_1_374' title='bbox 746 2983 802 3022; x_wconf 79' lang='lat'>26</span> <span class='ocrx_word' id='word_1_375' title='bbox 834 2978 1032 3034; x_wconf 74' lang='lat' dir='ltr'>nequitis</span> <span class='ocrx_word' id='word_1_376' title='bbox 1061 2976 1133 3020; x_wconf 88' lang='lat' dir='ltr'>ed.</span> 
     </span>
    </p>
   </div>
  </div>
 </body>
</html>
