2014 3226
804 189 1108 234 AENmDos
1140 190 1204 234 1v
1740 194 1848 246 389

160 329 290 376 inter
336 329 503 389 initia,
550 330 738 390 inquit,
786 332 1032 392 surgentis
1081 331 1299 379 civitatis
1348 333 1578 380 inimicae
1620 334 1849 380 confoves

160 405 424 465 coeptaet
463 418 615 463 quam
654 407 935 451 nascentem
986 406 1262 466 opprimere
1310 404 1547 453 debueras
1595 405 1851 454 sublevare

160 475 430 524 contendis.
497 475 709 523 dolenda
742 479 815 524 est
847 478 1047 524 fortuna
1086 482 1188 541 tua,
1221 495 1347 540 quae
1381 479 1681 527 contrarium
1715 481 1852 541 cupit

160 550 559 611 contrariumque
596 552 826 599 sectatur.
892 553 1148 612 arripuisti
1189 568 1359 600 curam
1399 553 1680 602 obfuturam
1721 567 1850 601 com-

115 640 134 672 5
157 623 317 672 modis
371 625 470 672 tuis
526 626 577 671 et
630 624 891 671 meliorum
947 640 1082 686 spem
1137 629 1457 687 praesumpta
1509 626 1850 688 desperatione

159 698 422 759 tempsisti.
499 697 814 759 inprudentis
855 698 1073 746 officium
1115 703 1187 747 est
1226 701 1391 747 aliena
1438 701 1507 748 sic
1555 717 1747 762 curare,
1794 703 1851 748 ut

158 772 392 835 neglegas
439 773 550 819 tua:
614 787 751 833 spem
796 773 937 819 tuam
983 774 1182 835 iugulas
1230 774 1375 822 huius
1422 776 1697 823 intentione
1736 790 1847 822 con·

160 846 276 907 Silii,
314 861 425 893 cum
466 845 719 894 amoribus
758 845 993 894 indebitis
1034 846 1228 895 deditus
1267 849 1410 895 uxori
1450 865 1598 909 quam
1636 849 1848 896 retinere

158 935 258 967 non
297 922 439 981 potes
478 920 674 981 placere
707 920 978 968 contendis.
1040 921 1161 968 haec
1201 921 1481 986 obiurgatio
1521 925 1577 970 ut
1616 922 1679 969 ab
1718 938 1848 970 erro-

91 1011 133 1042 10
157 993 293 1041 ribus
342 994 503 1042 solitis
551 993 904 1042 dormientium
948 998 1280 1042 secerneretur
1318 999 1368 1043 et
1405 997 1643 1044 maiorem
1682 998 1848 1044 aucto-

157 1069 360 1115 ritatem
400 1071 635 1128 sumeret,
674 1069 800 1128 ipse,
838 1069 1027 1130 inquit,
1066 1070 1207 1116 deum
1247 1070 1331 1116 tibi
1369 1084 1442 1116 me
1481 1070 1610 1117 claro
1649 1064 1882 1117 demitte?

160 1141 363 1202 Olympo
402 1144 642 1202 reynator,
684 1143 870 1189 caelum
902 1145 945 1189 et
976 1146 1132 1190 terras
1163 1145 1245 1202 qui
1275 1145 1474 1190 numine
1506 1147 1700 1203 torquet,
1731 1145 1834 1202 ipse
1851 1146 1937 1186 270

155 1216 272 1264 haec
308 1216 439 1275 ferre
475 1217 610 1264 iubet
642 1215 807 1264 celeris
845 1217 1081 1264 mandata
1111 1231 1205 1276 per
1244 1232 1410 1265 auras.
1480 1217 1739 1265 suffecerat
1775 1219 1849 1264 in-

157 1289 345 1337 dicasse
386 1305 415 1337 a
455 1306 555 1351 quo
596 1291 725 1338 esset
762 1291 965 1350 missus,
1013 1290 1119 1350 sed,
1166 1306 1278 1338 cum
1315 1293 1488 1339 notum
1528 1294 1656 1339 esset
1694 1306 1848 1352 quan·

90 1379 132 1412 15
156 1366 263 1411 tum
302 1363 530 1426 Iuppiter
568 1366 750 1426 posset,
783 1363 967 1412 adiecit
1005 1364 1242 1413 iniciendi
1275 1365 1477 1412 maioris
1509 1367 1669 1413 metus
1701 1379 1849 1413 causa

156 1440 428 1499 potestates
455 1439 559 1486 eius
585 1441 633 1486 et
658 1438 791 1501 quod
814 1438 905 1486 illa
938 1440 1106 1487 omnia
1137 1439 1342 1487 celerius
1374 1439 1582 1500 perferri
1611 1438 1848 1498 iussisset,

156 1511 421 1560 ostendens
455 1527 514 1559 ex
545 1527 602 1560 eo
636 1512 771 1574 quod
803 1512 1059 1560 dicebatur
1083 1513 1326 1560 maturius
1358 1515 1583 1574 oportere
1615 1512 1847 1574 conpleri.

157 1587 274 1644 quid
312 1587 496 1633 struis?
534 1588 623 1634 aut
660 1602 757 1646 qua
788 1601 872 1646 spe
902 1586 1102 1648 Libycis
1140 1588 1254 1634 teris
1292 1589 1390 1634 otia
1430 1587 1602 1634 terris?
1665 1586 1849 1635 utrius-

157 1675 254 1722 que
295 1661 469 1722 culpae
507 1660 780 1708 iustissima
819 1661 1155 1723 reprehensio:
1202 1676 1318 1708 nam
1357 1663 1547 1708 struere
1585 1661 1849 1719 contraria,

88 1750 133 1782 20
155 1733 248 1781 hoc
288 1736 363 1782 est
400 1737 617 1783 tractare
655 1735 736 1783 vel
775 1735 1057 1796 disponere,
1106 1737 1155 1782 et
1191 1734 1422 1782 inimicae
1463 1735 1680 1783 civitatis
1719 1749 1848 1781 com-

155 1807 303 1856 moda
335 1807 592 1856 sublevare
625 1810 872 1856 extremae
905 1808 1181 1856 dementiae
1213 1811 1302 1856 est.
1355 1823 1656 1870 praeponere
1682 1811 1846 1855 autem

155 1883 336 1943 otium,
386 1898 498 1930 cum
536 1885 815 1932 necessaria
853 1882 1138 1946 peragenda
1177 1882 1502 1944 superfluant,
1540 1881 1848 1945 neglegentis

155 1958 232 2004 est
262 1958 312 2004 et
342 1957 548 2004 incauti.
609 1957 804 2018 vellem,
835 1956 1014 2019 inquit,
1045 1971 1187 2004 nosse
1228 1971 1328 2018 qua
1368 1971 1454 2018 spe
1493 1955 1705 2015 ducaris,
1737 1970 1850 2002 cum

155 2029 323 2078 aliena
368 2030 560 2095 diligis,
615 2046 729 2079 cum
777 2031 986 2079 adversa
1031 2031 1276 2092 disponiS‚
1331 2045 1443 2077 cum
1497 2031 1599 2077 otio
1646 2031 1848 2090 torpens

89 2119 132 2152 25
155 2106 261 2152 tam
293 2105 684 2153 necessariorum
718 2105 1087 2153 commodorum
1116 2103 1450 2152 sollicitudine
1474 2103 1659 2151 reiecta
1683 2118 1848 2150 aemu-

155 2177 258 2226 lam
296 2180 396 2226 tuis
434 2177 581 2227 rebus
619 2180 908 2241 praetulisti
945 2179 1222 2243 segnitiem.
1299 2177 1418 2225 dum
1456 2177 1712 2239 quaeritur
1749 2190 1848 2238 qua

154 2266 241 2314 spe
271 2252 324 2299 id
355 2251 510 2314 fieret,
541 2253 714 2314 procul
746 2252 896 2300 dubio
928 2252 1054 2300 nihil
1085 2254 1140 2299 in
1170 2251 1369 2300 Aeneae
1407 2250 1599 2299 actibus
1638 2249 1847 2312 reperie-

155 2325 304 2374 batur
345 2319 476 2388 quod
516 2327 687 2389 aliqua
718 2327 908 2375 valeret
941 2327 1256 2374 excusatione
1290 2324 1500 2373 defendi.
1561 2325 1606 2372 si
1637 2327 1679 2370 te-
1708 2322 1847 2370 vulla

155 2403 310 2447 movet
346 2405 597 2448 tantarwm
631 2401 792 2461 {floria
829 2415 1007 2456 rerum,
1047 2398 1320 2447 Ascanium
1357 2401 1628 2459 sumentem
1667 2400 1708 2444 et
1741 2410 1848 2456 spes

88 2489 132 2522 so
154 2474 343 2521 heredis
380 2475 486 2523 Iun
524 2477 717 2535 respice,
758 2475 836 2522 cui
877 2488 1079 2535 reynum
1118 2474 1154 2520 I
1152 2473 1299 2522 taliae
1335 2473 1655 2532 Romanaque
1692 2470 1834 2518 tellas
1849 2471 1936 2513 2⁷⁶

20 2547 35 2597 „t

275 2649 302 2687 5
333 2645 570 2690 meliorwm
602 2644 688 2688 LR
718 2644 942 2689 meliorem
975 2643 1084 2687 edF.
1178 2647 1204 2687 6
1235 2642 1542 2699 contempsisti
1571 2641 1643 2686 ed.
1671 2641 1678 2699 Ι
1711 2653 1846 2685 cura·

155 2708 255 2747 rent
277 2703 320 2746 R,
349 2718 513 2749 curare
544 2709 595 2748 ut
625 2719 660 2748 r.
754 2708 780 2747 8
812 2704 1000 2747 retineri
1030 2702 1118 2745 LR
1150 2716 1263 2746 corr.
1292 2701 1331 2745 U
1362 2701 1433 2746 ed.
1529 2705 1582 2744 13
1613 2699 1848 2754 sufficerat

155 2761 243 2805 LR
271 2764 511 2818 suffecerat
538 2777 564 2806 1·
594 2763 667 2806 ed.
770 2766 825 2806 14
856 2767 898 2807 et
927 2775 1030 2806 cum
1061 2761 1149 2805 LR
1176 2761 1255 2806 sed
1284 2774 1319 2806 c.
1346 2759 1417 2805 ed.
1526 2764 1581 2803 16
1605 2762 1848 2815 potestates

153 2819 242 2865 LR
267 2823 505 2878 potestatis
536 2821 608 2866 ed.
661 2826 666 2877 Ι
723 2822 809 2866 illa
839 2820 927 2864 LR.
956 2821 1033 2866 ille
1062 2835 1097 2864 r.
1233 2823 1288 2863 19
1318 2825 1441 2865 strue
1470 2818 1513 2861 R
1544 2831 1657 2862 corr.
1690 2830 1725 2859 r.

148 2881 212 2923 ΞΟ
245 2885 363 2925 tract
391 2895 440 2926 re
463 2881 500 2924 L
532 2887 680 2926 tracre
701 2880 745 2924 R.
774 2885 972 2924 tractare
994 2894 1018 2922 r
1049 2879 1224 2924 traha-e
1255 2878 1348 2923 ed.:
1382 2878 1440 2922 cf.
1459 2882 1559 2921 276.
1652 2879 1707 2919 28
1738 2874 1849 2919 velle

154 2939 322 3042 imqu‘gi
349 2939 399 2984 L.
446 2997 470 3041 f
539 2944 596 3042 34
608 2940 794 3042 1523?ss
824 2938 911 2982 LR
942 2939 1043 2997 ayis
1072 2938 1144 2983 ed.
1177 2938 1337 2996 dt'liyie
1369 2950 1466 2982 nos,
1596 2939 1650 2978 29
1692 2948 1731 2977 v.
1758 2937 1851 2978 228

155 3011 244 3042 om.
312 3011 582 3043 on.c.e.
650 3013 666 3042 1
733 3032 746 3043 .
1807 3038 1836 3042 γ.
