2014 3226
777 134 1118 178 PRAEFATIO
1645 135 1791 178 XXXI

101 292 215 324 vero
273 277 448 336 quarto
502 276 681 322 itinere
735 275 943 322 Romam
996 275 1207 322 revisere
1262 291 1339 322 me
1392 275 1625 322 valetudo
1680 291 1791 336 pro-

102 350 312 408 hiberet,
358 350 550 410 reliqua
597 365 760 395 meum
805 350 858 395 in
905 364 1049 395 usum
1097 349 1412 396 contulerunt
1457 349 1553 396 viri
1605 351 1790 412 egregii

102 423 332 472 Alfredus
372 422 569 470 Monaci
607 423 855 483 professor
896 425 944 470 et
982 421 1264 470 Ludovicus
1305 423 1378 470 De
1420 421 1613 470 Stefani
1658 423 1789 470 litte—

99 514 266 546 rarum
321 497 512 556 doctor,
569 497 653 557 qui
707 496 858 543 iidem
908 496 1032 542 mihi
1080 497 1141 543 ad
1190 497 1518 544 examinanda
1567 512 1691 558 quae
1738 499 1791 543 in

101 571 433 619 Laurentiano
468 586 524 617 ac
548 570 793 617 Vaticano
827 572 942 632 post
974 570 1290 618 collationem
1330 570 1480 617 dubia
1521 572 1793 618 extiterunt

101 661 300 707 operam
341 660 483 692 suam
522 647 847 691 navaverunt.

211 717 426 766 Cunctos
472 719 941 780 interpretationum
988 718 1139 766 libros
1192 721 1430 779 quattuor
1476 719 1662 767 saeculi
1700 719 1792 765 XV

102 793 290 841 codices
338 794 613 851 continent,
657 792 1016 852 Harlemensis,
1059 791 1372 853 Oxoniensis,
1412 792 1649 852 Urbinas,
1687 793 1790 839 Ma-

101 868 419 926 latestianus,
474 867 837 914 membranacei
892 881 1081 926 omnes,
1135 868 1297 927 iisque
1353 868 1555 928 quintus
1603 867 1794 915 accedit

102 942 332 989 editionis
371 942 610 1002 principis
653 939 1025 1002 „archetypus‘⁴.
1097 941 1218 988 duos
1265 942 1454 1002 primos
1500 943 1634 989 totos
1681 955 1792 988 con-

101 1016 210 1075 tuli,
234 1014 491 1063 Urbinatis
520 1030 754 1078 magnam
786 1017 994 1076 partem,
1019 1014 1425 1062 Malatestianum
1457 1031 1556 1062 non
1586 1014 1791 1076 inspexi.

102 1105 183 1137 eos
221 1090 274 1136 in
314 1089 527 1136 secunda
566 1089 1036 1150 interpretationum
1074 1091 1218 1150 parte
1251 1105 1275 1136 e
1305 1089 1548 1136 Vaticano
1580 1089 1793 1149 fluxisse,

102 1179 211 1211 cum
258 1163 460 1210 lacunas
508 1178 631 1224 quas
678 1163 730 1210 in
775 1163 868 1211 hoc
915 1166 1049 1210 ortas
1097 1178 1200 1211 esse
1252 1178 1403 1224 supra
1458 1163 1794 1210 demonstravi

102 1237 296 1285 easdem
337 1237 620 1298 exhibeant,
664 1237 983 1284 manifestum
1024 1239 1110 1284 est.
1189 1237 1380 1285 accedit
1417 1240 1474 1284 ut
1511 1238 1564 1284 in
1605 1237 1792 1286 decimo

102 1311 228 1359 libro
284 1311 461 1372 quibus
516 1311 638 1359 locis
694 1327 722 1358 a
770 1311 1036 1374 Reginensi
1083 1311 1314 1359 dissentit
1359 1311 1635 1359 Vaticanus
1683 1327 1794 1358 cum

100 1386 192 1433 hoc
225 1387 548 1432 consentiant.
606 1385 791 1433 habent
823 1401 932 1432 eam
965 1401 1160 1447 quoque
1192 1385 1423 1433 lacunam
1456 1401 1555 1447 qua
1587 1388 1793 1446 quartus

103 1460 229 1507 liber
267 1459 386 1506 hiat.
463 1459 591 1507 hane
631 1459 867 1521 quoniam
907 1475 1057 1521 supra
1095 1459 1196 1507 iam
1235 1461 1287 1506 in
1327 1460 1596 1521 archetypo
1640 1459 1794 1507 fuisse

103 1534 451 1593 demonstravi,
491 1534 751 1594 suspiceris
785 1535 996 1581 forsitan
1029 1549 1110 1581 eos
1143 1534 1195 1580 in
1226 1535 1390 1595 prima
1420 1536 1562 1594 parte
1596 1550 1652 1580 ex
1683 1535 1793 1595 ipso

104 1608 371 1669 archetypo
395 1609 722 1670 transcriptos
749 1623 865 1656 esse.
914 1607 999 1655 sed
1032 1623 1141 1655 cum
1174 1623 1325 1669 supra
1354 1624 1402 1669 p.
1415 1607 1604 1655 XXVII
1629 1609 1795 1655 arche-

101 1685 278 1744 typum
317 1683 482 1730 totum
521 1681 775 1729 Donatum
822 1682 1123 1729 continuisse
1169 1682 1567 1743 probaverimus,
1613 1681 1795 1729 mirum

103 1771 220 1804 sane
265 1755 516 1816 videatur,
564 1757 608 1803 si
646 1756 760 1804 illos
800 1757 853 1802 in
891 1756 1055 1818 priore
1095 1758 1239 1817 parte
1278 1756 1391 1817 hoc,
1432 1756 1483 1802 in
1523 1757 1795 1817 posteriore

104 1830 202 1878 alio
242 1829 368 1877 libro
408 1845 525 1878 usos
565 1845 669 1877 esse
707 1833 952 1892 putemus.
1020 1830 1210 1878 accedit
1250 1829 1380 1890 quod
1419 1829 1505 1877 ubi
1543 1830 1587 1877 R
1626 1846 1795 1878 veram

105 1904 363 1966 archetypi
414 1905 678 1952 lectionem
732 1919 950 1952 servasse
1004 1903 1202 1952 videtur
1254 1904 1547 1966 plerumque
1596 1919 1707 1951 cum
1754 1904 1793 1951 L

105 1977 431 2026 consentiunt.
506 1992 595 2025 nec
641 1979 800 2042 magis
852 1994 911 2026 ex
955 1978 1247 2041 Reginensis
1302 1977 1463 2039 prima
1516 1981 1658 2040 parte
1713 1978 1795 2026 de-

106 2053 278 2114 scripti
316 2066 420 2100 esse
459 2055 679 2113 possunt,
721 2053 839 2114 quia
879 2052 1050 2114 aliqua
1088 2051 1140 2099 in
1180 2052 1270 2100 illa
1310 2053 1493 2100 omissa
1524 2067 1634 2100 cum
1666 2052 1794 2100 Lau-

27 2187 30 2189 >
103 2127 331 2174 rentiano
380 2141 596 2189 congrua
642 2125 828 2174 habent
874 2128 924 2174 et
971 2142 1095 2187 quae
1142 2127 1196 2172 in
1242 2125 1329 2174 illo
1377 2127 1585 2174 meliora
1624 2129 1796 2174 extant

106 2202 163 2247 ut
195 2201 242 2258 5,
271 2201 390 2248 495.
428 2201 533 2248 730
564 2202 754 2262 pariter
786 2216 842 2248 ac
873 2199 1241 2248 Laurentianus
1274 2203 1508 2262 corrupta
1542 2200 1793 2262 praebent.

108 2274 426 2335 quamobrem
467 2289 548 2323 eos
587 2277 645 2321 ut
683 2275 735 2321 in
775 2274 992 2322 secunda
1029 2277 1171 2336 parte
1212 2274 1276 2322 ad
1306 2273 1607 2322 Vaticanum
1637 2276 1714 2322 ita
1743 2275 1795 2321 in

106 2347 267 2408 prima
313 2347 377 2394 ad
415 2347 807 2396 Laurentianum
851 2347 1134 2396 referendos
1181 2362 1285 2396 esse
1331 2348 1663 2396 confitendum
1706 2351 1793 2396 est.

109 2423 158 2468 et
186 2421 483 2470 Urbinatem
521 2422 722 2483 quidem
754 2438 812 2470 ex
842 2424 952 2484 ipso
982 2421 1319 2471 Laurentiano
1352 2422 1655 2485 descriptum
1691 2438 1794 2470 esse

107 2495 203 2543 loci
228 2495 430 2557 quidam
461 2495 798 2544 demonstrare
827 2495 1073 2544 videntur.
1126 2497 1342 2558 primum
1374 2497 1505 2543 enim
1537 2495 1598 2544 ab
1624 2494 1796 2558 „illos“

107 2568 298 2630 incipit,
338 2584 437 2616 non
476 2585 506 2616 a
545 2572 689 2632 „post
725 2569 887 2619 illos“.
963 2570 1138 2618 deinde
1179 2585 1291 2618 cum
1327 2568 1692 2618 Laurentianus
1732 2569 1796 2618 ad

110 2643 159 2702 4,
185 2644 288 2691 202
330 2643 440 2690 folii
468 2645 573 2692 110
611 2643 824 2708 paginae
847 2643 895 2691 A
932 2645 1127 2706 partem
1166 2645 1382 2706 priorem
1413 2643 1576 2692 verbis
1608 2646 1796 2705 „aeter-

109 2730 197 2764 nas
234 2715 326 2779 pe“
364 2718 683 2766 terminatam
728 2717 782 2766 in
827 2717 1052 2780 sequenti
1097 2719 1230 2766 recte
1278 2718 1642 2766 continuaverit
1681 2733 1795 2779 „cu-

110 2789 323 2852 dumque
363 2790 615 2839 cruorem“
653 2794 758 2851 eta,
795 2792 872 2839 his
921 2793 1087 2840 autem
1132 2791 1296 2839 verbis
1343 2791 1591 2840 lemmatis
1632 2791 1796 2853 finem,

111 2879 255 2925 quem
299 2864 463 2926 primo
508 2866 765 2926 omiserat,
813 2867 1025 2929 „pingue
1073 2865 1234 2913 solum
1281 2867 1331 2912 et
1374 2866 1528 2914 variis
1566 2865 1796 2914 florentia

111 2935 285 2984 limina
330 2937 503 2987 sertis“
549 2941 810 3000 tamquam
854 2940 1072 3002 primum
1115 2939 1330 3004 paginae
1375 2953 1573 2987 versum
1625 2954 1795 3002 super-
