2014 3226
749 175 1053 220 AENEIDOS
1085 177 1105 218 I
1671 179 1770 229 137

86 320 339 378 Tr0ianos,
378 333 434 364 eo
475 317 583 365 loco
616 318 703 378 qui
734 318 901 378 potior
933 316 1066 378 apud
1099 320 1289 364 veteres
1321 317 1440 377 fuit3
1481 316 1691 378 denique
1725 322 1775 365 et

87 393 354 442 Sallustius
397 385 533 456 (hist.
559 390 637 437 ΙΠ
663 391 730 438 83
743 384 834 455 M)
865 389 1075 438 Sertorii
1106 392 1391 438 convivium
1423 391 1493 438 sic
1525 390 1774 452 describit,

86 469 142 515 ut
186 468 372 529 ipsum,
419 466 537 526 quia
584 466 751 526 potior
797 465 918 523 fuit,
969 465 1274 513 conlocasset
1319 466 1371 512 in
1419 464 1594 512 medio.
1672 467 1774 513 iam

75 544 220 602 pater
249 538 444 587 Aeneas
476 542 519 586 et
547 540 650 586 iam
684 538 903 586 Troiana
934 540 1158 586 iuventus
1197 539 1483 586 conveniant
1518 541 1761 599 stratoque
1780 543 1864 583 700

43 633 63 664 5
85 629 231 674 super
283 613 602 660 discumbitur
655 615 805 660 ostro:
868 627 962 659 non
1021 614 1251 660 iuventus
1307 614 1628 675 conveniunt,
1690 613 1776 661 sed

84 688 275 736 Aeneas
325 690 374 734 et
420 688 652 734 iuventus
694 686 910 734 Troiana
950 687 1097 734 simul
1138 688 1459 748 conveniunt3
1513 689 1569 734 ut
1608 690 1775 735 autem

86 778 254 810 eorum
300 763 534 808 meritum
582 762 841 820 emineret,
889 759 1178 808 deferuntur
1223 762 1285 808 iis
1336 762 1443 809 loca
1483 761 1608 808 talia
1647 777 1775 823 quae

86 838 219 884 ostro
259 835 496 884 confectis
538 834 758 883 vestibus
797 835 997 882 fuerant
1035 835 1308 897 superfusa.
1386 835 1507 883 dant
1548 835 1776 883 manibus

84 910 262 970 famuli
315 909 537 969 lymphas
595 923 891 968 cereremque
945 910 1172 956 canistris
1227 910 1483 968 eupalesszmt
1536 910 1776 969 tonsisque

22 1001 64 1035 ιο
86 986 251 1045 ferant
293 983 527 1031 mantelia
574 983 726 1030 villis:
778 983 860 1031 hic
907 982 1285 1044 dispositionem
1333 983 1553 1030 familiae
1593 983 1776 1046 regalis

86 1057 323 1106 ostendit:
364 1058 453 1105 alii
492 1058 625 1105 enim
662 1057 754 1105 hoc
795 1058 870 1104 est
906 1058 1005 1104 viri
1045 1072 1228 1118 aquam
1260 1056 1517 1104 abluendis
1548 1057 1776 1106 manibus

86 1131 293 1192 dabant,
340 1132 431 1179 alii
476 1132 718 1179 mantelia
764 1130 1089 1194 porrigebant
1136 1130 1316 1191 quibus
1362 1146 1537 1178 manus
1578 1131 1778 1179 ablutae

86 1208 410 1268 tergerentur,
450 1206 541 1254 alii
580 1206 810 1254 canistris
849 1221 1030 1267 panem
1068 1204 1435 1253 ministrabant.
1499 1220 1603 1252 mos
1645 1207 1777 1252 enim

86 1281 243 1328 fertur
274 1279 407 1342 apud
438 1282 630 1328 veteres
663 1280 818 1327 fuisse
858 1282 915 1326 ut
952 1280 1098 1341 panis
1138 1295 1237 1327 non
1276 1278 1522 1342 argenteis
1562 1279 1777 1328 vasculis

22 1370 64 1404 u
86 1355 367 1414 inferretur,
407 1354 492 1402 sed
532 1355 759 1402 canistris
791 1354 884 1402 hoc
916 1356 990 1401 est
1023 1353 1278 1415 speciebus
1310 1353 1455 1400 factis
1488 1369 1545 1400 ex
1577 1355 1776 1401 vimine.

88 1430 442 1490 quinquaqinta
464 1430 598 1476 ‘intus
619 1429 853 1487 famulae,
879 1429 1054 1488 quibus
1078 1429 1247 1475 ordine
1278 1428 1417 1487 lonyo
1450 1442 1569 1474 crura
1591 1442 1778 1486 penum

86 1505 270 1551 struere
309 1506 351 1550 et
388 1503 602 1561 flammis
641 1503 833 1550 adolere
861 1505 1089 1561 penates:
1142 1502 1320 1564 longus
1361 1501 1480 1549 ordo
1522 1504 1616 1561 est,
1664 1517 1778 1549 cum

87 1577 235 1624 multi
265 1576 471 1624 eandem
502 1593 608 1624 rem
639 1577 850 1624 servatis
874 1575 1066 1624 vicibus
1092 1575 1457 1623 administrant.
1506 1574 1591 1622 ubi
1623 1576 1779 1638 igitur

87 1650 284 1698 fixerant
331 1652 697 1714 quinquaginta
743 1650 807 1698 ad
854 1666 1066 1712 quarum
1112 1665 1280 1697 curam
1335 1648 1616 1712 pertinebat
1664 1665 1779 1711 pro-

23 1718 279 1775 ‘n'curatio
328 1725 519 1773 cellarii
557 1727 607 1772 et
645 1725 853 1773 deorum
890 1724 1148 1787 penatium
1186 1724 1370 1784 cultus,
1416 1723 1590 1785 procul
1629 1723 1778 1771 dubio

89 1798 203 1847 illas
242 1799 390 1862 longo
433 1799 605 1848 ordine
644 1798 935 1847 vicissitudo
974 1797 1227 1862 tangebat.
1306 1800 1494 1846 centum
1532 1797 1660 1845 aliae
1699 1801 1763 1844 1‘0-
1784 1800 1869 1841 705

89 1873 323 1934 fidemque
353 1888 504 1934 pares
544 1876 697 1922 aetate
735 1875 947 1920 minist-ri
985 1874 1068 1932 qui
1107 1873 1317 1932 dapibus
1353 1885 1548 1920 mensas
1586 1875 1782 1919 onerent

90 1949 134 1994 et
168 1949 349 2006 pocula
387 1950 602 2008 ponant:
658 1948 848 2009 quanta
893 1947 1144 2009 elegantia
1195 1948 1481 2008 quantaque
1533 1945 1780 1993 brevitate

42 2013 43 2017 ¹
90 2019 293 2069 divitias
342 2022 585 2083 expressit
630 2023 781 2083 atque
827 2020 1075 2069 laudavit!
1153 2035 1265 2068 cum
1312 2021 1444 2068 enim
1490 2019 1642 2068 vellet
1691 2019 1779 2066 du-

25 2109 68 2144 5
89 2097 343 2143 centorum
383 2096 543 2143 facere
582 2096 887 2144 mentionem
925 2110 1191 2157 eorumque
1233 2109 1375 2143 sexus
1407 2095 1558 2155 atque
1589 2095 1780 2141 aetates

39 2205 42 2209 ‚
72 2167 379 2230 discernere,
410 2186 510 2218 non
547 2171 710 2218 tenuit
750 2169 1081 2230 circumitum,
1120 2171 1178 2216 ut
1215 2167 1401 2216 diceret
1440 2167 1691 2228 ducentos,
1722 2183 1780 2215 ex

37 2252 49 2278 ί
91 2242 266 2304 quibus
306 2246 470 2291 essent
507 2246 707 2292 centum
743 2259 906 2292 mares
947 2245 998 2291 et
1036 2245 1234 2291 centum
1270 2242 1485 2290 feminae
1524 2244 1574 2289 et
1612 2257 1779 2290 omnes

39 2338 42 2339 ⁷
89 2317 235 2364 unius
298 2320 460 2366 essent
521 2319 723 2379 aetatis,
785 2317 871 2366 sed
933 2317 1186 2365 celeritate
1245 2331 1363 2364 usus
1418 2318 1469 2364 et
1521 2331 1781 2363 numerum

30 2443 47 2452 ..
91 2392 141 2438 et
170 2391 387 2440 aetatem
417 2408 573 2439 unum
603 2394 655 2440 et
683 2395 952 2453 utrumque
984 2406 1152 2439 sexum
1185 2391 1438 2453 expressit.
1492 2389 1572 2438 hic
1603 2389 1782 2438 leviter

35 2460 44 2466 ”
91 2463 308 2527 legentes
363 2467 617 2528 accipiunt
669 2465 994 2514 ducentorum
1055 2465 1440 2526 descriptionem
1492 2465 1547 2512 in
1601 2463 1780 2526 quibus

30 2544 51 2594 j?
91 2537 261 2586 eadem
299 2541 437 2588 aetas
475 2540 589 2600 fuit,
620 2539 706 2588 sed
737 2539 865 2587 nihil
894 2554 1135 2602 magnum
1167 2539 1502 2599 aestimantes,
1534 2539 1577 2585 si
1606 2538 1781 2601 regina

32 2578 156 2877 ‘lad
209 2612 336 2661 hanc
389 2616 586 2675 partem
639 2613 793 2662 officii
846 2612 1070 2661 ducentis
1120 2614 1363 2660 ministris
1410 2611 1653 2659 utebatur.
1731 2613 1782 2658 et

33 2684 41 2698 ²
91 2699 263 2733 revera
299 2686 425 2734 nihil
464 2688 564 2735 fuit
600 2703 838 2752 magnum
877 2686 941 2735 ad
980 2687 1183 2736 divitias
1221 2686 1404 2749 regalis
1437 2683 1780 2748 exprimendas

34 2828 41 2877 ’,γ
211 2815 239 2856 3
275 2813 548 2859 conlocasset
576 2813 664 2857 LR
693 2827 783 2859 om.
817 2812 897 2857 edI
933 2813 1166 2858 collocarit
1195 2812 1312 2858 edF:
1359 2810 1533 2856 Donati
1570 2809 1781 2854 testimo-

33 2878 43 2918 1'
92 2869 223 2914 nium
254 2871 511 2917 omiserunt
538 2871 910 2930 fragmentorum
941 2871 1156 2918 Sallustii
1186 2871 1402 2916 editores.
1548 2873 1573 2912 ‘1
1605 2869 1667 2913 iis
1695 2867 1783 2911 LR

33 2956 36 2987 ς
92 2928 164 2974 his
191 2929 263 2974 ed.
356 2935 414 2975 10
442 2933 661 2978 matilia
689 2931 761 2976 ed.
854 2935 911 2975 27
943 2936 986 2976 et
1014 2935 1192 2976 centum
1221 2930 1292 2974 Lr
1320 2935 1363 2974 et
1391 2942 1480 2974 om.
1504 2928 1559 2972 R.
1653 2931 1709 2972 29
1741 2931 1784 2972 et

33 2990 35 3006 ⁵
95 2992 283 3034 aetatem
313 3003 401 3034 om.
428 2990 499 3035 ed.
528 2990 536 3049 1
562 3005 708 3035 unum
737 2990 774 3034 L
804 3004 950 3035 unam
978 2990 1032 3034 R.
1157 2993 1214 3033 33
1245 2988 1561 3046 exprimendas
1593 3000 1679 3030 om.
1707 2985 1780 3030 ed.
