2014 3226
752 145 755 148 '
779 157 1080 202 AENEmos
1113 159 1132 201 1
1697 163 1797 214 139

108 313 198 360 que
242 298 415 346 tuendo
454 297 720 345 Phoenissa
768 300 810 344 et
844 299 1038 357 pariter
1069 314 1224 359 puero
1264 301 1494 360 donisque
1531 300 1799 362 moveturJ:

109 388 219 421 cum
258 372 432 432 omnis,
470 371 653 433 inquit,
691 373 883 419 teneret
922 371 1202 434 admiratio,
1243 376 1350 421 tum
1389 390 1504 422 vero
1538 374 1798 435 Didonem,

108 463 232 509 quae
279 461 378 493 non
425 445 704 494 satiabatur
749 444 982 506 vidend0‚
1037 446 1123 493 sed
1170 463 1351 511 magna
1406 449 1796 497 consideratione

106 519 357 568 nutriebat
403 519 686 568 incendium
733 519 958 567 sensibus
1006 521 1129 582 suis,
1178 522 1307 582 quod
1356 523 1520 570 fuerat
1558 525 1796 585 peritura.

61 613 83 648 5
108 594 318 642 ardescit
355 593 542 641 tuendo
580 608 609 640 a
642 595 890 641 contrario
922 595 1111 654 posuit3
1152 595 1478 645 consideratio
1512 598 1644 644 enim
1674 598 1796 645 satis

105 670 298 716 intenta
336 667 595 715 fastidium
626 683 800 729 parere
834 667 991 727 debet,
1025 684 1123 715 non
1154 668 1450 731 inexplebile
1483 670 1795 718 desiderium.

103 743 184 790 ille
238 742 319 789 ubi
373 743 607 802 conplexu
660 739 855 790 Aeneae
916 742 1126 802 colloque
1179 745 1435 802 pependit:
1497 744 1648 791 etiam
1700 746 1780 791 hic
1801 749 1884 790 715

103 831 339 879 magnum
386 818 563 878 poetae
611 815 892 878 consilium3
955 815 1115 878 primo
1164 817 1294 863 enim
1335 817 1625 880 obsequium
1663 818 1797 880 patri

102 889 287 938 Ascani
324 891 690 951 repraesentari
728 891 1040 950 convenerat,
1070 893 1128 937 ut
1166 891 1275 952 ipso
1315 892 1546 954 primitus
1581 894 1634 939 in
1667 908 1795 940 erro-

11 983 83 1019 «1⁰
103 980 207 1011 rem
238 964 387 1012 misso
419 963 914 1028 transfigurationem
945 979 1045 1012 non
1075 963 1422 1029 intellegerent
1455 967 1607 1013 etiam
1632 967 1794 1014 ceteri.

13 1031 38 1086 ‘f
104 1040 256 1100 atque
294 1039 369 1085 ita
407 1037 597 1086 factum
637 1040 730 1098 est3
786 1053 905 1085 nam
944 1039 1167 1086 secutum
1207 1041 1281 1086 est
1329 1043 1372 1086 et
1407 1053 1638 1100 maynum
1676 1041 1796 1100 falsi

101 1113 303 1172 inplevit
334 1114 567 1173 genitoris
607 1127 835 1168 amorem,
875 1114 1097 1172 reyinam
1129 1115 1271 1172 petit.-
1325 1114 1441 1162 falsi
1478 1114 1657 1177 inquit,
1698 1130 1795 1161 non

30 1177 39 1241 ζ
102 1185 235 1249 quod
273 1203 372 1234 non
411 1188 541 1234 esset
572 1188 716 1249 pater
747 1187 866 1248 eius,
900 1185 986 1233 sed
1017 1186 1151 1249 quod
1182 1186 1384 1235 Aenean
1416 1188 1581 1250 ipsum
1611 1188 1797 1236 Ascani

17 1250 42 1315 ‘3
102 1262 295 1323 patrem
334 1262 495 1324 primo
536 1260 789 1309 subtiliter
823 1259 1016 1324 Cupido
1055 1260 1329 1321 fefellisset,
1364 1263 1482 1324 quia
1514 1261 1708 1309 Aeneas
1745 1262 1796 1308 in

10 1324 79 1413 spis
102 1337 301 1383 tantum
340 1350 557 1383 errorem
595 1335 776 1383 missus
817 1337 906 1395 est,
945 1337 1003 1382 ut
1042 1335 1370 1383 arbitraretur
1409 1352 1459 1384 se
1499 1335 1656 1383 filium
1692 1351 1796 1383 am·

26 1436 40 1448 -
100 1409 251 1471 plecti
299 1411 349 1457 et
396 1410 615 1458 osculari
660 1410 986 1472 praesentem.
1066 1425 1182 1473 ergo
1222 1425 1322 1458 non
1361 1409 1682 1472 intellegente
1721 1411 1794 1457 in·

23 1490 37 1502 ·‘
101 1482 251 1551 sidias
290 1486 434 1546 patre
474 1485 621 1545 quasi
659 1499 834 1531 verum
874 1483 1086 1546 hospitis
1126 1483 1286 1531 filium
1323 1485 1603 1532 venientem
1642 1483 1706 1530 ad
1743 1499 1793 1531 se

34 1559 42 1562 ’
99 1558 272 1621 regina
319 1557 550 1619 suscepit.
626 1558 744 1607 haec
791 1559 965 1614 oculis,
1011 1559 1129 1607 haec
1164 1561 1359 1618 pectore
1405 1562 1496 1606 toto
1546 1558 1709 1606 haeret
1755 1561 1797 1604 et

99 1632 341 1680 interdum
375 1634 560 1692 yremio
598 1633 748 1692 fovet:
795 1631 1028 1680 exhibens
1070 1649 1264 1680 omnem
1301 1631 1666 1681 benivolentiae
1709 1631 1792 1678 ad-

11 1724 24 1772 n·
101 1705 284 1753 fectum
329 1705 620 1754 intuebatur
666 1722 779 1754 eum
824 1706 1037 1755 libenter
1075 1710 1125 1754 et
1162 1706 1414 1754 interdum
1452 1707 1640 1770 gremio
1681 1721 1792 1753 con-

36 1783 43 1846 5'
98 1779 304 1828 tinebat.
380 1781 537 1828 inscia
574 1781 709 1829 Dido
746 1781 935 1829 insidat
970 1785 1182 1841 quamtus
1219 1782 1424 1829 miserae
1463 1780 1605 1828 deus:
1649 1783 1792 1827 tanto

98 1853 332 1902 libentius
355 1870 567 1916 puerum
591 1854 860 1916 inprudens
884 1855 1014 1903 Dido
1047 1855 1235 1918 gremio
1268 1854 1580 1915 confovebat,
1605 1856 1792 1916 quanto

98 1928 350 1977 nesciebat
390 1929 589 1991 qualem
630 1929 775 1977 deum
815 1929 1101 1978 admoveret
1141 1929 1451 1992 amplexibus
1492 1929 1607 1976 suis.
1670 1927 1794 1975 bene

99 2003 268 2050 autem
313 2003 545 2050 miseram
591 2003 719 2051 dixit
761 2019 889 2066 quae
928 2005 1105 2068 ignara
1143 2006 1397 2066 gestorum
1435 2002 1704 2066 benignum
1742 2002 1794 2048 in

100 2077 324 2124 omnibus
364 2077 587 2125 animam
619 2077 1041 2140 repraesentabat,
1075 2093 1202 2140 quae
1242 2092 1347 2125 esse
1381 2076 1548 2140 potuit
1578 2076 1794 2134 inimica,

97 2222 356 2274 Acidaliae
385 2226 637 2286 paulatim
668 2227 857 2275 abolere
885 2225 1157 2288 Sychaeum
1186 2227 1359 2286 incipit
1389 2229 1430 2272 et
1460 2226 1568 2273 vivo
1599 2227 1797 2285 temptat

89 2302 398 2359 praevertere
444 2314 609 2348 amore
653 2302 756 2348 iam
792 2301 991 2361 pridem
1034 2301 1218 2349 resides
1271 2301 1462 2349 animos
1508 2299 1795 2358 desuetaque

69 2373 273 2431 ‘corda,·
325 2389 482 2422 novus
530 2373 662 2422 enim
708 2389 850 2423 amor
893 2374 1070 2422 inferri
1115 2390 1215 2423 non
1260 2375 1449 2437 posset,
1503 2372 1602 2421 nisi
1650 2373 1792 2420 vetus

19 2559 21 2563 '
216 2563 243 2603 2
275 2560 498 2605 admirati
526 2564 624 2606 tum
653 2574 726 2605 mo
749 2560 838 2604 LR
868 2560 1116 2605 admiratio
1139 2564 1238 2604 tum
1261 2560 1408 2617 mayis
1438 2573 1461 2602 r
1491 2573 1534 2602 a.
1559 2571 1608 2603 eo
1631 2572 1690 2602 m.
1719 2557 1790 2600 ed.

20 2627 21 2631 ’
98 2631 142 2662 a.
173 2621 271 2663 tmn
300 2632 402 2664 vero
434 2631 532 2663 nos.
628 2623 654 2663 3
685 2619 729 2664 si
756 2618 953 2664 LR'sed
982 2634 1007 2662 r
1038 2619 1109 2663 ed.
1202 2623 1230 2662 4
1262 2619 1384 2676 quod
1414 2617 1502 2661 LR
1529 2617 1600 2661 ed.
1634 2629 1722 2673 quo
1753 2614 1790 2659 Ο

97 2677 255 2722 nescio
287 2691 349 2722 an
379 2679 519 2723 recte.
555 2679 563 2735 Ι
593 2679 810 2736 peritam-a
841 2677 930 2722 LR
953 2683 1227 2735 perceptura
1259 2677 1332 2722 ed.
1454 2681 1481 2721 5
1513 2675 1794 2731 ardescitque

99 2735 171 2781 ed.
200 2739 207 2793 Ι
241 2737 599 2783 considerationi
627 2737 716 2782 LR
747 2737 819 2783 ed.
852 2738 1155 2783 consideratio
1185 2739 1307 2782 enim
1338 2749 1435 2780 nos.
1559 2739 1584 2779 6
1615 2736 1792 2779 intenta

97 2793 187 2839 LR.
214 2797 416 2842 intentae
445 2797 518 2842 ed.
670 2801 699 2843 8
729 2797 972 2843 consilium
1001 2796 1089 2841 LR
1127 2811 1164 2842 c.
1196 2802 1262 2842 est
1290 2796 1363 2841 ed.
1518 2799 1573 2838 12
1603 2792 1795 2850 inplebit

71 2874 74 2879 ¹
98 2851 188 2898 ΕΒ,
217 2868 331 2900 corr.
356 2855 394 2900 L
424 2855 529 2914 ipse
559 2871 595 2900 r.
721 2860 777 2900 14
807 2858 891 2914 qui
918 2855 1007 2900 LR
1035 2869 1126 2914 quo
1157 2855 1230 2900 ed.
1262 2856 1376 2912 quia
1406 2868 1504 2898 nos,
1630 2856 1683 2895 15
1715 2866 1790 2895 ar-

20 2914 22 2974 j
75 2912 381 2960 -bt'trarentur
417 2914 459 2958 R
497 2929 614 2960 corr.
644 2930 682 2961 r.
837 2919 891 2959 18
930 2917 1139 2973 reginam
1177 2914 1232 2958 R.
1403 2917 1456 2957 19
1495 2925 1669 2957 omnem
1707 2910 1793 2954 LR

98 2972 308 3019 omnibus
337 2974 408 3019 ed.
459 2977 467 3032 Ι
524 2975 755 3030 adfectum
786 2974 872 3018 LR-
901 2979 1130 3032 aspectum
1162 2973 1234 3018 ed.
1400 2976 1454 3016 21
1488 2971 1687 3016 insideat
1719 2968 1791 3014 ed.

99 2165 212 2198 eum
244 2167 303 2198 ex
334 2167 390 2199 eo
422 2153 532 2214 ipso
562 2153 828 2214 pararetur
855 2151 920 2199 ad
942 2153 1167 2200 mortem.
1223 2155 1276 2200 at
1296 2166 1478 2199 memor
1500 2151 1583 2198 ille
1605 2151 1779 2198 matris
1797 2154 1882 2194 720
1968 2181 1974 2197 1
