<?xml version="1.0" encoding="UTF-8"?>
<!DOCTYPE html PUBLIC "-//W3C//DTD XHTML 1.0 Transitional//EN"
    "http://www.w3.org/TR/xhtml1/DTD/xhtml1-transitional.dtd">
<html xmlns="http://www.w3.org/1999/xhtml" xml:lang="en" lang="en">
 <head>
  <title>
</title>
<meta http-equiv="Content-Type" content="text/html;charset=utf-8" />
  <meta name='ocr-system' content='tesseract 3.04.00' />
  <meta name='ocr-capabilities' content='ocr_page ocr_carea ocr_par ocr_line ocrx_word'/>
</head>
<body>
  <div class='ocr_page' id='page_1' title='image "./interpretationes01donauoft_0200.png"; bbox 0 0 2014 3226; ppageno 0'>
   <div class='ocr_carea' id='block_1_1' title="bbox 215 147 1432 200">
    <p class='ocr_par' dir='ltr' id='par_1_1' title="bbox 215 147 1432 200">
     <span class='ocr_line' id='line_1_1' title="bbox 215 147 1432 200; baseline -0.007 1"><span class='ocrx_word' id='word_1_1' title='bbox 215 149 320 200; x_wconf 80' lang='lat'>150</span> <span class='ocrx_word' id='word_1_2' title='bbox 679 147 910 191; x_wconf 75' lang='lat' dir='ltr'>DONATI</span> <span class='ocrx_word' id='word_1_3' title='bbox 941 147 1220 191; x_wconf 77' lang='lat' dir='ltr'>INTERPR..</span> <span class='ocrx_word' id='word_1_4' title='bbox 1255 148 1432 192; x_wconf 75' lang='lat' dir='ltr'><strong>VEB-G.</strong></span> 
     </span>
    </p>
   </div>
   <div class='ocr_carea' id='block_1_2' title="bbox 146 287 1987 2712">
    <p class='ocr_par' dir='ltr' id='par_1_2' title="bbox 146 287 1987 2712">
     <span class='ocr_line' id='line_1_2' title="bbox 211 287 1900 351; baseline 0 -15"><span class='ocrx_word' id='word_1_5' title='bbox 211 291 297 351; x_wconf 86' lang='lat' dir='ltr'>qui</span> <span class='ocrx_word' id='word_1_6' title='bbox 335 288 529 337; x_wconf 90' lang='lat' dir='ltr'>hostilis</span> <span class='ocrx_word' id='word_1_7' title='bbox 569 287 775 334; x_wconf 80' lang='lat' dir='ltr'>insidias</span> <span class='ocrx_word' id='word_1_8' title='bbox 817 288 974 334; x_wconf 86' lang='lat' dir='ltr'>celare</span> <span class='ocrx_word' id='word_1_9' title='bbox 1013 287 1258 348; x_wconf 88' lang='lat' dir='ltr'>potuisset</span> <span class='ocrx_word' id='word_1_10' title='bbox 1298 291 1348 334; x_wconf 87' lang='lat' dir='ltr'>et</span> <span class='ocrx_word' id='word_1_11' title='bbox 1383 289 1712 336; x_wconf 83' lang='lat' dir='ltr'>Troianorum</span> <span class='ocrx_word' id='word_1_12' title='bbox 1744 291 1900 350; x_wconf 88' lang='lat' dir='ltr'>suspi-</span> 
     </span>
     <span class='ocr_line' id='line_1_3' title="bbox 209 360 1900 423; baseline 0 -13"><span class='ocrx_word' id='word_1_13' title='bbox 209 365 371 411; x_wconf 90' lang='lat' dir='ltr'>ciones</span> <span class='ocrx_word' id='word_1_14' title='bbox 413 365 645 409; x_wconf 84' lang='lat' dir='ltr'>avertere.</span> <span class='ocrx_word' id='word_1_15' title='bbox 725 360 1022 408; x_wconf 73' lang='lat' dir='ltr'>describitur</span> <span class='ocrx_word' id='word_1_16' title='bbox 1060 362 1166 408; x_wconf 90' lang='lat' dir='ltr'>eius</span> <span class='ocrx_word' id='word_1_17' title='bbox 1205 362 1417 410; x_wconf 74' lang='lat' dir='ltr'>felicitas</span> <span class='ocrx_word' id='word_1_18' title='bbox 1456 361 1606 423; x_wconf 89' lang='lat' dir='ltr'>prior,</span> <span class='ocrx_word' id='word_1_19' title='bbox 1648 363 1900 423; x_wconf 85' lang='lat' dir='ltr'>sequentis</span> 
     </span>
     <span class='ocr_line' id='line_1_4' title="bbox 209 434 1930 496; baseline -0.001 -12"><span class='ocrx_word' id='word_1_20' title='bbox 209 440 374 484; x_wconf 86' lang='lat' dir='ltr'>autem</span> <span class='ocrx_word' id='word_1_21' title='bbox 421 435 657 496; x_wconf 87' lang='lat' dir='ltr'>temporis</span> <span class='ocrx_word' id='word_1_22' title='bbox 706 435 908 482; x_wconf 84' lang='lat' dir='ltr'>fortuna</span> <span class='ocrx_word' id='word_1_23' title='bbox 955 434 1182 482; x_wconf 74' lang='lat' dir='ltr'>deterior.</span> <span class='ocrx_word' id='word_1_24' title='bbox 1259 436 1387 482; x_wconf 90' lang='lat' dir='ltr'>hanc</span> <span class='ocrx_word' id='word_1_25' title='bbox 1434 435 1565 482; x_wconf 90' lang='lat' dir='ltr'>enim</span> <span class='ocrx_word' id='word_1_26' title='bbox 1603 436 1820 484; x_wconf 88' lang='lat' dir='ltr'>insulam</span> <span class='ocrx_word' id='word_1_27' title='bbox 1860 437 1930 483; x_wconf 68' lang='lat' dir='ltr'>si⁴</span> 
     </span>
     <span class='ocr_line' id='line_1_5' title="bbox 207 507 1898 570; baseline 0 -13"><span class='ocrx_word' id='word_1_28' title='bbox 207 511 536 557; x_wconf 82' lang='lat' dir='ltr'>arbitraretur</span> <span class='ocrx_word' id='word_1_29' title='bbox 574 508 704 555; x_wconf 92' lang='lat' dir='ltr'>Dido</span> <span class='ocrx_word' id='word_1_30' title='bbox 750 507 1071 568; x_wconf 91' lang='lat' dir='ltr'>incolumem,</span> <span class='ocrx_word' id='word_1_31' title='bbox 1119 525 1270 570; x_wconf 91' lang='lat' dir='ltr'>quam</span> <span class='ocrx_word' id='word_1_32' title='bbox 1316 525 1485 556; x_wconf 88' lang='lat' dir='ltr'>omnes</span> <span class='ocrx_word' id='word_1_33' title='bbox 1531 509 1754 557; x_wconf 87' lang='lat' dir='ltr'>homines</span> <span class='ocrx_word' id='word_1_34' title='bbox 1795 512 1898 570; x_wconf 91' lang='lat' dir='ltr'>opi-</span> 
     </span>
     <span class='ocr_line' id='line_1_6' title="bbox 207 582 1899 644; baseline 0.001 -15"><span class='ocrx_word' id='word_1_35' title='bbox 207 585 351 630; x_wconf 85' lang='lat' dir='ltr'>nione</span> <span class='ocrx_word' id='word_1_36' title='bbox 399 583 605 630; x_wconf 88' lang='lat' dir='ltr'>divitem</span> <span class='ocrx_word' id='word_1_37' title='bbox 651 585 914 643; x_wconf 85' lang='lat' dir='ltr'>noverant,</span> <span class='ocrx_word' id='word_1_38' title='bbox 962 598 1060 629; x_wconf 90' lang='lat' dir='ltr'>non</span> <span class='ocrx_word' id='word_1_39' title='bbox 1108 582 1327 630; x_wconf 89' lang='lat' dir='ltr'>crederet</span> <span class='ocrx_word' id='word_1_40' title='bbox 1366 583 1651 644; x_wconf 88' lang='lat' dir='ltr'>conplendis</span> <span class='ocrx_word' id='word_1_41' title='bbox 1693 582 1899 631; x_wconf 86' lang='lat' dir='ltr'>Graeco—</span> 
     </span>
     <span class='ocr_line' id='line_1_7' title="bbox 205 656 1898 720; baseline 0.001 -17"><span class='ocrx_word' id='word_1_42' title='bbox 205 675 315 703; x_wconf 84' lang='lat' dir='ltr'>rum</span> <span class='ocrx_word' id='word_1_43' title='bbox 363 656 554 704; x_wconf 86' lang='lat' dir='ltr'>insidiis</span> <span class='ocrx_word' id='word_1_44' title='bbox 602 659 900 717; x_wconf 84' lang='lat' dir='ltr'>oportunam</span> <span class='ocrx_word' id='word_1_45' title='bbox 947 672 1051 704; x_wconf 89' lang='lat' dir='ltr'>esse</span> <span class='ocrx_word' id='word_1_46' title='bbox 1098 657 1334 718; x_wconf 88' lang='lat' dir='ltr'>potuisse.</span> <span class='ocrx_word' id='word_1_47' title='bbox 1414 657 1573 704; x_wconf 92' lang='lat' dir='ltr'>omnis</span> <span class='ocrx_word' id='word_1_48' title='bbox 1625 673 1741 720; x_wconf 86' lang='lat' dir='ltr'>ergo</span> <span class='ocrx_word' id='word_1_49' title='bbox 1794 659 1898 705; x_wconf 88' lang='lat' dir='ltr'>eius</span> 
     </span>
     <span class='ocr_line' id='line_1_8' title="bbox 205 730 1898 791; baseline -0.001 -14"><span class='ocrx_word' id='word_1_50' title='bbox 205 732 469 791; x_wconf 77' lang='lat' dir='ltr'>descriptio</span> <span class='ocrx_word' id='word_1_51' title='bbox 519 730 580 776; x_wconf 91' lang='lat' dir='ltr'>ad</span> <span class='ocrx_word' id='word_1_52' title='bbox 629 730 996 777; x_wconf 86' lang='lat' dir='ltr'>excusationem</span> <span class='ocrx_word' id='word_1_53' title='bbox 1033 730 1195 777; x_wconf 89' lang='lat' dir='ltr'>tendit</span> <span class='ocrx_word' id='word_1_54' title='bbox 1233 747 1332 778; x_wconf 91' lang='lat' dir='ltr'>non</span> <span class='ocrx_word' id='word_1_55' title='bbox 1372 730 1653 777; x_wconf 87' lang='lat' dir='ltr'>intellectae</span> <span class='ocrx_word' id='word_1_56' title='bbox 1693 730 1898 778; x_wconf 84' lang='lat' dir='ltr'>fraudis.</span> 
     </span>
     <span class='ocr_line' id='line_1_9' title="bbox 203 804 1898 865; baseline 0.001 -15"><span class='ocrx_word' id='word_1_57' title='bbox 203 804 384 852; x_wconf 82' lang='lat' dir='ltr'>idcirco</span> <span class='ocrx_word' id='word_1_58' title='bbox 426 805 498 851; x_wconf 87' lang='lat' dir='ltr'>ait</span> <span class='ocrx_word' id='word_1_59' title='bbox 536 806 587 850; x_wconf 89' lang='lat' dir='ltr'>in</span> <span class='ocrx_word' id='word_1_60' title='bbox 629 805 894 865; x_wconf 87' lang='lat' dir='ltr'>conspectu</span> <span class='ocrx_word' id='word_1_61' title='bbox 932 804 1030 850; x_wconf 88' lang='lat' dir='ltr'>fuit</span> <span class='ocrx_word' id='word_1_62' title='bbox 1069 804 1315 864; x_wconf 81' lang='lat' dir='ltr'>Tenedos,</span> <span class='ocrx_word' id='word_1_63' title='bbox 1359 804 1444 851; x_wconf 90' lang='lat' dir='ltr'>sed</span> <span class='ocrx_word' id='word_1_64' title='bbox 1482 805 1649 862; x_wconf 83' lang='lat' dir='ltr'>insula</span> <span class='ocrx_word' id='word_1_65' title='bbox 1689 820 1786 865; x_wconf 89' lang='lat' dir='ltr'>quo</span> <span class='ocrx_word' id='word_1_66' title='bbox 1826 806 1898 852; x_wconf 84' lang='lat' dir='ltr'>fa-</span> 
     </span>
     <span class='ocr_line' id='line_1_10' title="bbox 203 877 1926 939; baseline 0 -15"><span class='ocrx_word' id='word_1_67' title='bbox 203 878 294 925; x_wconf 88' lang='lat' dir='ltr'>cile</span> <span class='ocrx_word' id='word_1_68' title='bbox 334 877 538 925; x_wconf 87' lang='lat' dir='ltr'>transiri</span> <span class='ocrx_word' id='word_1_69' title='bbox 576 893 675 924; x_wconf 90' lang='lat' dir='ltr'>non</span> <span class='ocrx_word' id='word_1_70' title='bbox 714 879 880 939; x_wconf 91' lang='lat' dir='ltr'>posset</span> <span class='ocrx_word' id='word_1_71' title='bbox 917 893 1007 924; x_wconf 88' lang='lat' dir='ltr'>nec</span> <span class='ocrx_word' id='word_1_72' title='bbox 1045 878 1204 925; x_wconf 85' lang='lat' dir='ltr'>videri</span> <span class='ocrx_word' id='word_1_73' title='bbox 1244 877 1437 939; x_wconf 89' lang='lat' dir='ltr'>aliquid</span> <span class='ocrx_word' id='word_1_74' title='bbox 1475 881 1674 938; x_wconf 91' lang='lat' dir='ltr'>praeter</span> <span class='ocrx_word' id='word_1_75' title='bbox 1712 878 1926 939; x_wconf 82' lang='lat' dir='ltr'>ipsam3.</span> 
     </span>
     <span class='ocr_line' id='line_1_11' title="bbox 202 951 1899 1015; baseline 0 -17"><span class='ocrx_word' id='word_1_76' title='bbox 202 951 488 1013; x_wconf 87' lang='lat' dir='ltr'>inpediebat</span> <span class='ocrx_word' id='word_1_77' title='bbox 543 951 675 998; x_wconf 89' lang='lat' dir='ltr'>enim</span> <span class='ocrx_word' id='word_1_78' title='bbox 729 967 865 999; x_wconf 90' lang='lat' dir='ltr'>mare</span> <span class='ocrx_word' id='word_1_79' title='bbox 919 968 1019 1013; x_wconf 88' lang='lat' dir='ltr'>quo</span> <span class='ocrx_word' id='word_1_80' title='bbox 1074 953 1240 999; x_wconf 83' lang='lat' dir='ltr'>fuerat</span> <span class='ocrx_word' id='word_1_81' title='bbox 1294 952 1475 999; x_wconf 89' lang='lat' dir='ltr'>clausa.</span> <span class='ocrx_word' id='word_1_82' title='bbox 1561 955 1681 1012; x_wconf 88' lang='lat' dir='ltr'>apta</span> <span class='ocrx_word' id='word_1_83' title='bbox 1742 953 1899 1015; x_wconf 87' lang='lat' dir='ltr'>igitur</span> 
     </span>
     <span class='ocr_line' id='line_1_12' title="bbox 203 1024 1897 1087; baseline 0 -15"><span class='ocrx_word' id='word_1_84' title='bbox 203 1024 401 1074; x_wconf 81' lang='lat' dir='ltr'>Graecis</span> <span class='ocrx_word' id='word_1_85' title='bbox 442 1025 505 1072; x_wconf 88' lang='lat' dir='ltr'>ad</span> <span class='ocrx_word' id='word_1_86' title='bbox 542 1025 750 1073; x_wconf 88' lang='lat' dir='ltr'>insidias</span> <span class='ocrx_word' id='word_1_87' title='bbox 782 1025 1118 1086; x_wconf 78' lang='lat' dir='ltr'>proximitatis</span> <span class='ocrx_word' id='word_1_88' title='bbox 1152 1027 1304 1073; x_wconf 88' lang='lat' dir='ltr'>etiam</span> <span class='ocrx_word' id='word_1_89' title='bbox 1336 1041 1498 1073; x_wconf 87' lang='lat' dir='ltr'>causa.</span> <span class='ocrx_word' id='word_1_90' title='bbox 1562 1025 1699 1073; x_wconf 89' lang='lat' dir='ltr'>dives</span> <span class='ocrx_word' id='word_1_91' title='bbox 1731 1042 1897 1087; x_wconf 85' lang='lat' dir='ltr'>opum,</span> 
     </span>
     <span class='ocr_line' id='line_1_13' title="bbox 200 1099 1896 1162; baseline 0.001 -17"><span class='ocrx_word' id='word_1_92' title='bbox 200 1100 389 1147; x_wconf 87' lang='lat' dir='ltr'>Priami</span> <span class='ocrx_word' id='word_1_93' title='bbox 413 1099 531 1145; x_wconf 89' lang='lat' dir='ltr'>dum</span> <span class='ocrx_word' id='word_1_94' title='bbox 562 1115 716 1162; x_wconf 87' lang='lat' dir='ltr'>regna</span> <span class='ocrx_word' id='word_1_95' title='bbox 746 1099 1035 1146; x_wconf 88' lang='lat' dir='ltr'>manebant:</span> <span class='ocrx_word' id='word_1_96' title='bbox 1075 1116 1273 1162; x_wconf 85' lang='lat' dir='ltr'>magna,</span> <span class='ocrx_word' id='word_1_97' title='bbox 1305 1100 1488 1161; x_wconf 89' lang='lat' dir='ltr'>inquit,</span> <span class='ocrx_word' id='word_1_98' title='bbox 1521 1100 1631 1160; x_wconf 87' lang='lat' dir='ltr'>fuit,</span> <span class='ocrx_word' id='word_1_99' title='bbox 1664 1099 1750 1147; x_wconf 87' lang='lat' dir='ltr'>sed</span> <span class='ocrx_word' id='word_1_100' title='bbox 1785 1115 1896 1147; x_wconf 88' lang='lat' dir='ltr'>cum</span> 
     </span>
     <span class='ocr_line' id='line_1_14' title="bbox 202 1173 1895 1235; baseline 0 -15"><span class='ocrx_word' id='word_1_101' title='bbox 202 1176 358 1221; x_wconf 89' lang='lat' dir='ltr'>staret</span> <span class='ocrx_word' id='word_1_102' title='bbox 395 1174 664 1234; x_wconf 89' lang='lat' dir='ltr'>imperium</span> <span class='ocrx_word' id='word_1_103' title='bbox 695 1173 898 1220; x_wconf 89' lang='lat' dir='ltr'>Priami.</span> <span class='ocrx_word' id='word_1_104' title='bbox 960 1173 1052 1221; x_wconf 88' lang='lat' dir='ltr'>hoc</span> <span class='ocrx_word' id='word_1_105' title='bbox 1090 1173 1201 1220; x_wconf 90' lang='lat' dir='ltr'>ideo</span> <span class='ocrx_word' id='word_1_106' title='bbox 1241 1175 1461 1235; x_wconf 89' lang='lat' dir='ltr'>positum</span> <span class='ocrx_word' id='word_1_107' title='bbox 1500 1175 1575 1221; x_wconf 90' lang='lat' dir='ltr'>est</span> <span class='ocrx_word' id='word_1_108' title='bbox 1614 1173 1765 1221; x_wconf 88' lang='lat' dir='ltr'>fuisse</span> <span class='ocrx_word' id='word_1_109' title='bbox 1806 1174 1895 1221; x_wconf 86' lang='lat' dir='ltr'>ali-</span> 
     </span>
     <span class='ocr_line' id='line_1_15' title="bbox 201 1247 1895 1310; baseline 0 -16"><span class='ocrx_word' id='word_1_110' title='bbox 201 1247 398 1308; x_wconf 87' lang='lat' dir='ltr'>quando</span> <span class='ocrx_word' id='word_1_111' title='bbox 445 1263 701 1310; x_wconf 86' lang='lat' dir='ltr'>magnam,</span> <span class='ocrx_word' id='word_1_112' title='bbox 750 1250 806 1294; x_wconf 92' lang='lat' dir='ltr'>ut</span> <span class='ocrx_word' id='word_1_113' title='bbox 844 1247 975 1295; x_wconf 91' lang='lat' dir='ltr'>Dido</span> <span class='ocrx_word' id='word_1_114' title='bbox 1025 1247 1086 1294; x_wconf 90' lang='lat' dir='ltr'>ab</span> <span class='ocrx_word' id='word_1_115' title='bbox 1127 1247 1230 1295; x_wconf 91' lang='lat' dir='ltr'>eius</span> <span class='ocrx_word' id='word_1_116' title='bbox 1270 1249 1451 1295; x_wconf 88' lang='lat' dir='ltr'>veteris</span> <span class='ocrx_word' id='word_1_117' title='bbox 1491 1247 1750 1295; x_wconf 84' lang='lat' dir='ltr'>felicitatis</span> <span class='ocrx_word' id='word_1_118' title='bbox 1791 1248 1895 1310; x_wconf 91' lang='lat' dir='ltr'>opi-</span> 
     </span>
     <span class='ocr_line' id='line_1_16' title="bbox 199 1321 1895 1382; baseline 0 -14"><span class='ocrx_word' id='word_1_119' title='bbox 199 1322 346 1369; x_wconf 82' lang='lat' dir='ltr'>nione</span> <span class='ocrx_word' id='word_1_120' title='bbox 393 1321 689 1381; x_wconf 66' lang='lat' dir='ltr'>discederet,</span> <span class='ocrx_word' id='word_1_121' title='bbox 753 1321 793 1369; x_wconf 92' lang='lat' dir='ltr'>si</span> <span class='ocrx_word' id='word_1_122' title='bbox 842 1321 973 1368; x_wconf 90' lang='lat' dir='ltr'>enim</span> <span class='ocrx_word' id='word_1_123' title='bbox 1020 1323 1177 1368; x_wconf 91' lang='lat' dir='ltr'>staret</span> <span class='ocrx_word' id='word_1_124' title='bbox 1223 1321 1327 1368; x_wconf 92' lang='lat' dir='ltr'>eius</span> <span class='ocrx_word' id='word_1_125' title='bbox 1374 1322 1576 1369; x_wconf 88' lang='lat' dir='ltr'>fortuna</span> <span class='ocrx_word' id='word_1_126' title='bbox 1629 1338 1718 1382; x_wconf 89' lang='lat' dir='ltr'>per</span> <span class='ocrx_word' id='word_1_127' title='bbox 1764 1321 1895 1368; x_wconf 87' lang='lat' dir='ltr'>idem</span> 
     </span>
     <span class='ocr_line' id='line_1_17' title="bbox 198 1394 1894 1457; baseline -0.001 -15"><span class='ocrx_word' id='word_1_128' title='bbox 198 1398 397 1457; x_wconf 88' lang='lat' dir='ltr'>tempus</span> <span class='ocrx_word' id='word_1_129' title='bbox 445 1411 541 1456; x_wconf 91' lang='lat' dir='ltr'>quo</span> <span class='ocrx_word' id='word_1_130' title='bbox 588 1395 897 1456; x_wconf 86' lang='lat' dir='ltr'>parabantur</span> <span class='ocrx_word' id='word_1_131' title='bbox 942 1394 1174 1454; x_wconf 84' lang='lat' dir='ltr'>insidiae,</span> <span class='ocrx_word' id='word_1_132' title='bbox 1230 1399 1357 1442; x_wconf 90' lang='lat' dir='ltr'>esset</span> <span class='ocrx_word' id='word_1_133' title='bbox 1408 1396 1623 1456; x_wconf 90' lang='lat' dir='ltr'>suspicio</span> <span class='ocrx_word' id='word_1_134' title='bbox 1674 1397 1894 1456; x_wconf 83' lang='lat' dir='ltr'>potuisse</span> 
     </span>
     <span class='ocr_line' id='line_1_18' title="bbox 197 1468 1894 1517; baseline 0 -1"><span class='ocrx_word' id='word_1_135' title='bbox 197 1470 362 1517; x_wconf 88' lang='lat' dir='ltr'>hostes</span> <span class='ocrx_word' id='word_1_136' title='bbox 402 1469 506 1516; x_wconf 90' lang='lat' dir='ltr'>illic</span> <span class='ocrx_word' id='word_1_137' title='bbox 546 1484 650 1516; x_wconf 91' lang='lat' dir='ltr'>esse</span> <span class='ocrx_word' id='word_1_138' title='bbox 689 1469 917 1516; x_wconf 83' lang='lat' dir='ltr'>habentis</span> <span class='ocrx_word' id='word_1_139' title='bbox 968 1484 1191 1516; x_wconf 89' lang='lat' dir='ltr'>annonae</span> <span class='ocrx_word' id='word_1_140' title='bbox 1233 1469 1291 1515; x_wconf 91' lang='lat' dir='ltr'>de</span> <span class='ocrx_word' id='word_1_141' title='bbox 1333 1469 1619 1516; x_wconf 84' lang='lat' dir='ltr'>celebritate</span> <span class='ocrx_word' id='word_1_142' title='bbox 1667 1468 1894 1516; x_wconf 87' lang='lat' dir='ltr'>substan-</span> 
     </span>
     <span class='ocr_line' id='line_1_19' title="bbox 198 1542 1895 1607; baseline 0 -17"><span class='ocrx_word' id='word_1_143' title='bbox 198 1544 334 1590; x_wconf 86' lang='lat' dir='ltr'>tiam.</span> <span class='ocrx_word' id='word_1_144' title='bbox 414 1543 706 1607; x_wconf 86' lang='lat' dir='ltr'>adsignatur</span> <span class='ocrx_word' id='word_1_145' title='bbox 760 1559 876 1605; x_wconf 87' lang='lat' dir='ltr'>ergo</span> <span class='ocrx_word' id='word_1_146' title='bbox 929 1542 1008 1590; x_wconf 88' lang='lat' dir='ltr'>illi</span> <span class='ocrx_word' id='word_1_147' title='bbox 1057 1543 1216 1590; x_wconf 89' lang='lat' dir='ltr'>omnis</span> <span class='ocrx_word' id='word_1_148' title='bbox 1265 1545 1315 1590; x_wconf 88' lang='lat' dir='ltr'>et</span> <span class='ocrx_word' id='word_1_149' title='bbox 1360 1543 1509 1604; x_wconf 90' lang='lat' dir='ltr'>plena</span> <span class='ocrx_word' id='word_1_150' title='bbox 1555 1542 1802 1603; x_wconf 66' lang='lat' dir='ltr'>defectio,</span> <span class='ocrx_word' id='word_1_151' title='bbox 1838 1545 1895 1590; x_wconf 88' lang='lat' dir='ltr'>ut</span> 
     </span>
     <span class='ocr_line' id='line_1_20' title="bbox 197 1614 1894 1679; baseline 0 -15"><span class='ocrx_word' id='word_1_152' title='bbox 197 1618 536 1679; x_wconf 86' lang='lat' dir='ltr'>unusquisque</span> <span class='ocrx_word' id='word_1_153' title='bbox 577 1617 797 1665; x_wconf 87' lang='lat' dir='ltr'>crederet</span> <span class='ocrx_word' id='word_1_154' title='bbox 834 1616 940 1664; x_wconf 88' lang='lat' dir='ltr'>illic</span> <span class='ocrx_word' id='word_1_155' title='bbox 973 1614 1199 1677; x_wconf 83' lang='lat' dir='ltr'>Graecos,</span> <span class='ocrx_word' id='word_1_156' title='bbox 1234 1617 1431 1664; x_wconf 85' lang='lat' dir='ltr'>etiamsi</span> <span class='ocrx_word' id='word_1_157' title='bbox 1462 1617 1663 1676; x_wconf 87' lang='lat' dir='ltr'>vellent,</span> <span class='ocrx_word' id='word_1_158' title='bbox 1694 1618 1894 1678; x_wconf 89' lang='lat' dir='ltr'>inopiae</span> 
     </span>
     <span class='ocr_line' id='line_1_21' title="bbox 198 1690 1987 1743; baseline 0.001 -5"><span class='ocrx_word' id='word_1_159' title='bbox 198 1706 348 1739; x_wconf 87' lang='lat' dir='ltr'>causa</span> <span class='ocrx_word' id='word_1_160' title='bbox 393 1708 492 1739; x_wconf 90' lang='lat' dir='ltr'>non</span> <span class='ocrx_word' id='word_1_161' title='bbox 539 1691 690 1738; x_wconf 77' lang='lat' dir='ltr'>fuisse</span> <span class='ocrx_word' id='word_1_162' title='bbox 738 1706 1010 1738; x_wconf 87' lang='lat' dir='ltr'>mansuros.</span> <span class='ocrx_word' id='word_1_163' title='bbox 1089 1691 1289 1738; x_wconf 86' lang='lat' dir='ltr'>additur</span> <span class='ocrx_word' id='word_1_164' title='bbox 1335 1694 1384 1738; x_wconf 89' lang='lat' dir='ltr'>et</span> <span class='ocrx_word' id='word_1_165' title='bbox 1432 1692 1584 1738; x_wconf 89' lang='lat' dir='ltr'>statio</span> <span class='ocrx_word' id='word_1_166' title='bbox 1624 1691 1754 1738; x_wconf 86' lang='lat' dir='ltr'>male</span> <span class='ocrx_word' id='word_1_167' title='bbox 1794 1690 1894 1738; x_wconf 86' lang='lat' dir='ltr'>fida</span> <span class='ocrx_word' id='word_1_168' title='bbox 1963 1715 1987 1743; x_wconf 58' lang='grc' dir='ltr'>,ς</span> 
     </span>
     <span class='ocr_line' id='line_1_22' title="bbox 197 1764 1979 1828; baseline -0.001 -16"><span class='ocrx_word' id='word_1_169' title='bbox 197 1767 395 1825; x_wconf 87' lang='lat' dir='ltr'>carinis,</span> <span class='ocrx_word' id='word_1_170' title='bbox 426 1768 483 1811; x_wconf 86' lang='lat' dir='ltr'>ut</span> <span class='ocrx_word' id='word_1_171' title='bbox 513 1766 674 1828; x_wconf 85' lang='lat' dir='ltr'>magis</span> <span class='ocrx_word' id='word_1_172' title='bbox 707 1767 835 1812; x_wconf 87' lang='lat' dir='ltr'>esset</span> <span class='ocrx_word' id='word_1_173' title='bbox 866 1765 1029 1812; x_wconf 88' lang='lat' dir='ltr'>verior</span> <span class='ocrx_word' id='word_1_174' title='bbox 1058 1764 1179 1812; x_wconf 88' lang='lat' dir='ltr'>fides</span> <span class='ocrx_word' id='word_1_175' title='bbox 1211 1764 1443 1812; x_wconf 88' lang='lat' dir='ltr'>hostilem</span> <span class='ocrx_word' id='word_1_176' title='bbox 1474 1767 1662 1812; x_wconf 89' lang='lat' dir='ltr'>metum</span> <span class='ocrx_word' id='word_1_177' title='bbox 1695 1765 1893 1826; x_wconf 87' lang='lat' dir='ltr'>penitus</span> <span class='ocrx_word' id='word_1_178' title='bbox 1967 1768 1979 1828; x_wconf 52' lang='lat' dir='ltr'>*f</span> 
     </span>
     <span class='ocr_line' id='line_1_23' title="bbox 195 1838 1894 1899; baseline 0 -14"><span class='ocrx_word' id='word_1_179' title='bbox 195 1841 478 1898; x_wconf 84' lang='lat' dir='ltr'>recessisse,</span> <span class='ocrx_word' id='word_1_180' title='bbox 525 1854 637 1886; x_wconf 87' lang='lat' dir='ltr'>cum</span> <span class='ocrx_word' id='word_1_181' title='bbox 682 1839 802 1886; x_wconf 90' lang='lat' dir='ltr'>litus</span> <span class='ocrx_word' id='word_1_182' title='bbox 850 1838 984 1886; x_wconf 90' lang='lat' dir='ltr'>illius</span> <span class='ocrx_word' id='word_1_183' title='bbox 1027 1839 1220 1886; x_wconf 85' lang='lat' dir='ltr'>insulae</span> <span class='ocrx_word' id='word_1_184' title='bbox 1259 1839 1588 1899; x_wconf 87' lang='lat' dir='ltr'>periculosam</span> <span class='ocrx_word' id='word_1_185' title='bbox 1627 1840 1894 1886; x_wconf 87' lang='lat' dir='ltr'>stationem</span> 
     </span>
     <span class='ocr_line' id='line_1_24' title="bbox 150 1912 1893 1974; baseline -0.001 -14"><span class='ocrx_word' id='word_1_186' title='bbox 150 1926 152 1930; x_wconf 78' lang='grc'>’</span> <span class='ocrx_word' id='word_1_187' title='bbox 196 1913 406 1960; x_wconf 87' lang='lat' dir='ltr'>navibus</span> <span class='ocrx_word' id='word_1_188' title='bbox 447 1912 605 1960; x_wconf 89' lang='lat' dir='ltr'>daret.</span> <span class='ocrx_word' id='word_1_189' title='bbox 683 1913 812 1960; x_wconf 90' lang='lat' dir='ltr'>male</span> <span class='ocrx_word' id='word_1_190' title='bbox 851 1912 950 1960; x_wconf 89' lang='lat' dir='ltr'>fida</span> <span class='ocrx_word' id='word_1_191' title='bbox 990 1914 1157 1960; x_wconf 88' lang='lat' dir='ltr'>autem</span> <span class='ocrx_word' id='word_1_192' title='bbox 1197 1913 1349 1960; x_wconf 89' lang='lat' dir='ltr'>statio</span> <span class='ocrx_word' id='word_1_193' title='bbox 1390 1915 1464 1960; x_wconf 91' lang='lat' dir='ltr'>est</span> <span class='ocrx_word' id='word_1_194' title='bbox 1502 1912 1592 1959; x_wconf 91' lang='lat' dir='ltr'>ubi</span> <span class='ocrx_word' id='word_1_195' title='bbox 1631 1913 1754 1960; x_wconf 87' lang='lat' dir='ltr'>stari</span> <span class='ocrx_word' id='word_1_196' title='bbox 1786 1914 1893 1974; x_wconf 90' lang='lat' dir='ltr'>qui-</span> 
     </span>
     <span class='ocr_line' id='line_1_25' title="bbox 197 1985 1893 2048; baseline 0 -15"><span class='ocrx_word' id='word_1_197' title='bbox 197 1986 310 2033; x_wconf 88' lang='lat' dir='ltr'>dem</span> <span class='ocrx_word' id='word_1_198' title='bbox 355 1989 542 2048; x_wconf 84' lang='lat' dir='ltr'>potest,</span> <span class='ocrx_word' id='word_1_199' title='bbox 591 1986 675 2035; x_wconf 91' lang='lat' dir='ltr'>sed</span> <span class='ocrx_word' id='word_1_200' title='bbox 721 1987 855 2034; x_wconf 91' lang='lat' dir='ltr'>mala</span> <span class='ocrx_word' id='word_1_201' title='bbox 900 1985 1019 2046; x_wconf 89' lang='lat' dir='ltr'>fide,</span> <span class='ocrx_word' id='word_1_202' title='bbox 1066 1987 1158 2034; x_wconf 90' lang='lat' dir='ltr'>hoc</span> <span class='ocrx_word' id='word_1_203' title='bbox 1206 1989 1281 2034; x_wconf 89' lang='lat' dir='ltr'>est</span> <span class='ocrx_word' id='word_1_204' title='bbox 1326 1987 1414 2034; x_wconf 91' lang='lat' dir='ltr'>ubi</span> <span class='ocrx_word' id='word_1_205' title='bbox 1460 1986 1685 2047; x_wconf 86' lang='lat' dir='ltr'>deceptio</span> <span class='ocrx_word' id='word_1_206' title='bbox 1735 1987 1893 2048; x_wconf 89' lang='lat' dir='ltr'>possit</span> 
     </span>
     <span class='ocr_line' id='line_1_26' title="bbox 199 2060 1891 2122; baseline -0.001 -15"><span class='ocrx_word' id='word_1_207' title='bbox 199 2061 401 2121; x_wconf 86' lang='lat' dir='ltr'>exoriri,</span> <span class='ocrx_word' id='word_1_208' title='bbox 456 2060 498 2108; x_wconf 88' lang='lat' dir='ltr'>si</span> <span class='ocrx_word' id='word_1_209' title='bbox 545 2060 754 2108; x_wconf 86' lang='lat' dir='ltr'>adversa</span> <span class='ocrx_word' id='word_1_210' title='bbox 798 2060 1056 2108; x_wconf 83' lang='lat' dir='ltr'>turbinum</span> <span class='ocrx_word' id='word_1_211' title='bbox 1103 2062 1555 2122; x_wconf 89' lang='lat' dir='ltr'>tempestatumque</span> <span class='ocrx_word' id='word_1_212' title='bbox 1610 2062 1891 2108; x_wconf 91' lang='lat' dir='ltr'>nascantur.</span> 
     </span>
     <span class='ocr_line' id='line_1_27' title="bbox 196 2133 1892 2196; baseline 0 -16"><span class='ocrx_word' id='word_1_213' title='bbox 196 2134 325 2182; x_wconf 88' lang='lat' dir='ltr'>hanc</span> <span class='ocrx_word' id='word_1_214' title='bbox 371 2137 567 2196; x_wconf 90' lang='lat' dir='ltr'>partem</span> <span class='ocrx_word' id='word_1_215' title='bbox 613 2134 797 2182; x_wconf 88' lang='lat' dir='ltr'>idcirco</span> <span class='ocrx_word' id='word_1_216' title='bbox 836 2137 986 2196; x_wconf 89' lang='lat' dir='ltr'>poeta</span> <span class='ocrx_word' id='word_1_217' title='bbox 1024 2133 1218 2195; x_wconf 80' lang='lat' dir='ltr'>posuit,</span> <span class='ocrx_word' id='word_1_218' title='bbox 1264 2136 1322 2181; x_wconf 90' lang='lat' dir='ltr'>ut</span> <span class='ocrx_word' id='word_1_219' title='bbox 1362 2136 1611 2182; x_wconf 90' lang='lat' dir='ltr'>constaret</span> <span class='ocrx_word' id='word_1_220' title='bbox 1650 2134 1892 2182; x_wconf 86' lang='lat' dir='ltr'>Troianos</span> 
     </span>
     <span class='ocr_line' id='line_1_28' title="bbox 197 2207 1969 2271; baseline 0 -16"><span class='ocrx_word' id='word_1_221' title='bbox 197 2223 298 2255; x_wconf 89' lang='lat' dir='ltr'>non</span> <span class='ocrx_word' id='word_1_222' title='bbox 351 2223 510 2255; x_wconf 86' lang='lat' dir='ltr'>vacua</span> <span class='ocrx_word' id='word_1_223' title='bbox 564 2207 841 2269; x_wconf 86' lang='lat' dir='ltr'>suspicione</span> <span class='ocrx_word' id='word_1_224' title='bbox 897 2208 1166 2256; x_wconf 90' lang='lat' dir='ltr'>arbitratos</span> <span class='ocrx_word' id='word_1_225' title='bbox 1221 2209 1485 2271; x_wconf 83' lang='lat' dir='ltr'>navigasse</span> <span class='ocrx_word' id='word_1_226' title='bbox 1538 2207 1718 2267; x_wconf 89' lang='lat' dir='ltr'>hostis,</span> <span class='ocrx_word' id='word_1_227' title='bbox 1781 2223 1891 2255; x_wconf 90' lang='lat' dir='ltr'>cum</span> <span class='ocrx_word' id='word_1_228' title='bbox 1960 2246 1969 2255; x_wconf 77' lang='grc'><strong>.</strong></span> 
     </span>
     <span class='ocr_line' id='line_1_29' title="bbox 198 2281 1892 2343; baseline 0.001 -16"><span class='ocrx_word' id='word_1_229' title='bbox 198 2283 442 2330; x_wconf 84' lang='lat' dir='ltr'>venientis</span> <span class='ocrx_word' id='word_1_230' title='bbox 481 2281 618 2329; x_wconf 91' lang='lat' dir='ltr'>locus</span> <span class='ocrx_word' id='word_1_231' title='bbox 657 2281 742 2329; x_wconf 82' lang='lat' dir='ltr'>isse</span> <span class='ocrx_word' id='word_1_232' title='bbox 783 2282 888 2329; x_wconf 88' lang='lat' dir='ltr'>sine</span> <span class='ocrx_word' id='word_1_233' title='bbox 925 2281 1145 2343; x_wconf 88' lang='lat' dir='ltr'>periculo</span> <span class='ocrx_word' id='word_1_234' title='bbox 1187 2284 1354 2329; x_wconf 89' lang='lat' dir='ltr'>tenere</span> <span class='ocrx_word' id='word_1_235' title='bbox 1401 2297 1500 2329; x_wconf 92' lang='lat' dir='ltr'>non</span> <span class='ocrx_word' id='word_1_236' title='bbox 1545 2284 1725 2343; x_wconf 85' lang='lat' dir='ltr'>posset.</span> <span class='ocrx_word' id='word_1_237' title='bbox 1802 2297 1892 2329; x_wconf 90' lang='lat' dir='ltr'>nos</span> 
     </span>
     <span class='ocr_line' id='line_1_30' title="bbox 199 2354 1891 2417; baseline -0.001 -15"><span class='ocrx_word' id='word_1_238' title='bbox 199 2355 378 2403; x_wconf 88' lang='lat' dir='ltr'>abiisse</span> <span class='ocrx_word' id='word_1_239' title='bbox 417 2356 517 2402; x_wconf 88' lang='lat' dir='ltr'>rati</span> <span class='ocrx_word' id='word_1_240' title='bbox 556 2358 606 2402; x_wconf 91' lang='lat' dir='ltr'>et</span> <span class='ocrx_word' id='word_1_241' title='bbox 644 2358 792 2404; x_wconf 88' lang='lat' dir='ltr'>vento</span> <span class='ocrx_word' id='word_1_242' title='bbox 822 2355 1028 2417; x_wconf 87' lang='lat' dir='ltr'>petiisse</span> <span class='ocrx_word' id='word_1_243' title='bbox 1058 2355 1316 2417; x_wconf 81' lang='lat' dir='ltr'>Mycenas:</span> <span class='ocrx_word' id='word_1_244' title='bbox 1356 2370 1469 2402; x_wconf 89' lang='lat' dir='ltr'>cum</span> <span class='ocrx_word' id='word_1_245' title='bbox 1499 2357 1682 2415; x_wconf 90' lang='lat' dir='ltr'>omnia,</span> <span class='ocrx_word' id='word_1_246' title='bbox 1713 2354 1891 2417; x_wconf 83' lang='lat' dir='ltr'>inquit,</span> 
     </span>
     <span class='ocr_line' id='line_1_31' title="bbox 198 2428 1951 2491; baseline 0 -15"><span class='ocrx_word' id='word_1_247' title='bbox 198 2430 533 2485; x_wconf 83' lang='lat' dir='ltr'>convenirent,</span> <span class='ocrx_word' id='word_1_248' title='bbox 571 2429 804 2476; x_wconf 87' lang='lat' dir='ltr'>relictum</span> <span class='ocrx_word' id='word_1_249' title='bbox 843 2429 1046 2490; x_wconf 88' lang='lat' dir='ltr'>scilicet,</span> <span class='ocrx_word' id='word_1_250' title='bbox 1083 2432 1141 2477; x_wconf 88' lang='lat' dir='ltr'>ut</span> <span class='ocrx_word' id='word_1_251' title='bbox 1180 2429 1349 2491; x_wconf 90' lang='lat' dir='ltr'>opinio</span> <span class='ocrx_word' id='word_1_252' title='bbox 1381 2430 1670 2491; x_wconf 84' lang='lat' dir='ltr'>pertulerat,</span> <span class='ocrx_word' id='word_1_253' title='bbox 1701 2428 1892 2476; x_wconf 86' lang='lat' dir='ltr'>donum</span> <span class='ocrx_word' id='word_1_254' title='bbox 1942 2434 1951 2437; x_wconf 80' lang='grc'>”</span> 
     </span>
     <span class='ocr_line' id='line_1_32' title="bbox 198 2502 1891 2566; baseline 0.001 -17"><span class='ocrx_word' id='word_1_255' title='bbox 198 2503 472 2563; x_wconf 86' lang='lat' dir='ltr'>Minervae,</span> <span class='ocrx_word' id='word_1_256' title='bbox 512 2504 704 2566; x_wconf 87' lang='lat' dir='ltr'>egestas</span> <span class='ocrx_word' id='word_1_257' title='bbox 743 2503 936 2551; x_wconf 89' lang='lat' dir='ltr'>insulae</span> <span class='ocrx_word' id='word_1_258' title='bbox 977 2503 1199 2552; x_wconf 85' lang='lat' dir='ltr'>Tenedos</span> <span class='ocrx_word' id='word_1_259' title='bbox 1240 2506 1290 2550; x_wconf 87' lang='lat' dir='ltr'>et</span> <span class='ocrx_word' id='word_1_260' title='bbox 1327 2502 1489 2551; x_wconf 89' lang='lat' dir='ltr'>litoris</span> <span class='ocrx_word' id='word_1_261' title='bbox 1527 2502 1683 2550; x_wconf 88' lang='lat' dir='ltr'>infida</span> <span class='ocrx_word' id='word_1_262' title='bbox 1724 2503 1891 2562; x_wconf 84' lang='lat' dir='ltr'>statio,</span> 
     </span>
     <span class='ocr_line' id='line_1_33' title="bbox 146 2570 1931 2638; baseline 0.001 -15"><span class='ocrx_word' id='word_1_263' title='bbox 146 2570 170 2594; x_wconf 76' lang='grc'>’·</span> <span class='ocrx_word' id='word_1_264' title='bbox 197 2576 359 2624; x_wconf 88' lang='lat' dir='ltr'>abisse</span> <span class='ocrx_word' id='word_1_265' title='bbox 407 2592 489 2625; x_wconf 89' lang='lat' dir='ltr'>eos</span> <span class='ocrx_word' id='word_1_266' title='bbox 537 2575 772 2624; x_wconf 89' lang='lat' dir='ltr'>arbitrati</span> <span class='ocrx_word' id='word_1_267' title='bbox 819 2591 986 2624; x_wconf 90' lang='lat' dir='ltr'>sumus</span> <span class='ocrx_word' id='word_1_268' title='bbox 1026 2579 1078 2624; x_wconf 90' lang='lat' dir='ltr'>et</span> <span class='ocrx_word' id='word_1_269' title='bbox 1114 2577 1282 2624; x_wconf 77' lang='lat' dir='ltr'>taedio</span> <span class='ocrx_word' id='word_1_270' title='bbox 1321 2578 1560 2638; x_wconf 88' lang='lat' dir='ltr'>temporis</span> <span class='ocrx_word' id='word_1_271' title='bbox 1599 2575 1738 2624; x_wconf 87' lang='lat' dir='ltr'>sedes</span> <span class='ocrx_word' id='word_1_272' title='bbox 1777 2591 1890 2624; x_wconf 90' lang='lat' dir='ltr'>suas</span> <span class='ocrx_word' id='word_1_273' title='bbox 1927 2627 1931 2633; x_wconf 68' lang='lat'>,</span> 
     </span>
     <span class='ocr_line' id='line_1_34' title="bbox 198 2649 1905 2712; baseline 0.001 -15"><span class='ocrx_word' id='word_1_274' title='bbox 198 2652 360 2698; x_wconf 85' lang='lat' dir='ltr'>ventis</span> <span class='ocrx_word' id='word_1_275' title='bbox 412 2649 704 2698; x_wconf 85' lang='lat' dir='ltr'>iuvantibus</span> <span class='ocrx_word' id='word_1_276' title='bbox 757 2651 1007 2712; x_wconf 86' lang='lat' dir='ltr'>petivisse.</span> <span class='ocrx_word' id='word_1_277' title='bbox 1086 2665 1196 2711; x_wconf 72' lang='lat' dir='ltr'>eryo</span> <span class='ocrx_word' id='word_1_278' title='bbox 1249 2652 1406 2698; x_wconf 75' lang='lat' dir='ltr'>omnis</span> <span class='ocrx_word' id='word_1_279' title='bbox 1457 2651 1597 2710; x_wconf 73' lang='lat' dir='ltr'>lonyo</span> <span class='ocrx_word' id='word_1_280' title='bbox 1649 2651 1791 2698; x_wconf 78' lang='lat' dir='ltr'>solvit</span> <span class='ocrx_word' id='word_1_281' title='bbox 1842 2663 1905 2698; x_wconf 79' lang='lat' dir='ltr'>se-</span> 
     </span>
    </p>
   </div>
   <div class='ocr_carea' id='block_1_3' title="bbox 1909 0 2014 3226">
    <p class='ocr_par' dir='ltr' id='par_1_3' title="bbox 1909 0 2014 3226">
     <span class='ocr_line' id='line_1_35' title="bbox 1909 0 2014 3226; baseline 0 0"><span class='ocrx_word' id='word_1_282' title='bbox 1909 0 2014 3226; x_wconf 95' lang='lat' dir='ltr'> </span> 
     </span>
    </p>
   </div>
   <div class='ocr_carea' id='block_1_4' title="bbox 197 2832 1961 2939">
    <p class='ocr_par' dir='ltr' id='par_1_4' title="bbox 197 2832 1961 2939">
     <span class='ocr_line' id='line_1_36' title="bbox 278 2832 1961 2890; baseline -0.001 -11"><span class='ocrx_word' id='word_1_283' title='bbox 278 2849 283 2854; x_wconf 89' lang='lat'><strong>·</strong></span> <span class='ocrx_word' id='word_1_284' title='bbox 321 2841 343 2878; x_wconf 92' lang='lat'>1</span> <span class='ocrx_word' id='word_1_285' title='bbox 376 2836 568 2879; x_wconf 80' lang='lat' dir='ltr'>celerare</span> <span class='ocrx_word' id='word_1_286' title='bbox 597 2834 684 2876; x_wconf 89' lang='lat' dir='ltr'>LR</span> <span class='ocrx_word' id='word_1_287' title='bbox 714 2835 858 2879; x_wconf 74' lang='lat' dir='ltr'>celare</span> <span class='ocrx_word' id='word_1_288' title='bbox 888 2834 923 2877; x_wconf 90' lang='lat' dir='ltr'>L</span> <span class='ocrx_word' id='word_1_289' title='bbox 947 2833 989 2876; x_wconf 91' lang='grc' dir='ltr'>Π</span> <span class='ocrx_word' id='word_1_290' title='bbox 1012 2849 1135 2880; x_wconf 84' lang='lat' dir='ltr'>man.</span> <span class='ocrx_word' id='word_1_291' title='bbox 1168 2837 1343 2880; x_wconf 80' lang='lat' dir='ltr'>caelare</span> <span class='ocrx_word' id='word_1_292' title='bbox 1373 2849 1408 2878; x_wconf 83' lang='lat' dir='ltr'>r.</span> <span class='ocrx_word' id='word_1_293' title='bbox 1534 2832 1586 2878; x_wconf 83' lang='lat'>11</span> <span class='ocrx_word' id='word_1_294' title='bbox 1613 2835 1892 2890; x_wconf 74' lang='lat' dir='ltr'>proximitas</span> <span class='ocrx_word' id='word_1_295' title='bbox 1924 2842 1926 2871; x_wconf 84' lang='lat'><em>3</em></span> <span class='ocrx_word' id='word_1_296' title='bbox 1958 2887 1961 2890; x_wconf 13' lang='grc' dir='ltr'><em>Α</em></span> 
     </span>
     <span class='ocr_line' id='line_1_37' title="bbox 197 2893 1961 2939; baseline 0.001 -3"><span class='ocrx_word' id='word_1_297' title='bbox 197 2893 286 2936; x_wconf 70' lang='lat' dir='ltr'>LR</span> <span class='ocrx_word' id='word_1_298' title='bbox 313 2908 428 2938; x_wconf 82' lang='lat' dir='ltr'>corr.</span> <span class='ocrx_word' id='word_1_299' title='bbox 446 2894 518 2937; x_wconf 89' lang='lat' dir='ltr'>ed.</span> <span class='ocrx_word' id='word_1_300' title='bbox 613 2897 668 2937; x_wconf 90' lang='lat'>18</span> <span class='ocrx_word' id='word_1_301' title='bbox 700 2893 774 2937; x_wconf 84' lang='lat' dir='ltr'>illi</span> <span class='ocrx_word' id='word_1_302' title='bbox 803 2894 951 2937; x_wconf 70' lang='lat' dir='ltr'>omnis</span> <span class='ocrx_word' id='word_1_303' title='bbox 981 2893 1071 2939; x_wconf 15' lang='lat' dir='ltr'>LRV</span> <span class='ocrx_word' id='word_1_304' title='bbox 1097 2895 1193 2938; x_wconf 70' lang='lat' dir='ltr'>illis</span> <span class='ocrx_word' id='word_1_305' title='bbox 1223 2907 1437 2938; x_wconf 71' lang='lat' dir='ltr'>annonae</span> <span class='ocrx_word' id='word_1_306' title='bbox 1468 2894 1540 2937; x_wconf 92' lang='lat' dir='ltr'>ed.</span> <span class='ocrx_word' id='word_1_307' title='bbox 1633 2897 1688 2936; x_wconf 81' lang='lat'>27</span> <span class='ocrx_word' id='word_1_308' title='bbox 1720 2906 1895 2938; x_wconf 68' lang='lat' dir='ltr'>vacuae</span> <span class='ocrx_word' id='word_1_309' title='bbox 1958 2918 1961 2921; x_wconf 22' lang='grc' dir='ltr'><strong>Δ</strong></span> 
     </span>
    </p>
   </div>
   <div class='ocr_carea' id='block_1_5' title="bbox 198 2951 603 2996">
    <p class='ocr_par' dir='ltr' id='par_1_5' title="bbox 198 2951 603 2996">
     <span class='ocr_line' id='line_1_38' title="bbox 198 2951 603 2996; baseline 0 0"><span class='ocrx_word' id='word_1_310' title='bbox 198 2951 234 2995; x_wconf 83' lang='lat' dir='ltr'>L</span> <span class='ocrx_word' id='word_1_311' title='bbox 267 2967 380 2996; x_wconf 85' lang='lat' dir='ltr'>corr.</span> <span class='ocrx_word' id='word_1_312' title='bbox 406 2953 448 2996; x_wconf 92' lang='grc' dir='ltr'>Π</span> <span class='ocrx_word' id='word_1_313' title='bbox 481 2965 603 2996; x_wconf 84' lang='lat' dir='ltr'>man.</span> 
     </span>
    </p>
   </div>
  </div>
 </body>
</html>
