2014 3226
743 181 1047 226 AENEIDOS
1079 183 1099 225 I
1665 184 1767 234 109

79 329 128 372 et
166 325 370 384 deserta,
403 325 671 386 naufragos
704 326 872 371 tamen
903 325 1065 384 prima
1098 326 1393 384 susceperat.
1454 326 1584 371 certe
1617 325 1770 371 etiam

0 442 1 458 ¹
79 401 148 446 sic
193 400 357 459 potest
402 398 627 461 intellegi
674 399 888 458 primam
935 413 1037 445 esse
1085 399 1268 444 terram
1323 397 1486 445 litoris
1539 399 1769 458 tractum,

0 473 1 526 1
80 471 343 520 secundam
393 487 518 532 quae
565 472 762 534 longius
811 471 1174 534 progredientis
1215 471 1421 532 excipit,
1468 474 1524 517 ut
1563 474 1770 519 satiaret

0 554 1 586 ἓ
79 546 211 607 quod
265 546 390 592 dixit
443 546 661 607 hospitio
715 546 1035 606 prohibemur
1083 545 1310 592 harenae.
1389 548 1673 607 perseverat
1718 547 1771 592 in

36 639 55 671 5
79 621 170 667 hac
224 619 501 666 subtilitate
558 619 775 679 dicendi,
830 621 888 666 ut
942 620 1325 666 inhumanitatis
1380 619 1572 666 invidia
1620 621 1772 667 etiam

78 696 237 756 ipsam
275 693 521 741 Didonem
561 693 760 754 oblique
801 694 1110 753 criminetur3
1150 709 1266 740 nam
1307 709 1417 740 cum
1457 694 1515 740 de
1556 694 1618 741 iis
1656 710 1771 755 que-

78 768 206 815 ritur
246 782 366 828 quos
406 767 616 829 imperio
652 768 783 815 Dido
822 767 1071 815 retinebat
1104 770 1152 814 et
1184 783 1351 831 regno,
1382 769 1543 829 ipsam
1577 783 1773 829 quoque

81 841 272 903 adpetit
311 843 360 888 et
400 842 570 904 culpat
609 858 638 888 a
680 858 777 903 qua
815 843 952 889 iussa
983 842 1320 902 mandataque
1351 842 1599 902 proficisci
1630 842 1771 889 dubi-

79 917 178 963 tari
217 930 309 963 non
354 918 564 978 poterat.
644 932 799 978 usque
840 916 962 963 adeo
1002 916 1096 963 hoc
1135 932 1307 963 verum
1352 919 1447 976 est,
1495 919 1552 963 ut
1598 916 1772 964 relicta

17 1010 58 1042 10
82 989 358 1037 subtilitate
404 992 458 1037 in
504 991 659 1052 ipsius
709 1006 902 1051 quoque
958 992 1160 1054 reginae
1213 1006 1478 1051 personam
1531 990 1774 1038 invidiam

80 1079 273 1112 omnem
319 1066 568 1125 posterius
615 1065 832 1112 torserit.
910 1063 1104 1112 addidit
1152 1066 1285 1111 enim
1329 1066 1373 1111 si
1411 1079 1565 1124 yeuus
1602 1066 1774 1112 leuma-

79 1153 197 1186 uum
245 1142 287 1184 et-
330 1139 560 1186 mortalia
605 1140 813 1186 temnitis
857 1153 1022 1194 arma,
1073 1154 1172 1186 non
1220 1138 1347 1186 dixit
1391 1140 1640 1199 temnunt,
1689 1138 1774 1186 sed

80 1213 320 1272 temnitis,
378 1215 429 1259 at
473 1216 662 1272 sperate
710 1214 821 1260 cleos
866 1227 1098 1260 memores
1151 1214 1297 1272 fandi
1350 1217 1491 1272 atque
1543 1214 1775 1272 nefandi:

82 1301 190 1333 ecce
229 1289 279 1333 et
316 1286 397 1334 hic
436 1290 631 1348 sperate
672 1287 839 1348 posuit
877 1288 1041 1348 ipsam
1077 1303 1274 1348 quoque
1314 1287 1560 1335 Didonem
1600 1288 1774 1348 culpae

20 1377 59 1412 15
81 1360 459 1408 inhumanitatis
507 1361 795 1422 adnectens3
850 1362 913 1422 si,
952 1361 1140 1422 inquit,
1181 1363 1497 1409 contemnitis
1535 1362 1775 1421 homines,

82 1436 196 1482 sunt
235 1435 304 1482 dii
346 1436 432 1496 qui
468 1436 659 1483 iniusta
696 1435 963 1483 vindicent.
1018 1450 1105 1483 reae
1136 1439 1242 1483 erat
1270 1434 1465 1483 Aeneas
1495 1438 1649 1490 uobis,
1683 1449 1776 1495 quo

80 1509 253 1556 iustior
306 1510 428 1557 alter
476 1524 563 1556 nee
605 1511 782 1569 pietate
834 1511 932 1569 fuit
983 1525 1069 1558 uec
1125 1510 1242 1557 bello
1295 1512 1455 1557 maior
1503 1514 1544 1557 et
1591 1512 1759 1557 armis.
1778 1515 1866 1556 545

83 1597 220 1642 quem
256 1585 300 1630 si
337 1585 446 1642 fata
475 1586 638 1631 virum
668 1587 878 1638 servant,
910 1586 955 1631 si
985 1586 1195 1631 vescitur
1226 1599 1355 1631 aura
1386 1585 1599 1632 aetheria
1626 1599 1778 1643 neque

84 1657 240 1704 adhuc
277 1658 552 1705 crudelibus
590 1658 788 1706 occubat
823 1659 1024 1713 umbris,
1063 1673 1161 1705 uon
1200 1662 1381 1716 metus;
1420 1659 1580 1717 officio
1618 1672 1704 1705 uec
1735 1662 1778 1705 te

21 1743 63 1780 20
85 1733 288 1779 certasse
317 1733 536 1792 priorem
567 1733 841 1791 paeniteat:
878 1736 994 1779 suut
1032 1736 1074 1779 et
1110 1732 1289 1780 Siculis
1326 1734 1601 1792 reqiouibus
1632 1733 1777 1780 urbes

85 1820 316 1864 armaque
357 1806 663 1864 Troianoque
703 1822 735 1854 a
772 1808 1012 1866 sanquine
1058 1806 1223 1854 clarus
1261 1805 1469 1854 Acestes.
1547 1808 1600 1854 in
1647 1821 1762 1868 rege
1779 1812 1867 1852 550

85 1893 172 1927 suo
210 1879 339 1927 bona
380 1881 535 1927 animi
573 1880 803 1928 laudavit
841 1883 891 1928 et
930 1881 1172 1941 corporis:
1228 1881 1384 1928 animi
1423 1884 1538 1928 sunt
1582 1882 1779 1928 iustitia

86 1956 135 2000 et
179 1954 363 2014 pietas,
410 1955 630 2016 corporis
677 1970 794 2003 vero
842 1957 1067 2016 spectata
1113 1956 1272 2002 virtus
1319 1956 1373 2001 in
1425 1956 1777 2003 exercitatione

85 2026 326 2088 bellandi,
374 2044 501 2090 quae
540 2044 640 2076 non
680 2028 923 2091 superflue
962 2030 1144 2091 posuit.
1221 2045 1339 2076 nam
1377 2045 1467 2091 pro
1505 2029 1778 2077 benefactis

24 2103 66 2151 ξε
88 2102 371 2162 promisisse
402 2103 711 2167 intellegitur
741 2103 1049 2151 consimilem
1078 2104 1239 2152 vicem
1270 2103 1332 2151 ab
1365 2118 1422 2151 eo
1464 2104 1550 2165 qui
1583 2103 1780 2151 iustitia

73 2178 361 2237 *praestaret
408 2179 456 2224 et
500 2176 688 2238 pietate
736 2180 784 2225 et
831 2193 921 2239 pro
975 2177 1255 2225 malefactis
1309 2178 1574 2238 ultionem,
1630 2193 1780 2239 quam

89 2253 253 2311 posset
290 2251 480 2312 inplere
512 2251 602 2312 qui
631 2252 819 2299 virtute
850 2251 1129 2300 confideret.
1196 2267 1350 2313 quam
1379 2251 1581 2313 pulchre
1614 2255 1781 2299 autem

89 2325 330 2372 varietate
377 2341 499 2372 usus
547 2328 644 2383 est,
691 2328 748 2373 ut
786 2342 939 2374 unam
975 2342 1079 2373 rem
1118 2325 1388 2388 tripliciter
1426 2326 1631 2374 diceret!
1708 2327 1781 2374 ait

31 2451 34 2455 ⁴
92 2397 222 2444 enim
275 2414 421 2460 quem
476 2400 519 2447 si
571 2400 679 2447 fata
731 2398 895 2447 virum
945 2402 1147 2448 servant
1190 2399 1285 2448 hoc
1330 2403 1406 2448 est
1452 2401 1497 2448 si
1540 2399 1691 2460 vivit,
1738 2401 1782 2447 si

32 2471 42 2477 '⁷
92 2473 305 2519 vescitur
349 2488 472 2520 aura
518 2474 739 2521 aetheria
776 2473 829 2520 id
868 2475 943 2521 est
989 2474 1031 2522 si
1076 2474 1340 2522 incolumis
1386 2477 1576 2534 manet,
1621 2489 1781 2536 neque

31 2566 51 2619 s,
93 2543 250 2593 adhuc
302 2546 582 2595 crudelibus
637 2547 846 2596 occubat
898 2547 1110 2608 umbris,
1171 2548 1263 2596 hoc
1323 2548 1457 2596 idem
1518 2547 1780 2612 significat.

32 2622 52 2694 3
93 2620 199 2682 agit
234 2620 423 2668 interea
457 2637 641 2685 magna
672 2623 778 2669 arte
810 2623 871 2670 ut
900 2625 1040 2684 petat
1070 2638 1228 2684 parva
1260 2624 1311 2669 et
1339 2623 1620 2686 ingentium
1650 2637 1782 2670 com-

36 2700 60 2748 ὲ

211 2762 238 2802 5
267 2760 451 2806 mvidia
481 2775 569 2806 om
595 2761 667 2806 ed.
791 2766 817 2806 6
849 2762 903 2806 de
934 2763 995 2807 iis
1022 2762 1093 2806 Lr
1122 2763 1217 2807 diis
1246 2762 1289 2806 R
1318 2763 1373 2807 de
1402 2763 1474 2807 his
1505 2762 1576 2807 ed.
1605 2764 1611 2818 Ι
1646 2777 1781 2818 quae-

36 2827 55 2878 3
93 2817 214 2862 ritwr
242 2817 329 2862 LR
359 2821 565 2875 queritur
594 2835 618 2864 r
649 2820 720 2864 ed.
874 2825 901 2865 8
932 2822 1141 2867 dubitari
1170 2821 1205 2864 L
1238 2836 1306 2866 ·re
1336 2822 1390 2865 R.
1545 2826 1600 2865 15
1632 2822 1785 2879 inquit

96 2887 183 2919 om.
216 2877 287 2922 ed.
469 2885 524 2923 22
558 2880 770 2925 laudabit
798 2879 853 2924 R.
1035 2885 1093 2925 23
1124 2894 1227 2926 vero
1256 2885 1458 2937 spectata
1497 2894 1586 2924 om.
1620 2881 1692 2924 ed.

93 2937 152 2978 26
183 2939 226 2979 et
255 2939 364 2981 ante
387 2951 477 2994 pro
509 2953 598 2983 om.
632 2939 703 2983 ed.
751 2941 757 2995 Ι
806 2939 1023 2984 ultionem
1052 2954 1193 2996 quam
1223 2939 1311 2983 LR
1340 2954 1386 2984 u.
1420 2940 1626 2996 aliquam
1655 2955 1680 2983 1·

96 2996 152 3036 27
178 2996 376 3050 pulchra
404 3011 440 3040 r.
597 3003 653 3041 32
686 2999 848 3056 iuye‘ns
878 2998 949 3042 ed.
