2014 3226
159 166 267 218 304
623 163 853 207 DONATI
885 162 1163 205 INTERPR.
1196 162 1374 206 VERG.

159 310 427 364 certamen,
476 321 571 352 non
620 307 737 350 tunc
783 304 999 363 primum
1046 303 1320 363 arreptum,
1365 302 1450 350 sed
1489 318 1517 349 a
1556 303 1844 364 parentibus

158 381 398 427 traditum
429 380 480 424 in
506 378 666 424 Troia.
716 376 960 437 Actiaque
986 375 1153 423 Iliacis
1187 376 1487 423 celebramus
1520 376 1670 424 litora
1693 377 1844 424 ludis:

158 456 210 500 in
251 450 329 500 his
371 451 615 510 litoribus,
656 467 780 510 quae
821 451 1032 496 victores
1071 449 1321 510 tenebant,
1362 465 1466 512 nos,
1516 451 1602 510 ait,
1643 450 1846 498 Troiani

159 527 310 574 Iliaco
358 542 490 572 more
536 524 680 571 ludos
728 522 1118 585 celebrabamus3
1177 525 1319 570 tanta
1366 525 1498 571 enim
1542 526 1844 586 prosperitas

159 601 426 662 suffragata
459 602 545 645 est.
608 597 892 658 mediosque
932 598 1104 660 fugam
1140 597 1356 646 tenuisse
1395 613 1483 658 per
1521 598 1699 645 hostis:
1740 600 1844 646 sine
1892 615 1912 646 5

159 675 449 734 cuiusquam
481 673 636 720 hostis
670 671 1005 732 inpedimento
1039 685 1234 718 cursum
1264 671 1482 718 tenuisse
1507 671 1845 734 gratissimum

110 774 115 779 ·
158 748 265 793 fuit.
331 750 510 794 interea
542 760 772 805 maynum
802 745 873 792 sol
905 746 1294 793 circumvolvitur
1326 760 1534 792 annum:
1576 745 1712 793 deest
1742 761 1845 807 per,

158 837 272 868 nam
312 822 382 868 sic
422 836 526 867 esse
566 819 756 866 debuit:
810 835 899 880 per
936 835 1172 882 magnum
1213 835 1397 866 annum
1437 819 1512 866 sol
1554 821 1845 867 circumvol-

157 896 302 941 vitur.
358 895 652 955 plerumque
683 896 853 940 tamen
877 895 926 940 et
954 893 1175 940 deductis
1199 893 1651 954 praepositionibus
1674 895 1846 942 tenent

71 974 154 1011 285
173 970 444 1016 locutiones
484 968 824 1030 integritatem
864 982 1017 1014 suam.
1082 971 1124 1014 et
1158 968 1384 1026 ylace'alis
1419 968 1568 1015 hiems
1608 969 1845 1026 aquiloni·
1870 983 1913 1015 ιο
1970 1002 1973 1003 ⁷

157 1044 246 1090 bas
293 1046 488 1101 asperat
524 1042 710 1088 undas:
764 1041 828 1088 ad
866 1041 1155 1088 felicitatem
1196 1056 1336 1088 suam
1384 1041 1507 1088 dicit
1550 1041 1845 1103 pertinuisse

158 1119 215 1163 ut
260 1117 312 1162 in
358 1118 465 1176 ipso
513 1116 621 1163 loco
669 1115 856 1162 diutius
903 1117 1202 1162 constitutus
1249 1115 1375 1162 nihil
1419 1115 1600 1163 hostile
1650 1131 1845 1177 persen-

157 1190 297 1250 serit,
345 1205 418 1237 eo·
447 1190 525 1237 vel
567 1190 779 1236 maxime
818 1191 1040 1251 tempore
1081 1205 1176 1250 quo
1218 1189 1487 1237 obsistente
1525 1189 1686 1237 hieme
1726 1190 1847 1253 fuga

158 1281 254 1312 non
293 1265 459 1325 posset
498 1263 719 1311 evadere.
796 1277 908 1310 aere
954 1277 1070 1311 cavo
1117 1265 1342 1324 clipeum,
1389 1265 1557 1323 mayni
1599 1267 1845 1323 yestamen

156 1338 381 1393 Abanti-5,
413 1338 634 1397 postibus
673 1337 892 1385 adversis
929 1338 1024 1398 fiyo
1065 1341 1107 1384 et
1143 1353 1246 1385 rem
1284 1339 1498 1385 carmine
1535 1338 1696 1397 siquo:
1737 1338 1843 1385 lau·
1869 1352 1912 1385 15

158 1412 317 1460 dando
364 1411 759 1473 magnitudinem
807 1412 955 1473 clipei
1001 1413 1050 1458 et
1096 1411 1199 1459 eius
1246 1411 1568 1472 praeferendo
1608 1413 1846 1459 virtutem

157 1488 239 1534 cui
277 1486 435 1533 occiso
476 1485 755 1533 detraxerat
794 1486 953 1547 spolia
993 1500 1043 1532 se
1081 1486 1255 1546 procul
1292 1484 1440 1533 dubio
1479 1485 1654 1532 laudat
1700 1502 1846 1547 quem

158 1559 417 1608 constabat
471 1561 691 1607 extit-isse
744 1561 997 1607 victorem.
1074 1559 1298 1621 postibus
1347 1559 1566 1608 adversis
1610 1559 1732 1624 figo,
1786 1562 1844 1606 ut

157 1635 445 1681 venientum
484 1634 638 1682 oculis
678 1635 830 1681 etiam
863 1649 974 1681 cum
1005 1649 1105 1681 non
1136 1635 1456 1696 quaereretur
1487 1635 1764 1681 occurreret
1796 1635 1846 1681 et

159 1725 188 1756 a
232 1707 369 1756 nullo
417 1708 629 1755 convelli
673 1710 841 1768 posset
891 1710 941 1756 et
992 1707 1197 1755 refixum
1253 1707 1453 1754 auferri.
1531 1722 1640 1756 ecce
1694 1707 1847 1756 adicit
1870 1723 1914 1756 20
1988 1718 1991 1776 ξ

158 1782 318 1830 laudis
358 1797 473 1829 suae
514 1782 912 1843 supplementum
952 1781 1156 1836 dicendo
1197 1783 1246 1828 et
1283 1797 1389 1828 rem
1428 1781 1644 1829 carmine
1688 1781 1844 1844 signo.

157 1858 369 1915 tantum,
408 1857 586 1918 inquit,
626 1857 717 1903 otii
754 1855 996 1918 insperati
1015 1855 1289 1903 habuimus
1320 1857 1369 1902 in
1404 1855 1669 1903 hostilibus
1698 1857 1845 1904 terris

159 1931 413 1994 degentes,
459 1931 515 1976 ut
554 1931 667 1992 post
705 1946 900 1978 omnem
939 1929 1186 1977 laetitiam
1225 1945 1280 1976 ac
1318 1929 1552 1977 ludorum
1591 1929 1846 1977 celebrita-

159 2007 280 2063 tem,
325 2005 440 2064 post
483 2003 821 2065 inpedimenta
866 2003 1043 2052 hiemis
1089 2005 1274 2066 inpune
1312 2005 1595 2052 transactae
1633 2019 1845 2052 vacuum

160 2079 287 2126 esset
339 2079 388 2125 et
439 2077 680 2126 insultare
731 2077 1002 2126 victoribus
1057 2079 1252 2126 scutum
1305 2077 1500 2140 figendo
1553 2078 1606 2124 in
1655 2077 1844 2126 foribus
1868 2092 1944 2126 msv
1988 2087 1991 2118 ι’

158 2151 333 2212 templi
372 2152 423 2198 et
459 2151 560 2198 tale
601 2151 856 2200 scribendo
896 2153 1225 2214 epigramma:
1263 2150 1459 2199 Aeneas
1495 2152 1611 2199 haec
1651 2151 1708 2198 de
1737 2152 1845 2200 Da-

157 2227 269 2272 nais
299 2225 558 2272 victoribus
589 2240 743 2274 arma.
794 2241 978 2289 magna
1007 2225 1226 2274 brevitas
1255 2225 1412 2286 tituli,
1443 2225 1531 2274 sed
1560 2225 1844 2274 intellectus

159 2298 405 2346 uberrima
449 2298 686 2347 latitudo:
740 2299 934 2348 Aeneas
980 2300 1168 2361 posuit,
1210 2298 1405 2348 Aeneas
1444 2300 1666 2361 scripsit,
1713 2299 1845 2361 quod
1937 2338 1942 2340 .
1988 2309 1990 2356 ξ

159 2374 255 2420 fuit
279 2387 337 2419 ex
361 2374 532 2434 aperto
555 2373 888 2434 memorabile,
912 2373 976 2421 ad
1005 2374 1096 2422 illa
1127 2389 1237 2421 eum
1270 2373 1380 2421 loca
1411 2373 1577 2421 venire
1609 2374 1844 2436 potuisse,
1988 2371 1990 2388 '

158 2448 323 2493 tutum
352 2445 456 2493 illic
487 2445 638 2495 fuisse
665 2447 751 2494 ubi
774 2447 938 2495 fuerat
960 2448 1236 2510 periculum
1259 2447 1590 2508 manifestum,
1613 2447 1844 2495 habuisse
1866 2460 1923 2511 no>
1991 2474 1993 2479 ·

160 2535 298 2567 arma
320 2519 518 2572 sublata
541 2521 809 2568 victoribus
838 2523 887 2569 et
917 2521 969 2568 in
999 2523 1220 2583 ipsorum
1252 2519 1449 2570 sedibus
1481 2521 1651 2569 eadem
1683 2522 1844 2569 osten-

158 2595 361 2641 tationis
402 2607 551 2641 causa
587 2596 826 2655 posuisse,
858 2595 1105 2656 addidisse
1146 2610 1340 2656 quoque
1373 2595 1678 2658 epigramma
1711 2593 1843 2656 quod

157 2669 425 2715 testaretur
470 2666 727 2715 scribentis
773 2669 984 2732 gloriam
1031 2671 1081 2717 et
1120 2684 1289 2716 eorum
1329 2668 1412 2730 qui
1453 2668 1729 2730 superiores
1766 2684 1841 2716 re·

277 2797 303 2836 3
334 2794 476 2838 victor
505 2797 570 2837 est
590 2792 676 2836 LR
697 2793 884 2839 victores
914 2808 937 2836 r
959 2793 1031 2839 ed.
1124 2798 1151 2838 5
1175 2794 1429 2850 mediosque
1444 2795 1660 2839 —hostes
1682 2793 1770 2837 LR
1790 2798 1844 2838 ut

157 2853 328 2896 medios
354 2853 388 2908 f.
414 2852 608 2896 tenuerit
630 2866 679 2908 p.
703 2853 745 2897 h.
771 2857 813 2897 et
842 2853 912 2896 ed.
1014 2857 1040 2896 9
1068 2853 1461 2910 propositionibus
1491 2853 1562 2897 ed.
1657 2857 1711 2896 15
1742 2866 1841 2898 car-

157 2912 278 2956 mine
307 2924 396 2955 om.
421 2910 508 2954 LR
539 2910 645 2954 add.
670 2910 706 2954 L
730 2910 772 2955 H
794 2925 916 2956 man.
948 2926 984 2955 r.
1083 2917 1136 2957 19
1167 2913 1444 2957 venientium
1475 2911 1547 2956 ed.
1647 2916 1704 2956 25
1725 2914 1844 2957 ‘esset

159 2973 201 3013 et
229 2968 313 3012 RL
343 2974 385 3015 et
415 2968 561 3013 deleri
591 2969 692 3014 vult
720 2985 755 3014 r.
785 2973 791 3028 Ι
825 2972 1069 3016 insultaret
1097 2971 1184 3015 LR
1216 2984 1330 3015 corr.
1362 2986 1386 3015 ι·
1415 2970 1526 3015 edF.
1863 2984 1888 2995 ··
