2014 3226
189 163 296 215 306
654 161 883 205 DONATI
914 161 1195 205 INTERPR.
1229 159 1407 205 VERG.

190 319 474 352 enumerare
513 304 622 363 ipsa
659 300 984 348 incredibilia.
1044 300 1326 348 Priamiden
1366 300 1492 348 dixit
1531 303 1579 348 et
1609 300 1876 349 Helenum:

189 377 490 438 Priamiden,
533 377 767 436 quoniam
805 377 1009 435 propter
1046 390 1200 420 unum
1239 373 1490 435 Paridem,
1540 375 1625 435 qui
1675 390 1874 422 uxorem

190 451 459 498 sustulerat
483 450 882 512 Agamemnonis,
910 449 1067 495 omnis
1100 447 1228 495 filios
1253 448 1444 495 Priami
1472 463 1672 509 perosos
1699 446 1876 496 Graeci

187 525 484 584 habuerunt,
532 522 644 569 inde
695 538 810 586 ergo
857 521 1160 569 incredibilis
1207 522 1341 568 fama
1389 521 1447 568 de
1494 521 1706 582 Heleno,
1755 524 1875 584 quia

187 598 316 645 filius
372 598 468 643 fuit
513 597 722 655 Priami,
770 595 962 643 Paridis
1017 596 1193 656 frater,
1256 595 1388 657 quod
1441 594 1566 642 dixit
1615 595 1873 656 Helenum,

188 672 376 718 abiecte
431 670 853 731 pronuntiandum
907 671 956 716 et
1011 669 1352 730 accipiendum
1407 671 1481 717 est
1532 685 1622 731 pro
1673 670 1874 716 fortuna

108 755 118 760 ’
187 761 311 806 quae
351 745 646 804 incurrerat,
702 745 929 804 captivus
969 744 1101 790 enim
1140 744 1303 790 fuerat
1340 743 1641 804 perindeque
1690 758 1872 791 servus.

186 818 429 864 Helenum
463 816 637 864 Graias
676 833 883 879 regnare
923 833 1011 878 per
1044 817 1193 877 urbis,
1226 818 1411 864 victum
1444 817 1688 877 imperare
1719 817 1872 865 victo-

185 892 333 939 ribus.
412 892 502 938 hoc
543 891 668 938 dixit
707 907 736 938 a
774 906 1006 952 persona,
1058 907 1087 938 a
1134 891 1241 938 loco
1292 892 1459 937 autem
1506 890 1775 938 Troianum
1821 891 1873 937 in

185 965 412 1025 Graecia,
465 980 494 1011 a
541 966 822 1026 quantitate
869 980 967 1012 non
1014 980 1102 1025 per
1147 980 1298 1011 unam
1338 964 1616 1024 civitatem,
1664 964 1748 1012 sed
1785 980 1874 1026 per

183 1040 436 1100 plurimas,
462 1055 491 1086 a
522 1039 723 1086 fortuna
753 1054 868 1086 vero
900 1055 1121 1101 regnare.
1171 1039 1399 1101 coniugio
1424 1037 1668 1086 Aeacidae
1692 1038 1874 1099 Pyrrhi

183 1113 484 1174 sceptrisque
524 1114 762 1174 potitum:
801 1113 893 1159 hoc
925 1114 1023 1159 fuit
1052 1113 1209 1173 ipsius
1242 1112 1605 1160 incredulitatis
1639 1128 1870 1174 augmen-

182 1189 311 1246 tum,
357 1202 559 1234 uxorem
602 1188 753 1234 etiam
791 1186 972 1247 Pyrrhi
1013 1187 1251 1234 eversoris
1291 1186 1469 1233 Troiae
1509 1189 1558 1234 et
1597 1185 1872 1233 Priameiae

183 1261 343 1322 gentis
393 1260 550 1307 eidem
589 1260 802 1321 Heleno,
847 1276 991 1321 quem
1031 1259 1220 1306 Priami
1257 1259 1415 1306 filium
1455 1275 1558 1308 esse
1598 1260 1870 1322 constabat,

182 1334 330 1382 simul
370 1349 481 1381 cum
519 1349 671 1396 regno
713 1335 928 1394 cessisse,
972 1349 1083 1380 cum
1121 1333 1252 1380 idem
1291 1333 1510 1395 Pyrrhus
1549 1335 1656 1382 vita
1694 1334 1871 1382 fuisset

182 1411 447 1469 exemptus.
513 1410 562 1455 et
598 1408 763 1469 patrio
804 1407 1178 1455 Andromachen
1221 1409 1401 1455 iterum
1434 1408 1636 1455 cessisse
1666 1409 1870 1456 marito:
1945 1409 1949 1414 “

180 1481 382 1529 tertium
432 1481 698 1529 accedebat
745 1482 876 1543 quod
925 1482 1071 1529 dictis
1118 1481 1264 1528 fidem
1311 1481 1502 1528 adferre
1549 1498 1648 1528 non
1690 1484 1870 1544 posset,

180 1555 559 1603 Andromachen
605 1572 808 1603 uxorem
857 1555 1106 1617 quondam
1143 1555 1371 1603 Hectoris
1410 1558 1524 1617 post
1562 1555 1871 1617 captivitatis

181 1631 363 1677 sortem
417 1630 698 1691 malamque
753 1630 1006 1677 fortunam
1060 1631 1112 1676 in
1167 1629 1270 1677 eius
1333 1630 1523 1678 venisse
1585 1630 1870 1694 coniugium

181 1704 267 1764 qui
306 1705 426 1751 civis
467 1705 596 1751 esset
635 1706 685 1751 et
725 1703 923 1764 adfinis3
977 1704 1109 1750 hunc
1148 1703 1278 1750 enim
1318 1702 1563 1751 Helenum
1611 1703 1870 1751 constabat
1949 1759 1952 1763 ⁸

179 1776 335 1824 filium
393 1793 496 1825 esse
550 1777 760 1838 Priami,
814 1777 1044 1825 Hectoris
1098 1778 1318 1824 fratrem.
1395 1778 1605 1837 obstipui
1655 1779 1870 1837 miroque
1949 1780 1954 1786 ”

179 1852 427 1898 imensum
449 1855 619 1910 pectus
651 1866 814 1899 amore
846 1853 1114 1911 conpellare
1143 1853 1306 1899 virum
1337 1855 1381 1899 et
1413 1866 1556 1900 casus
1594 1865 1870 1912 coynoscere

92 1926 178 1981 300
197 1927 366 1979 tantos,
397 1924 688 1985 proyrediOr
716 1928 869 1986 portu
900 1926 1072 1973 classis
1103 1928 1147 1972 et
1175 1925 1321 1972 litora
1351 1926 1595 1985 linquens:
1633 1925 1869 1989 religiosa

182 1998 440 2046 curiositas
489 2000 538 2046 et
583 1999 846 2048 honestum
893 1999 1204 2047 desiderium.
1280 1999 1382 2060 his,
1434 2001 1624 2061 inquit,
1682 1999 1866 2047 auditis

179 2073 349 2133 stupui
386 2073 552 2133 potius
592 2088 743 2134 quam
780 2074 991 2120 miratus
1031 2088 1139 2120 sum
1179 2074 1242 2132 et,
1281 2072 1401 2121 licet
1439 2075 1605 2121 omnia
1645 2089 1703 2120 ex
1742 2073 1867 2121 cele-

178 2144 361 2193 britate
402 2147 562 2193 famae
602 2148 704 2194 iam
733 2162 824 2208 pro
855 2147 986 2195 veris
1019 2146 1260 2206 ducerem,
1291 2148 1459 2195 tamen
1491 2162 1632 2196 nosse
1665 2148 1866 2208 cupiens
1971 2160 1973 2163 ·

179 2234 319 2266 casus
370 2220 455 2280 qui
496 2220 622 2267 talia
659 2220 982 2282 perfecissent
1021 2236 1278 2282 coeperam
1317 2220 1380 2268 ad
1417 2221 1583 2283 ipsum
1620 2220 1866 2268 Helenum
1948 2211 1965 2218 ¹*

178 2292 378 2340 tendere
416 2309 704 2355 progressus
745 2310 770 2342 e
807 2297 978 2356 portu,
1026 2297 1083 2342 ut
1122 2310 1181 2342 ex
1216 2295 1326 2356 ipso
1366 2296 1446 2342 cui
1483 2296 1627 2343 tanta
1663 2309 1864 2356 prospe·
1943 2316 1963 2353 ,ς

177 2365 300 2414 ritas
341 2369 544 2414 venerat
583 2368 750 2415 omnia
790 2367 996 2416 certiore
1034 2368 1129 2416 fide
1173 2383 1536 2431 cognoscerem,
1575 2368 1769 2430 itaque,
1809 2369 1866 2416 ut
1942 2383 1963 2394 ‘⁴

178 2454 276 2486 non
326 2439 472 2502 longe
524 2456 552 2487 a
602 2441 810 2490 navibus
856 2442 1214 2503 processissem.
1291 2443 1536 2491 sollemnis
1586 2457 1694 2490 cum
1741 2443 1864 2502 forte
1893 2464 1964 2511 a,

297 2613 321 2650 2
351 2607 569 2664 pamiden
600 2623 738 2665 quam
768 2610 865 2656 LR.
878 2613 1145 2667 priamide‘n
1175 2614 1392 2669 quoniam
1421 2627 1446 2655 r
1476 2614 1555 2657 Pr.
1589 2613 1699 2669 quia
1731 2611 1800 2657 ed.
1926 2630 1928 2633 ·

177 2672 204 2711 5
236 2671 278 2710 et
309 2667 502 2712 Paridis
532 2668 602 2712 ed.
640 2670 645 2725 Ι
681 2670 733 2713 de
763 2670 968 2714 helenum
998 2671 1086 2714 LR
1116 2671 1170 2715 de
1202 2671 1291 2716 del.
1325 2671 1396 2716 ed.
1519 2676 1544 2715 8
1577 2673 1744 2716 victum
1775 2671 1862 2715 LR
1923 2674 1930 2722 -ζ

175 2726 257 2769 hoc
287 2730 350 2770 est
379 2740 418 2770 v.
445 2726 516 2771 ed.
579 2740 582 2744 ’
641 2731 693 2770 13
722 2730 968 2784 priamitae
992 2729 1081 2773 LR
1112 2731 1381 2775 Priamidae
1413 2730 1484 2774 ed.
1608 2734 1662 2773 15
1694 2739 1883 2775 sucees-'
1915 2780 1919 2791 Ι

173 2784 283 2829 sisse
311 2798 347 2827 r.
439 2789 496 2828 20
528 2786 639 2830 civis
661 2786 746 2830 LR
777 2788 874 2831 eius
904 2788 974 2832 ed.
1069 2793 1124 2832 22
1157 2790 1401 2845 conpellere
1425 2789 1523 2832 LR.
1617 2794 1672 2833 23
1698 2794 1883 2846 portu-s·
1920 2802 1922 2807 ’
1958 2791 1962 2812 ’·

175 2842 275 2888 LR.
367 2847 424 2888 25
457 2844 670 2901 obstupui
692 2845 763 2889 ed.
856 2851 912 2891 26
941 2848 1108 2892 ducens
1131 2848 1203 2892 ed.
1295 2853 1351 2892 29
1375 2851 1528 2904 itaque
1551 2862 1654 2892 cum
1676 2848 1763 2892 LR
1786 2847 1883 2892 ed.-'
1943 2868 1959 2875 ·-

175 2914 261 2946 1166
293 2915 398 2946 cum
432 2903 816 2948 antecedentibus
847 2918 934 2949 1166
965 2920 1069 2949 611111
1101 2906 1405 2962 sequentibus
1439 2907 1659 2964 coniungi
1688 2907 1860 2964 potest,
1953 2915 1955 2917 ’

176 2972 319 3015 quare
344 2961 373 3004 i.
391 2965 445 3005 ut
467 2963 540 3019 (=
566 2964 614 3006 et
637 2963 706 3006 ita
730 2964 783 3007 ut
807 2963 864 3007 cf.
891 2968 932 3019 4,
952 2967 1054 3022 262)
1080 2965 1335 3010 emendavi.
1427 2970 1482 3010 30
1515 2972 1610 3011 tum
1639 2967 1755 3022 forte
1785 2965 1884 3008 ed2'
1925 2976 1928 2977 ’
