2014 3226
173 178 282 229 614
641 175 872 220 ΒΟΝΑΤΙ
903 175 1181 220 INTERPR.
1215 175 1392 220 VERG.

168 317 361 364 mollius
415 331 555 372 aera,
610 317 745 364 credo
803 316 1040 376 equidem,
1097 317 1230 364 'vivos
1286 317 1458 363 ducent
1511 317 1569 362 de
1621 330 1865 363 marmore

80 395 167 435 850
183 391 364 446 vultus,
414 391 622 438 orabunt
668 403 843 437 causas
890 390 1062 437 melius
1109 389 1320 449 caeblque
1365 393 1551 437 meatus
1599 390 1865 438 describent

168 465 311 513 radio
351 468 394 512 et
431 465 681 523 surgentia
719 463 883 511 sidera
923 463 1103 510 dicent:
1155 462 1237 524 [tu
1275 477 1435 524 reyere
1472 464 1675 523 imperio
1704 477 1864 523 popu-

169 540 260 594 los,
302 538 542 592 Romane,
587 536 848 599 memento]
896 535 1009 595 (hae
1047 538 1133 585 tibi
1174 540 1314 584 erum
1351 533 1502 595 artes)
1542 539 1752 597 pacique
1789 539 1863 585 iw-

160 627 343 672 ponere
405 626 605 666 morem,
663 626 866 670 parcere
927 612 1149 658 subiectis
1213 614 1254 658 et
1315 611 1550 659 debellare
1609 611 1862 671 superbos:
1908 626 1929 660 5

173 688 406 747 quoniam
456 685 717 733 diversitas
767 686 950 732 artium
998 688 1344 733 ornamentum
1394 687 1468 732 est
1513 686 1649 733 vitae
1691 685 1862 732 huma-

172 776 279 819 nae,
321 760 405 819 ait,
447 762 715 820 sequentur
755 760 842 806 alii
882 760 1115 820 peritiam
1155 759 1392 806 fundendi
1433 760 1575 818 aeris,
1606 762 1664 806 ut
1693 759 1862 806 vultus

170 834 363 896 fingant
403 835 473 880 sie
513 848 790 895 expressos,
833 835 889 879 ut
929 834 1160 894 spiritum
1200 832 1378 879 habere
1418 833 1680 880 videantur
1719 827 1863 898 (mol-

170 909 266 956 lius
307 907 447 967 dixit,
486 909 543 954 ut
581 908 635 954 in
674 906 796 954 duro
839 922 948 954 aere
986 906 1104 954 talis
1137 906 1407 970 figurarum
1441 908 1567 955 esset
1604 909 1865 968 expressio,
1906 917 1910 926 “

170 984 227 1028 ut
274 997 361 1043 per
406 982 669 1029 mollitiem
717 981 966 1042 quandam
1013 996 1208 1029 movere
1249 997 1334 1028 ora
1374 981 1495 1028 istas
1537 982 1624 1042 qui
1660 980 1866 1028 vidisset
1890 997 1933 1030 ιο

174 1050 519 1120 existimaret),
545 1055 633 1102 alii
663 1054 784 1102 haec
817 1071 874 1101 ex
906 1071 1148 1102 marmore
1181 1054 1364 1102 facient
1394 1057 1536 1102 tanta
1569 1054 1865 1114 subtilitate,

171 1133 226 1177 ut
277 1131 489 1177 materia
543 1128 725 1190 lapidis
780 1128 1046 1176 formatum
1104 1128 1289 1176 animal
1343 1144 1442 1176 non
1496 1130 1597 1176 iam
1651 1129 1866 1177 viventis

174 1203 567 1263 similitudinem,
608 1203 693 1250 sed
731 1204 902 1250 vivum
944 1202 1199 1250 ostendere
1239 1203 1481 1264 videatur,
1514 1203 1603 1250 alii
1635 1203 1865 1265 eloquen-

172 1278 272 1325 tiae
314 1292 516 1338 operam
555 1276 747 1324 dabunt
787 1279 836 1324 et
876 1280 1022 1324 erunt
1059 1278 1112 1323 in
1150 1277 1258 1323 foro
1298 1277 1542 1337 meliores,
1575 1276 1663 1325 alii
1699 1276 1864 1338 dispu-

172 1351 352 1399 tabunt
392 1351 451 1399 de
492 1353 739 1398 astrorum
777 1350 993 1398 motibus
1036 1354 1084 1398 et
1108 1350 1347 1412 ⁴cursibus
1389 1351 1596 1398 diversis
1632 1353 1682 1399 et
1712 1352 1865 1399 ratio·
1891 1366 1933 1400 15
1975 1347 1977 1352 ’

172 1425 316 1472 nibus
374 1425 641 1474 orientium
698 1427 846 1486 atque
903 1424 1246 1472 occidentium.
1324 1427 1381 1472 tu
1433 1441 1603 1487 regere
1655 1426 1866 1487 imperio
1974 1427 1977 1429 ’

171 1499 398 1562 populos,
438 1499 675 1559 Romane,
714 1502 959 1546 memento
1003 1493 1120 1564 (hae
1158 1499 1254 1546 tibi
1287 1501 1430 1546 erunt
1462 1492 1617 1565 artes)
1656 1498 1866 1560 pacique

172 1575 408 1636 inponere
446 1589 647 1633 morem,
686 1588 887 1634 parcere
935 1572 1168 1620 subiectis
1218 1567 1267 1619 et
1313 1572 1558 1620 debellare
1606 1573 1865 1634 superbos:

171 1647 266 1694 tibi
313 1650 478 1695 autem
526 1662 604 1695 ars
654 1647 749 1698 erit
795 1646 1022 1694 omnibus
1069 1647 1255 1708 potior,
1302 1647 1509 1710 regendi
1547 1647 1737 1695 scilieet
1775 1648 1867 1694 im-

172 1721 314 1783 perii,
355 1736 550 1770 servare
591 1720 835 1770 subiectos
876 1720 1209 1783 superbosque
1248 1723 1481 1769 mactare.
1890 1737 1934 1769 2⁰

284 1795 365 1844 Sic
394 1798 540 1855 pater
571 1793 807 1843 Anchises
846 1798 988 1855 atque
1017 1796 1133 1843 haec
1163 1796 1455 1843 mirantibus
1487 1795 1649 1842 addit:
1686 1794 1866 1842 transi-

172 1872 252 1918 tus
294 1873 408 1918 sunt
447 1869 665 1931 quidam,
695 1885 757 1917 ne
788 1885 890 1917 una
923 1871 972 1916 et
1004 1870 1240 1916 continua
1270 1870 1491 1917 narratio
1522 1868 1747 1917 taediosa
1778 1869 1866 1930 sit3

173 1943 250 1992 his
291 1945 422 1992 enim
462 1942 722 2007 generibus
761 1944 979 1991 varietas
1019 1945 1242 1991 nascitur
1281 1946 1329 1991 et
1370 1943 1512 2004 quasi
1550 1957 1681 1991 nova
1718 1943 1867 1990 initia

175 2018 387 2065 aliarum
426 2018 772 2065 narrationum
809 2017 948 2064 fiunt.
1027 2033 1137 2065 cum
1175 2017 1295 2065 haec
1335 2033 1452 2080 ergo
1497 2018 1692 2065 loeutus
1740 2020 1868 2065 esset

173 2090 434 2151 AnchiseS,
490 2091 590 2139 alia
646 2107 840 2154 quoque
893 2090 1190 2138 mirantibus
1245 2091 1460 2153 addidit,
1516 2091 1734 2139 advertit
1783 2106 1866 2139 eos
1890 2105 1934 2139 25

86 2169 172 2209 855
188 2166 371 2228 quippe
395 2165 700 2228 cognitiones
724 2165 1006 2213 futurarum
1030 2181 1196 2212 rerum
1220 2164 1433 2213 libenter
1456 2165 1641 2213 audire.
1690 2166 1865 2225 aspice,
1963 2159 1965 2161 ’

174 2242 228 2286 ut
257 2241 465 2300 insi-quis
495 2238 665 2299 spoliis
687 2239 958 2287 Marcellus
982 2240 1157 2299 opimis
1179 2240 1452 2299 irzyreditur
1475 2241 1715 2299 victorque
1737 2241 1868 2287 viros

173 2314 496 2373 supereminet
539 2314 718 2361 omnis:
773 2314 940 2360 omnia
986 2314 1081 2360 iste
1126 2313 1448 2360 victoriarum
1486 2313 1590 2360 iam
1626 2313 1754 2360 ferre
1793 2314 1867 2359 in·
1894 2342 1897 2345 ‹

176 2387 306 2434 dicia
359 2386 623 2434 videbatur
676 2389 726 2434 et
780 2402 1066 2435 enumerare
1118 2402 1244 2448 quae
1292 2390 1420 2435 esset
1463 2387 1686 2435 facturus
1735 2386 1868 2448 apud

177 2475 399 2522 superos,
449 2461 519 2509 sic
566 2462 734 2508 autem
779 2460 1039 2508 incedebat
1085 2460 1234 2509 altior
1273 2463 1470 2522 ceteris,
1517 2463 1574 2508 ut
1611 2462 1865 2509 universos
1890 2476 1936 2509 so

175 2537 308 2583 viros
346 2534 643 2596 praecellere
675 2534 942 2582 videretur.
999 2535 1178 2596 incipit
1210 2551 1498 2583 enumerare
1529 2535 1715 2598 glorias
1747 2533 1867 2595 eiuS‚

177 2610 221 2656 si
267 2624 324 2656 ex
370 2622 583 2670 persona
627 2607 897 2669 Anchisae„
945 2609 1104 2656 futuri
1149 2609 1406 2670 temporis,
1454 2610 1497 2656 si
1544 2625 1603 2656 ex
1639 2607 1867 2671 Vergilii,

298 2753 323 2791 3
357 2753 407 2792 tu
433 2775 485 2780 —
512 2753 540 2792 4
571 2753 785 2792 memento
825 2749 957 2793 deest
994 2749 1043 2792 in
1074 2748 1131 2804 V,
1171 2749 1253 2793 sed
1291 2748 1415 2792 infra
1451 2747 1680 2805 repetitur
1711 2749 1759 2792 et
1790 2761 1868 2791 ex-

176 2806 392 2864 plicatur.
495 2812 551 2850 14
583 2821 720 2864 opera
750 2807 805 2851 V.
907 2812 962 2851 23
993 2809 1066 2852 his
1097 2808 1140 2852 V
1168 2809 1276 2852 hine
1306 2808 1378 2852 ed.
1487 2812 1542 2852 26
1573 2808 1869 2864 coyitatioraes

178 2866 248 2910 ed.
279 2866 285 2925 Ι
311 2867 524 2920 futwrum
547 2865 600 2910 V.
701 2870 759 2910 29
791 2867 1084 2912 denumerare
1107 2866 1151 2911 V
1180 2868 1471 2911 dinumerare
1502 2866 1573 2911 ed.
1605 2879 1869 2910 enumerare

176 2938 261 2969 nos
292 2926 626 2970 demonstrare?
748 2929 804 2969 30
837 2931 986 2970 autem
1015 2925 1058 2968 V
1089 2927 1210 2970 enim
1238 2926 1284 2970 H
1315 2926 1390 2970 ed..v
1431 2926 1436 2984 Ι
1486 2931 1527 2970 et
1556 2925 1599 2970 V
1629 2931 1681 2970 ut
1712 2925 1783 2969 ed.

179 2988 232 3028 31
267 2985 475 3030 eaeeellere
507 2983 577 3028 ed.
701 2988 757 3028 32
790 2985 950 3042 veryili
978 2984 1034 3040 V,
1068 2985 1149 3029 sed.
1179 2984 1455 3042 plerumque
1487 2985 1556 3029 -ii.
1868 2982 1871 2985 ’
