2014 3226
762 170 1063 214 AENEmos
1095 171 1158 214 111
1703 174 1806 226 351

126 310 388 359 Camerina
424 311 602 370 procul
647 312 900 370 campique
949 310 1087 359 Geloi
1139 313 1447 372 inmanisque
1497 312 1619 360 Gela
1672 315 1814 372 fluvii

121 387 398 446 coynomine
437 385 591 432 dicta:
638 399 746 432 ecce
788 387 835 431 et
877 382 998 431 Gela
1039 401 1068 432 a
1106 385 1258 433 fluvio
1299 400 1567 448 cognomen
1608 387 1810 448 accepit.

121 459 309 507 arduus
349 458 463 506 inde
500 457 731 519 Ayrayas
771 462 974 505 ostentat
1011 461 1229 507 nzaoeima
1268 461 1403 520 lonye
1441 463 1655 509 moenia:
1698 461 1811 508 inde

122 534 340 580 ostentat
391 533 589 595 longius
644 533 862 591 moenia,
919 533 1035 592 quia
1095 534 1312 582 excelsus
1368 536 1442 582 est
1495 550 1636 582 mons
1690 536 1810 596 ipse.

76 624 96 656 5
120 608 492 666 maynanimuin
531 608 791 666 quondam,
834 607 926 654 hoc
966 609 1040 654 est
1078 609 1522 671 magnanimorum,
1558 613 1814 669 yenerator

120 694 365 740 equorum,
397 683 530 740 teque
569 680 698 728 datis
737 681 903 740 linquo
941 682 1110 736 ventis,
1139 682 1370 740 palmosa
1408 682 1625 731 Selinus:
1666 684 1797 744 quod
1815 692 1902 731 705

118 754 311 817 palmas
359 755 695 815 copiosissime
742 756 964 818 generet,
1012 754 1146 802 dicta
1193 758 1242 804 et
1287 756 1523 817 palmosa.
1602 760 1644 805 et
1681 757 1812 805 vada

119 828 248 876 dura
303 828 402 889 leyo
448 830 584 876 saxis
630 828 860 888 Lilybeia
907 830 1083 876 caecis:
1145 844 1262 876 saxa
1317 845 1462 877 oaeca
1516 833 1631 878 sunt
1685 847 1811 893 quae

118 903 310 950 nautici
363 902 536 950 dicunt
589 902 922 964 subaquanea.
1000 902 1122 949 haec
1167 904 1313 951 facile
1365 904 1618 966 decipiunt
1671 907 1810 952 navi-

53 993 95 1026 10
119 977 308 1040 gantis,
357 977 615 1037 quoniam,
663 976 780 1023 dum
825 977 879 1023 in
927 977 1121 1024 occulto
1169 980 1283 1024 sunt
1330 980 1378 1025 et
1426 994 1524 1025 non
1580 979 1810 1040 eminent,

118 1066 218 1097 non
256 1051 502 1098 videntur.
566 1052 732 1098 omnia
770 1052 871 1099 ista
908 1051 1112 1098 nomina
1150 1051 1379 1112 fontium,
1417 1052 1652 1113 locorum,
1692 1054 1811 1101 civi-

118 1127 302 1184 tatum,
355 1126 623 1185 montium,
677 1125 954 1172 insularum
1007 1123 1190 1173 idcirco
1244 1127 1434 1187 posuit,
1488 1129 1545 1173 ut
1591 1126 1653 1173 ad
1701 1142 1811 1174 eam

116 1198 362 1260 paulatim
401 1199 592 1246 veniret
630 1199 860 1259 insulam,
891 1199 943 1245 in
985 1214 1083 1259 qua
1121 1199 1340 1261 perdidit
1376 1202 1584 1261 patrem,
1616 1203 1673 1248 ut
1704 1202 1810 1249 eius

119 1288 314 1334 01100110
355 1287 525 1320 casum
562 1274 810 1334 potuisset
849 1288 1104 1334 exponere.

51 1363 92 1397 15
228 1346 364 1394 Hinc
407 1347 636 1406 Drepani
688 1362 763 1395 me
807 1351 985 1407 portus
1038 1351 1082 1394 et
1131 1348 1429 1395 inlaetabilis
1478 1362 1567 1395 ora
1613 1351 1811 1409 accipit:

117 1421 357 1482 expressit
396 1421 597 1482 plenam
635 1421 998 1482 moralitatem3
1053 1437 1169 1468 nam
1208 1421 1249 1469 si
1290 1421 1486 1482 quando
1527 1422 1697 1484 aliqua
1734 1424 1809 1469 in-

115 1494 338 1542 fortunia
384 1495 615 1542 accidunt
662 1495 743 1543 vel
787 1496 973 1558 luctus,
1019 1495 1141 1542 haec
1186 1495 1237 1542 in
1285 1495 1452 1544 dolore
1497 1496 1651 1558 positi
1687 1511 1808 1544 non-

115 1584 389 1630 numquam
428 1569 551 1618 10013
592 1569 934 1630 adscribimus,
968 1571 1112 1631 quasi
1143 1569 1284 1617 nobis
1317 1569 1507 1631 aliquid
1537 1570 1811 1618 inflixerint

115 1642 194 1690 vel
247 1642 470 1706 infligere
523 1645 792 1706 potuerint.
877 1643 1071 1692 Aeneas
1123 1643 1279 1707 igitur
1329 1644 1669 1706 Drepanitano
1724 1644 1809 1693 ad-

49 1733 93 1766 so
114 1717 272 1778 plicat
326 1717 433 1765 loco
491 1718 623 1779 quod
677 1717 925 1766 acciderat
976 1718 1194 1766 fatorum
1246 1719 1453 1766 ratione.
1529 1719 1606 1766 hic
1641 1719 1809 1780 pelayi

119 1794 185 1838 tot
221 1793 577 1851 tempestatibus
617 1794 737 1840 actis
775 1793 867 1840 heu
901 1794 1178 1853 yenitorenu
1211 1794 1367 1840 onmis
1399 1807 1545 1840 curae
1575 1806 1809 1852 casusque

118 1865 357 1922 levamen,
404 1867 570 1914 amitto
615 1865 886 1922 Anchisen,
931 1867 1009 1915 hic
1052 1881 1149 1923 me,
1185 1869 1333 1926 pater
1369 1868 1565 1926 optime,
1610 1868 1793 1926 fessum
1811 1873 1898 1913 710

65 1967 70 1970 -
118 1939 325 1987 deseris:
378 1939 593 1988 addebat
640 1941 810 1988 amissi
855 1941 1014 2002 patris
1061 1940 1283 1989 dolorem
1329 1941 1482 1988 etiam
1526 1940 1657 1988 ratio
1696 1940 1807 1999 loci,

120 2028 267 2075 quem
311 2014 479 2075 ipsum
525 2014 780 2076 duplicato
837 2014 1070 2062 adverbio
1124 2013 1381 2076 patefecit3
1445 2013 1571 2061 dixit
1625 2016 1807 2077 quippe

39 2103 91 2137 ss
114 2089 310 2149 patrem
357 2103 501 2136 suum
547 2089 734 2150 perisse
782 2088 835 2136 in
881 2092 1052 2150 portu,
1101 2090 1188 2150 qui
1225 2090 1303 2135 tot
1342 2088 1434 2136 alti
1471 2089 1624 2136 maris
1664 2103 1807 2137 casus

116 2163 166 2208 et
202 2161 425 2223 pericula
464 2164 716 2211 evasisset.
793 2178 883 2210 nee
920 2165 1089 2210 tamen
1127 2165 1380 2210 mortuum
1419 2161 1558 2222 dixit,
1602 2162 1687 2210 sed
1725 2162 1806 2210 de-

114 2235 324 2283 seruisse
377 2235 562 2296 1111111ος
624 2240 814 2286 veteres
878 2238 1010 2284 enim
1069 2237 1362 2298 praecipuos
1426 2251 1646 2297 quosque
1707 2252 1807 2284 non

77 2344 79 2346 -
113 2311 350 2370 mortu08‚
388 2310 475 2358 sed
511 2327 602 2373 per
640 2312 1080 2359 commutationem
1118 2310 1340 2358 locorum
1374 2310 1644 2358 translatos
1677 2309 1804 2358 arbi-

112 2382 390 2431 trabantur.
466 2385 558 2433 heu
603 2387 754 2434 tantis
797 2387 1120 2446 nequicquam
1166 2387 1320 2444 erepte
1355 2384 1584 2444 periclis.-
1634 2386 1807 2432 tantus

233 2573 259 2612 5
290 2583 461 2627 magna
492 2570 751 2615 animorum
781 2570 824 2614 R
863 2583 976 2615 corr.
1009 2585 1043 2613 r.
1210 2574 1235 2612 6
1266 2570 1450 2626 schinys
1478 2568 1515 2612 L
1551 2570 1734 2627 schynis
1762 2568 1806 2611 R

32 2650 37 2687 ς
111 2627 281 2684 selinys
310 2643 345 2671 r.
453 2633 480 2673 8
512 2643 605 2686 qua
634 2629 678 2674 R
709 2643 825 2686 quae
855 2644 891 2674 r.
1008 2633 1062 2672 12
1094 2633 1136 2673 et
1166 2629 1426 2674 insularum
1457 2627 1529 2672 ed.
1645 2631 1700 2671 13
1731 2628 1804 2672 in-

112 2687 263 2731 sulam
299 2686 388 2731 LR.
426 2688 521 2733 ed.:
575 2701 634 2732 ne
672 2688 794 2733 forte
831 2688 1048 2743 haereas,
1097 2687 1154 2731 cf.
1197 2688 1258 2732 ad
1290 2691 1376 2732 290
1417 2687 1475 2731 de
1514 2685 1756 2731 Buthroto.
1794 2686 1799 2745 Ι

112 2746 315 2791 reddidit
343 2746 430 2790 LR
452 2748 664 2804 perdidit
693 2747 766 2791 ed.
890 2751 945 2791 15
978 2748 1151 2805 accepit
1171 2746 1259 2791 LR
1282 2747 1354 2791 ed.
1388 2760 1503 2791 corr.
1528 2760 1552 2789 ι·
1583 2745 1655 2791 ed.
1679 2747 1802 2802 post.

203 2808 259 2849 16
297 2806 571 2862 inpos-timia
601 2806 689 2850 LR.
726 2808 994 2863 importuna
1028 2807 1099 2851 ed.
1132 2807 1398 2862 infortwnia
1427 2818 1511 2849 nos
1550 2804 1609 2849 cf.
1641 2808 1741 2849 493.

114 2867 168 2907 1¹1
201 2866 423 2909 accedunt
450 2865 536 2909 LR
567 2866 638 2910 ed.
672 2866 889 2910 accidunt
918 2878 1016 2909 nos.
1122 2870 1178 2910 23
1210 2864 1408 2910 addebat
1436 2863 1524 2908 LR
1556 2862 1637 2908 edI
1666 2877 1802 2921 αηρε-

113 2922 191 2967 bat
221 2923 331 2967 edF.
475 2929 531 2968 26
562 2926 641 2970 sed
670 2924 706 2968 L
737 2925 839 2969 sede
868 2924 911 2968 R
939 2938 986 2970 se
1014 2939 1050 2969 r.
1182 2928 1237 2968 28
1269 2924 1639 2969 commutationes
1669 2922 1740 2966 ed.

37 3004 45 3054 2
113 2986 168 3026 29
194 2983 416 3038 periculis
445 2983 532 3027 LR
563 2985 629 3041 (et
658 2983 813 3041 infra).
