2014 3226
215 175 324 227 560
682 174 914 219 DONATI
945 175 1224 218 INTERPR.
1260 175 1438 219 VERG.

214 317 267 361 in
305 315 466 362 vincla
497 316 695 374 petivit:
748 330 847 361 una
895 316 1078 361 iniuria
1126 315 1321 375 privare
1360 317 1545 364 inferos
1584 317 1785 378 proprio
1826 333 1908 364 cu-

216 389 370 436 stode.
447 391 602 448 'ipsias
642 404 674 436 a
711 389 830 436 solio
869 390 1011 448 reyis,
1050 389 1143 436 hoc
1191 391 1265 436 est
1313 389 1374 436 ab
1421 391 1578 451 ipsius
1625 390 1755 454 regis
1796 391 1907 438 sede

215 464 317 511 sive
372 462 733 523 penetralibus:
797 477 904 509 ecce
962 462 1062 509 alia
1120 463 1276 523 ipsius
1331 463 1463 526 regis
1517 465 1658 524 peior
1710 464 1906 512 iniuria.

215 539 454 596 traxitque
502 540 798 584 trementem:
851 539 1047 583 tantum
1101 536 1306 584 Herculi
1360 537 1524 596 licuit,
1579 540 1636 584 ut
1688 539 1908 586 traheret

213 613 505 658 trementem
545 611 630 671 qui
669 611 916 657 neminem
955 610 1137 659 timuit.
1214 611 1467 672 trahebat,
1508 611 1723 658 invitum
1763 612 1906 660 duce·
1949 630 1994 664 ῃ-

213 684 320 744 bat,
372 685 463 731 hoc
512 687 586 731 cst
626 700 655 731 a
700 684 871 731 limine
911 684 1058 731 Ditis.
1137 685 1186 731 hi
1232 686 1479 732 dominam
1518 686 1652 733 Ditis
1698 687 1908 733 thalamo

214 759 444 805 deducere
484 759 669 805 adorti:
719 759 857 819 peius
899 759 1067 806 conati
1114 761 1230 805 sunt
1267 759 1375 819 isti,
1425 761 1483 806 ut
1528 775 1732 808 uxorem
1778 759 1907 823 regis

214 849 270 879 ex
310 834 418 893 ipso
459 832 684 879 cubiculo
725 847 812 880 suo
853 834 1041 894 eripere
1082 834 1358 879 niterentur
1398 848 1511 880 cum
1550 833 1762 880 iniuriae
1802 835 1906 882 vio-

212 906 381 954 lentia.
461 909 582 967 quot
629 907 738 954 loca
786 909 900 954 sunt
947 906 999 952 in
1044 908 1142 953 ista
1193 908 1528 954 accusatione!
1596 909 1696 955 vim
1746 907 1908 955 facere
1984 910 1985 946 ἐ

212 983 356 1028 uxori
403 982 615 1041 alienae,
662 981 804 1027 uxori
850 982 979 1043 regis
1029 983 1078 1027 et
1123 982 1412 1042 praesentis,
1460 983 1559 1042 ipsi
1598 998 1793 1043 quoque
1832 997 1907 1028 re·
1931 979 1987 1038 ιᾷῆ

213 1056 382 1117 ginae,
437 1055 556 1102 haec
607 1070 635 1101 a
682 1069 916 1116 persona3
969 1070 998 1100 a
1044 1055 1152 1102 loco
1200 1071 1338 1102 vcro:
1402 1055 1460 1101 de
1519 1057 1628 1117 ipso
1683 1056 1906 1103 thalamo

213 1144 316 1188 suo,
349 1145 496 1191 quem
527 1143 670 1176 nosse
702 1131 899 1190 praeter
931 1131 1168 1176 maritum
1199 1130 1275 1175 fas
1307 1130 1472 1176 fuerat
1502 1129 1652 1192 nulli3
1692 1145 1721 1176 a
1753 1130 1907 1178 facto:

213 1203 434 1250 abstrahi
468 1219 616 1264 quam
656 1202 924 1250 honorifice
965 1203 1117 1250 etiam
1157 1203 1379 1266 contingi
1414 1219 1513 1250 non
1550 1204 1706 1251 licuit.
1785 1218 1908 1262 quae
1956 1186 1989 1266 ἦ

212 1281 380 1324 contra
419 1277 623 1325 breviter
659 1278 768 1336 fata
808 1281 876 1325 est
914 1275 1214 1338 Amphrysia
1254 1281 1414 1324 vates:
1452 1277 1636 1325 idcirco
1679 1278 1907 1338 breviter,

213 1352 331 1412 quia
382 1367 481 1398 non
533 1353 678 1415 egent
724 1351 874 1414 longo
923 1366 1146 1398 sermone
1196 1367 1321 1412 quae
1361 1353 1494 1399 iusta
1534 1353 1663 1399 sunt.
1739 1352 1906 1399 nullae
1930 1330 1981 1433 ιξ

124 1432 210 1471 400
226 1426 302 1472 hic
355 1426 564 1473 insidiae
618 1426 761 1481 tales,
816 1426 992 1473 absiste
1036 1427 1239 1480 moveri,
1295 1441 1380 1473 nec
1426 1427 1525 1473 vim
1577 1426 1671 1474 tela
1716 1426 1907 1485 ferma:

210 1499 303 1546 hoc
342 1501 417 1546 est
457 1499 588 1560 quod
627 1500 700 1546 ait
740 1501 912 1547 contra
950 1499 1116 1546 locuta
1157 1502 1244 1560 est,
1283 1499 1335 1546 id
1377 1502 1450 1547 est
1489 1502 1663 1547 contra
1702 1515 1761 1547 ea
1800 1500 1907 1561 qui-
1960 1496 1974 1555 ξ’

210 1573 301 1621 bus
350 1589 398 1621 se
449 1573 665 1622 ostendit
714 1572 910 1621 Charon
963 1573 1115 1620 fuisse
1163 1575 1447 1635 suspectum
1501 1576 1551 1621 et
1598 1576 1772 1622 contra
1817 1574 1908 1621 illa
1951 1557 1983 1637 Ξ

213 1663 339 1708 quae
379 1650 621 1709 senserat3
682 1648 895 1709 putabat
941 1649 1074 1694 enim
1118 1649 1224 1695 vim
1261 1649 1451 1709 parari,
1500 1663 1649 1709 quam
1687 1648 1908 1696 fecerant
1956 1644 1980 1653 ”

212 1722 314 1769 3111.
394 1737 567 1769 exorsa
607 1724 682 1769 est
720 1722 878 1784 igitur
915 1723 1007 1770 sic:
1054 1721 1222 1769 nullae
1261 1722 1342 1769 hic
1380 1721 1592 1769 insidiae
1631 1723 1773 1783 tales,
1814 1723 1904 1770 sci-
1948 1735 1989 1757 ¹

210 1796 327 1843 licet
367 1796 531 1857 qualis
563 1797 648 1842 ille
682 1796 895 1844 aliorum
927 1796 1165 1857 exemplis
1197 1797 1418 1844 extitisse
1451 1799 1756 1844 narraverat.
1816 1811 1904 1843 nec

210 1872 314 1917 vim
351 1871 452 1917 tela
491 1869 678 1918 ferunt:
717 1870 888 1932 paucis
930 1885 1156 1917 securum
1194 1870 1410 1918 reddidit
1445 1869 1731 1931 Oharonem,
1772 1870 1908 1932 quod
1964 1893 1971 1906 =

210 1944 402 1991 nullam
461 1946 687 2005 portaret
747 1947 967 1991 armatus
1029 1944 1343 2005 violentiam3
1412 1945 1704 2006 plerumque
1776 1945 1907 1992 6111111

211 2020 400 2081 geritur
445 2019 652 2080 ferrum,
707 2033 807 2065 non
846 2020 903 2065 ut
940 2017 1208 2079 inferatur,
1263 2018 1349 2065 sed
1387 2021 1445 2065 ut
1483 2019 1762 2080 depellatur
1799 2018 1904 2067 vio·

209 2092 380 2140 lentia.
458 2093 564 2140 licet
605 2095 776 2152 inqens
821 2094 1004 2140 ianitor
1051 2095 1192 2140 antro
1239 2096 1490 2140 aeternam
1527 2092 1718 2140 latrans
1759 2107 1905 2140 επακ·

205 2168 320 2227 9uis
356 2169 535 2214 terreat
578 2167 800 2222 ambraS,
849 2169 984 2214 casta
1038 2167 1143 2214 licet
1181 2168 1358 2226 patrui
1407 2170 1561 2215 servet
1606 2167 1906 2227 Proserpina
1963 2220 1966 2224 ἦ

332 2342 355 2381 1
388 2351 486 2382 ana
517 2337 560 2380 V
590 2351 761 2394 mayna
791 2337 862 2382 ed.
1016 2342 1041 2379 ‘2
1081 2338 1171 2382 sole
1210 2337 1328 2381 orcis
1364 2350 1448 2393 pro
1488 2338 1600 2381 solio
1639 2338 1758 2392 reyis
1787 2336 1842 2380 V.
1963 2374 1968 2387 ,.

212 2401 328 2440 2-3
359 2411 403 2442 se
433 2410 520 2440 sua
550 2395 587 2438 V
617 2397 717 2440 sede
747 2397 841 2440 sive
871 2410 970 2452 nos,
1003 2410 1090 2440 om.
1116 2395 1207 2440 ΗΟ
1241 2396 1313 2439 ed.
1406 2400 1432 2438 3
1465 2395 1702 2439 iniuriaV
1732 2401 1904 2440 natm-a
1971 2397 1979 2452 ζ

211 2456 255 2498 Η
279 2456 350 2500 ed.
467 2460 492 2498 5
524 2456 633 2511 post
662 2455 859 2499 invitam
890 2469 971 2499 sex
993 2454 1090 2499 fere
1113 2455 1379 2499 litterarum
1403 2455 1611 2511 spatium
1633 2456 1772 2498 vacat
1795 2454 1844 2498 in
1861 2454 1904 2498 V
1950 2503 1955 2506 ,

211 2517 403 2559 ducebat
439 2514 627 2557 inserui.
781 2519 806 2558 6
839 2517 947 2571 post
983 2516 1066 2558 hoc
1096 2519 1161 2558 est
1199 2513 1410 2570 sequitur
1441 2515 1529 2558 alii
1557 2515 1688 2558 mina
1719 2515 1831 2558 ditis
1861 2513 1904 2558 V
1962 2510 1982 2556 2>

211 2589 242 2618 a
273 2575 428 2618 limine
451 2573 582 2618 Ditis
610 2587 710 2627 nOS,
743 2587 831 2618 om.
857 2573 949 2617 ΗΟ
975 2573 1070 2628 edI,
1094 2573 1292 2617 lacunae
1326 2573 1511 2630 signum
1542 2572 1702 2629 posuit
1732 2573 1841 2616 edF.
1964 2576 1978 2599 '¹

214 2638 237 2676 ‘1
265 2634 400 2690 peius
422 2632 465 2676 V
492 2635 650 2688 potius
681 2632 752 2676 ed.
846 2637 880 2677 8*
905 2647 1006 2677 cam
1037 2633 1242 2678 iniuriae
1271 2633 1489 2677 violentia
1510 2632 1553 2676 V
1584 2646 1722 2688 quam
1751 2633 1782 2677 i.
1807 2633 1901 2676 vio-
1963 2629 1981 2683 J

212 2693 399 2737 lentiam
430 2692 504 2736 ed.
595 2696 620 2735 9
653 2691 775 2748 quod
797 2691 840 2735 V
871 2698 978 2748 quot
1007 2691 1078 2736 ed.
1173 2695 1228 2735 10
1255 2693 1509 2747 praesentis
1531 2690 1574 2735 V
1599 2691 1798 2747 potentis
1829 2691 1900 2734 cd.
1958 2691 1997 2750 -5‘2

303 2756 358 2795 12
389 2765 504 2808 quae
533 2764 663 2796 ‘nosse
685 2750 727 2795 V
758 2765 887 2807 quem
917 2765 962 2795 n.
989 2751 1060 2794 ed.
1090 2753 1096 2808 Ι
1129 2752 1207 2805 fas
1234 2751 1390 2805 fuerat
1418 2750 1542 2795 ‘nulli
1571 2749 1614 2794 V
1643 2751 1776 2805 ‘nefas
1805 2750 1900 2794 cai·
1951 2741 1989 2858 ἒ

211 2825 386 2867 cunque
414 2811 572 2865 fuerat
601 2810 672 2854 ed.
827 2814 881 2854 13
913 2811 1120 2868 contingi
1148 2810 1192 2854 V
1222 2811 1354 2867 tanqi
1385 2809 1457 2853 ed.
1501 2810 1507 2866 Ι
1550 2823 1633 2866 que
1671 2814 1830 2854 contra
1859 2807 1903 2853 V
1952 2859 1991 2970 ζ

213 2884 340 2926 quem
371 2882 406 2913 e.
440 2869 511 2915 ed.
545 2883 659 2926 quae
689 2882 725 2913 c.
757 2882 856 2923 nos,
888 2869 1102 2913 fimatur
1131 2868 1534 2925 interpretatione.
1621 2872 1676 2912 14
1691 2869 1820 2923 facta
1843 2866 1898 2911 V.

214 2933 268 2972 17
300 2930 662 3032 121ῗῶνῇηὲφέ
690 2941 761 3031 gg.
778 2927 848 2971 ed.
980 2933 1034 2972 21
1068 2929 1176 2972 illae
1206 2928 1406 2973 aliorum
1430 2927 1475 2972 V
1505 2927 1581 2971 ille
1609 2927 1796 2972 illoram
1827 2926 1900 2987 ed.
