2014 3226
0 1625 25 1680 5

4 1891 21 2055 Ξ

0 2158 19 3226 ᾗ

770 151 1074 197 AENEmos
1109 153 1168 196 VI
1712 158 1813 209 551

127 292 342 339 harena:
380 291 505 337 alios
546 290 690 353 longe
731 292 982 340 submotos
1022 293 1183 354 ipsam
1231 294 1466 341 harenam
1507 295 1667 342 litoris
1708 312 1818 343 con-

129 365 320 427 tingere
361 379 459 411 non
501 364 707 411 sinebat.

240 437 434 486 Aeneas
464 439 672 485 miratus
705 440 830 485 enim
861 443 1108 498 motusque
1139 442 1344 489 tumultu
1371 442 1462 496 dic,
1496 444 1578 496 ait,
1619 456 1645 489 o
1670 444 1819 502 viryo,

131 512 248 571 quid
285 513 390 559 vult
427 525 687 559 concursus
720 513 784 560 ad
817 513 1043 559 amnem?
1082 514 1255 573 quidve
1277 518 1450 574 petunt
1481 517 1708 563 animae?
1746 517 1821 563 vel

84 604 107 636 5
132 600 222 645 quo
262 586 540 634 discrimine
578 587 717 645 ripas
755 587 845 633 hae
884 587 1121 645 linquunt,
1165 589 1275 636 illae
1314 591 1460 636 remis
1490 590 1620 637 vada
1652 590 1805 637 livida
1823 596 1910 633 320

130 660 362 708 verrunt?
393 660 515 706 haec
538 661 863 723 interrogatio
887 662 1241 721 propositionis
1266 665 1448 710 retinet
1464 665 1635 723 vicem,
1668 679 1820 724 quon-

130 734 230 781 iam
264 733 327 780 ad
360 734 526 780 omnia
559 732 753 795 Sibylla
792 749 1088 794 responsura
1121 740 1208 782 est.
1270 736 1390 784 haec
1421 738 1531 798 ipsa
1570 739 1822 798 tripertita

132 809 226 867 est,
277 808 491 868 quaesiit
538 808 721 868 quippe
777 823 863 855 cur
908 810 1076 856 tantus
1126 810 1401 857 animarum
1449 825 1710 858 concursus
1759 810 1820 858 ad

132 897 327 929 amnem
365 880 507 929 fieret
544 881 624 928 vel
665 881 784 942 quid
823 883 960 942 ipsae
993 883 1188 929 animae
1222 883 1553 931 desiderarent
1584 885 1663 931 vel
1695 900 1820 946 quae

65 973 108 1006 10
132 958 260 1004 esset
290 957 423 1002 inter
453 955 564 1002 illas
597 954 853 1014 distantia,
893 959 949 1002 ut
980 956 1108 1003 aliae
1141 958 1343 1019 fugatae
1368 958 1648 1019 linquerent
1672 960 1821 1019 ripas,

133 1029 259 1076 aliae
307 1030 539 1076 navicula
586 1030 986 1076 transmitterent
1032 1045 1113 1077 eas
1162 1033 1212 1077 et
1262 1031 1323 1078 ad
1369 1031 1607 1080 ulteriora
1653 1034 1818 1094 porta-

130 1106 315 1150 rentur.
394 1104 477 1150 olli
515 1104 584 1150 sic
623 1104 826 1150 breviter
875 1105 982 1162 fata
1029 1108 1097 1151 est
1142 1103 1374 1164 longaeva
1419 1106 1642 1153 sacerdos
1654 1123 1669 1159 ‚·
1715 1105 1820 1152 bre-

131 1179 260 1225 viter
314 1178 499 1239 quippe
557 1176 697 1238 loqui
752 1176 922 1224 debuit
973 1178 1193 1224 relatura
1248 1178 1518 1239 superflua,
1580 1194 1640 1226 ne
1695 1194 1820 1240 quae

131 1251 331 1298 fuerant
392 1252 669 1299 necessario
726 1251 918 1314 agenda
971 1251 1209 1299 morando
1274 1252 1503 1299 differret.
1602 1252 1822 1300 Anchisa

65 1342 108 1375 ιε
129 1329 367 1386 yenerate‚
407 1325 550 1373 deum
587 1326 855 1374 certissima
884 1326 1077 1385 proles:
1114 1328 1261 1373 natus
1302 1342 1352 1374 es
1385 1342 1441 1374 ex
1473 1326 1684 1386 homine,
1723 1342 1821 1373 non

131 1400 363 1447 inmerito
410 1414 584 1461 paves,
638 1398 791 1447 habes
843 1399 1048 1446 humani
1098 1401 1292 1462 generis
1338 1400 1682 1462 timiditatem,
1737 1399 1822 1447 sed

131 1473 258 1521 m'hil
306 1473 452 1521 debes
502 1475 720 1521 metuere
774 1475 860 1534 qui
911 1473 1012 1520 alia
1059 1489 1116 1520 ex
1166 1475 1307 1534 parte
1355 1490 1507 1537 genus
1555 1489 1585 1520 a
1631 1474 1821 1535 superis

132 1547 284 1595 ducis.
346 1550 460 1609 post
490 1549 738 1610 principia
769 1546 1020 1594 descendit
1052 1546 1114 1594 ad
1144 1563 1205 1595 ea
1238 1562 1363 1608 quae
1393 1548 1702 1609 interrogata
1734 1549 1821 1594 est.

136 1621 299 1681 Cocyti
351 1625 528 1682 stayna
581 1622 685 1670 alta
734 1621 866 1670 vides
912 1621 1219 1682 Styyiamque
1257 1622 1514 1680 paludem,
1568 1622 1639 1668 dii
1684 1621 1822 1668 cuius

8 1714 26 1781 ᾗ
63 1711 110 1744 20
132 1697 299 1744 iurare
345 1697 511 1743 timent
557 1699 600 1743 et
643 1696 816 1756 fallere
859 1710 1068 1743 numen:
1119 1694 1212 1742 hoc
1260 1695 1622 1743 intermittente
1669 1695 1822 1742 inter-

131 1770 414 1833 rogatione,
454 1769 539 1818 sed
577 1769 754 1817 melius
800 1770 919 1817 fecit
958 1770 1096 1816 vates
1145 1768 1336 1830 aliquid
1375 1769 1587 1830 amplius
1627 1768 1822 1828 referre,

131 1846 189 1891 ut
225 1845 597 1892 instructiorem
643 1843 870 1890 redderet
916 1842 1271 1904 requirentem,
1319 1858 1408 1891 nec
1453 1842 1727 1890 cumulavit
1766 1857 1821 1888 ex

131 1917 223 1965 hoc
253 1917 551 1966 brevitatem
576 1917 815 1965 sermonis
841 1918 931 1978 sui,
972 1916 1057 1964 sed
1078 1915 1316 1964 brevitati
1347 1915 1618 1975 consuluit3
1656 1918 1824 1977 posset

134 1992 265 2039 enim
303 1991 497 2040 Aeneas
538 1991 670 2053 quod
708 1993 762 2038 in
800 1992 964 2052 prima
999 1991 1390 2052 interrogatione
1421 1991 1822 2051 praetermiserat

4 2055 17 2099 ἶ
65 2081 110 2115 2⁶
134 2081 369 2127 quaerere
415 2067 469 2112 in
517 2065 751 2126 secunda,
800 2064 932 2126 quod
977 2065 1142 2112 vitans
1183 2062 1374 2125 Sibylla
1423 2064 1681 2124 praevenit
1721 2078 1822 2109 am-

133 2142 316 2202 putans
362 2155 527 2189 moras
576 2155 699 2201 quas
746 2140 912 2201 potuit
958 2138 1115 2186 altera
1165 2137 1425 2198 inquisitio
1472 2137 1647 2184 facere.
1725 2139 1822 2184 sta-

134 2230 287 2277 gnum
317 2214 475 2276 igitur
503 2212 630 2261 illud
663 2212 888 2275 Cocytos,
918 2211 1098 2274 inquit,
1128 2210 1277 2259 habet
1308 2227 1501 2270 nomen,
1532 2210 1676 2272 palus
1706 2224 1823 2258 vero

134 2303 262 2349 quae
303 2303 361 2335 ex
400 2287 741 2349 superfusione
782 2301 939 2347 aquae
979 2285 1193 2332 efficitur
1232 2284 1356 2346 Styx
1394 2284 1690 2346 appellatur,
1736 2299 1825 2344 per

257 2433 281 2472 1
321 2429 499 2473 habena
530 2428 585 2471 V.
644 2428 651 2486 Ι
707 2427 979 2471 haber-enam
1009 2425 1063 2469 V.
1233 2429 1256 2468 ‘¹1
1297 2438 1319 2466 s
1353 2424 1466 2469 billa
1510 2426 1582 2480 (ut
1618 2422 1822 2480 plerum-

133 2490 244 2545 que)
276 2487 331 2531 V.
375 2489 381 2544 Ι
431 2487 671 2544 tripartita
703 2486 775 2530 ed.
908 2489 933 2528 9
967 2485 1062 2541 ipse
1094 2485 1277 2528 animae
1381 2483 1451 2527 ed.
1587 2487 1639 2526 11
1675 2489 1821 2526 trans—

135 2547 360 2592 mitterent
397 2561 475 2591 eas
503 2545 547 2590 V
585 2547 1000 2590 transmitterentur
1037 2543 1108 2587 ed.
1292 2547 1345 2586 12
1375 2543 1510 2602 facta
1547 2545 1613 2585 est
1648 2539 1703 2585 V.

138 2609 193 2649 13
223 2619 281 2650 ne
310 2619 403 2663 qua
432 2605 475 2649 V
506 2619 620 2649 corr.
646 2604 718 2648 ed.
871 2607 926 2646 14
958 2603 1142 2657 differre
1164 2601 1206 2645 V
1238 2615 1352 2646 corr.
1379 2601 1450 2644 ed.
1615 2602 1668 2643 1‘1
1701 2599 1825 2644 aliae

133 2663 178 2709 V
208 2665 308 2710 alia
338 2665 412 2709 ed.
578 2667 632 2708 18
663 2663 727 2708 ad
757 2676 811 2706 ea
841 2675 956 2718 quae
986 2661 1027 2705 V
1059 2662 1123 2706 ad
1151 2674 1251 2706 eam
1276 2665 1455 2716 partem
1485 2672 1601 2715 quae
1631 2657 1703 2701 ed.

136 2727 194 2768 20
230 2724 313 2769 hoc
353 2725 560 2769 intermte
600 2722 999 2780 interroyationem
1036 2719 1080 2764 V
1123 2720 1243 2764 hanc
1287 2719 1530 2764 intermisit
1573 2717 1824 2774 inter-mya-

134 2783 302 2828 tionem
332 2782 424 2828 HO
458 2783 529 2827 ed.
561 2783 643 2826 hoc
672 2780 993 2824 inter-mittente
1023 2779 1377 2836 inter-royatione
1406 2790 1501 2822 nos.
1630 2779 1684 2819 81
1716 2775 1825 2830 fecit

135 2840 178 2885 V
208 2843 327 2897 facit
354 2841 446 2886 ΗΟ
478 2841 551 2886 ed.
594 2843 602 2897 Ι
650 2840 817 2895 referre
847 2838 889 2881 V
919 2838 1117 2893 referens
1147 2837 1235 2891 ed.,
1267 2836 1349 2881 sed
1381 2835 1438 2880 cf.
1471 2838 1629 2889 2539.
1663 2837 1826 2888 2621.

227 2903 283 2944 26
315 2901 480 2960 potuit.
507 2899 551 2944 V
584 2903 766 2956 poterat
803 2897 874 2942 ed.
1049 2900 1105 2941 27
1145 2901 1322 2955 cocytos
1358 2894 1401 2939 V
1440 2894 1596 2951 Cocyti
1633 2892 1704 2937 ed.

136 2963 196 3004 28
227 2961 352 3018 ietyae
381 2960 437 3005 V.
