2014 3226
759 158 764 165 ⁴
801 142 1104 187 AENEIDos
1139 145 1154 185 1
1755 145 1824 195 29

135 301 191 333 eo
232 284 330 332 dici
362 301 459 332 non
492 288 679 346 posset;
722 301 779 331 ex
813 284 1057 331 adulterio
1090 286 1221 331 enim
1256 286 1481 345 concepti
1512 301 1609 331 non
1644 285 1825 332 habent

135 360 413 422 legitimum
452 360 658 420 patrem.
738 358 943 419 proinde
985 358 1072 405 illa
1112 361 1185 406 est
1226 359 1434 419 pulchra
1473 359 1635 419 proles
1676 375 1825 419 quam

134 433 323 495 profert
362 433 568 480 honesta
602 432 899 480 coniunctio.
962 432 1053 479 hoc
1087 431 1191 479 loco
1225 433 1387 480 inanis
1420 432 1700 480 intellectus
1741 434 1825 480 ho·

139 506 292 553 mines
340 506 519 554 omisso
561 506 772 570 Vergilii
819 521 943 568 puro
991 508 1055 552 et'
1087 522 1203 554 vero
1252 506 1321 552 sic
1369 506 1728 568 suspicionibus
1775 509 1822 553 in

76 592 110 629 45
138 580 313 628 falsam
351 581 818 642 interpretationem*
852 579 1010 640 ducit,
1050 583 1106 626 ut
1146 580 1380 628 adserant
1418 581 1676 642 pulchram
1716 596 1827 642 pro-

134 655 231 702 lem
278 653 459 702 idcirco
499 655 738 702 Iunonem
787 654 1086 715 pollicitam,
1128 654 1263 715 quod
1301 654 1486 702 Aeolus
1526 654 1626 701 iam
1667 656 1827 716 turpis

134 728 261 776 filios
302 727 578 788 habuisset,
620 743 731 775 cum
771 729 896 775 Iuno
937 729 978 775 ei
1022 730 1071 774 et
1110 730 1340 790 perpetui
1378 730 1615 789 temporis
1656 730 1826 776 matri-

134 801 353 849 monium
394 803 703 864 promisisset
744 805 793 848 et
832 802 1092 864 pulchram
1125 803 1331 863 prolem,
1364 802 1454 849 hoc
1488 805 1562 850 est
1593 818 1692 850 non
1725 817 1827 850 cor-

135 876 282 939 poris,-
322 876 407 924 sed
447 878 640 940 generis
681 876 940 924 honestate
981 876 1278 924 decoratam.
1350 877 1560 937 denique
1604 877 1827 925 ostende-

70 967 112 999 ιο
135 965 255 997 mus>
274 950 533 1012 pulchram
563 951 754 1012 prolem
786 966 885 998 non
907 952 970 997 -in
1003 952 1221 1012 corporis
1254 952 1416 998 forma
1447 950 1687 998 Iunonem
1723 965 1827 998 esse

135 1024 433 1086 pollicitam,
489 1025 574 1072 sed
628 1024 680 1071 in
735 1025 842 1086 ipso
891 1025 1065 1072 matris
1112 1025 1319 1072 honesto
1369 1025 1632 1072 consortio.
1726 1025 1827 1072 alio

135 1098 318 1160 quippe
364 1100 418 1145 in
457 1099 565 1146 loco
607 1091 764 1164 (286)
799 1099 911 1160 ipse
950 1098 1230 1161 Vergilius,
1271 1114 1383 1145 cum
1423 1100 1667 1162 originem
1709 1098 1827 1146 Cae-

134 1171 258 1220 saris
299 1172 548 1220 adsereret
587 1188 617 1220 a
649 1173 877 1220 Troianis
897 1172 1200 1221 *descendere
1234 1175 1283 1220 et
1314 1173 1441 1220 hanc
1472 1175 1667 1235 partem
1699 1175 1830 1220 inter

133 1246 303 1293 laudes
351 1247 456 1295 eius
502 1249 729 1308 poneret,
785 1249 1039 1307 nascetur,
1085 1249 1272 1309 inquit,
1326 1247 1534 1308 pulchra
1582 1247 1828 1296 Troianus

70 1337 113 1369 15
136 1322 327 1384 origine
369 1320 562 1381 Caesar,
602 1322 793 1369 scilicet
831 1321 1038 1383 pulchra
1077 1337 1177 1368 non
1209 1337 1428 1383 corpore,
1462 1320 1547 1368 sed
1586 1322 1829 1368 natalium

135 1394 405 1443 honestate.
500 1395 591 1443 hoc
645 1395 753 1443 loco
805 1394 1059 1458 Vergilius
1113 1394 1257 1444 docet
1313 1395 1682 1443 contemnenda·
1726 1410 1829 1444 esse

135 1484 262 1530 quae
301 1469 433 1531 apud
472 1485 561 1518 nos
600 1485 782 1533 magna
823 1472 952 1530 sunt,
992 1471 1060 1517 utv
1088 1469 1399 1517 obtineamus
1452 1484 1578 1530 quae
1624 1485 1828 1532 magno-

135 1557 273 1604 pere,
301 1543 634 1591 desideramus
681 1543 875 1605 inpleri.
954 1541 1138 1591 Aeolus
1182 1545 1299 1592 hacc
1338 1547 1529 1592 contra:
1571 1543 1719 1605 ‘quod'
1747 1546 1830 1592 ⁴ait

137 1620 324 1677 contra,
355 1618 449 1666 hoc
488 1620 564 1665 est
601 1634 702 1666 non
738 1620 912 1665 contra
943 1618 1256 1666 voluntatem
1288 1617 1506 1678 Iunonis,
1539 1618 1625 1665 sed
1657 1621 1830 1666 contra

72 1707 115 1739 so
138 1691 310 1752 verba3
365 1692 527 1740 nolu-it
566 1692 752 1754 quippe
791 1693 838 1739 ei
875 1693 1012 1754 parti
1049 1691 1346 1754 respondere
1386 1707 1486 1754 qua
1524 1691 1649 1740 Iuno
1688 1706 1829 1754 prae-

136 1767 292 1813 mium
339 1760 583 1827 promisit.
653 1781 820 1827 *neque
867 1768 998 1814 enim
1044 1765 1172 1813 dixit
1218 1766 1342 1814 bene
1383 1782 1462 1814 me
1510 1767 1692 1827 accipis
1743 1769 1831 1814 aut

137 1841 326 1904 gratias
374 1855 469 1903 ago
515 1841 773 1902 promissis
821 1839 946 1900 tuis,
999 1856 1060 1887 ne
1116 1840 1370 1888 videretur
1422 1840 1575 1888 etiam
1616 1842 1726 1902 ripse
1763 1834 1831 1888 'ut
1884 1862 1888 1868 ·

137 1913 278 1962 Paris
325 1913 548 1962 libidinis
595 1930 797 1961 munere
843 1917 1141 1977 provocatus
1166 1913 1434 1962 *voluntati
1485 1914 1692 1962 Iunonis
1746 1914 1830 1962 ob-

138 1990 346 2036 secutus.
422 1986 545 2036 item
583 1983 811 2053 intellegi
850 1988 1002 2036 etiam
1041 1989 1111 2036 sic
1149 1991 1315 2050 potest
1355 1990 1542 2050 contra,
1582 1989 1703 2050 quia
1742 1988 1831 2036 illa

30 2106 38 2117 ,
72 2078 114 2111 25
138 2061 264 2109 dixit
308 2077 523 2124 namque
569 2062 664 2110 tibi
706 2062 888 2110 divum
942 2064 1086 2125 pater
1139 2066 1288 2124 atque
1342 2063 1600 2110 hominum
1650 2079 1735 2110 rex
1778 2066 1832 2110 ot

138 2136 351 2184 mulcere
392 2136 530 2184 dedit
566 2136 744 2185 fluctus
785 2138 837 2184 et
873 2136 1048 2185 tollere
1088 2139 1261 2198 vento,
1307 2137 1430 2185 item
1475 2136 1604 2186 dixit
1636 2138 1831 2197 ‘victos-

71 2206 73 2209 '
139 2225 234 2272 que
285 2213 503 2272 penates.
579 2210 765 2258 Aeolus
819 2226 936 2275 ergo
992 2211 1240 2272 quomodo
1296 2213 1468 2259 contra
1518 2210 1832 2272 responderi-t

139 2283 458 2345 disseramuS,
497 2283 583 2332 sed
620 2285 782 2346 primo
822 2284 1091 2335 videndum
1130 2287 1206 2332 est
1244 2284 1491 2348 quomodo
1530 2286 1683 2333 etiam
1706 2286 1831 2348 -ipse

139 2357 419 2407 benivolam
464 2359 605 2419 fecit,
653 2360 726 2407 ait
771 2361 916 2407 enim.
950 2363 1084 2415 tems,
1124 2372 1151 2406 0
1190 2361 1382 2420 reama,
1430 2360 1548 2418 quid
1586 2363 1720 2418 optes
1755 2367 1832 2407 ea)-

31 2459 43 2486 a
73 2444 119 2481 ω
133 2431 333 2492 plorare
371 2433 521 2487 labor,
552 2433 672 2481 mihi
708 2435 847 2481 iussa
887 2444 1144 2494 capessere·
1158 2434 1252 2493 'fas
1290 2437 1369 2482 est.
1411 2435 1490 2480 -ut
1529 2435 1618 2494 est,
1647 2433 1832 2494 inquit,

161 2630 167 2637 ·
223 2631 229 2634 -
260 2608 283 2646 1
317 2604 524 2647 adultero
555 2603 627 2647 ed.
737 2604 953 2648 amomis
983 2603 1069 2647 LR
1100 2605 1248 2648 maior
1279 2604 1350 2648 ed.
1380 2606 1386 2659 Ι
1412 2604 1610 2648 hominis
1640 2603 1727 2646 LR
1758 2603 1830 2647 ed.

141 2666 242 2706 -nee
266 2676 302 2705 r.
425 2667 453 2704 4
485 2662 651 2707 amisso
683 2662 755 2706 ed.
814 2665 820 2720 Ι
876 2663 1242 2720 supplicionibus
1272 2663 1315 2706 R
1345 2675 1460 2706 corr.
1491 2675 1527 2705 r.
1610 2677 1614 2680 ⁴
1640 2667 1675 2706 -7
1709 2662 1839 2707 Iwno

51 2718 60 2723 “
142 2718 232 2764 LR.
249 2722 360 2766 -vivo
391 2721 462 2765 ed.
648 2726 702 2765 16
735 2721 861 2766 docet
889 2721 977 2765 LR
1007 2722 1558 2766 d.non-edF.17
1580 2722 1720 2777 apud
1749 2728 1834 2767 ‘nos

142 2793 271 2836 quae·
289 2779 361 2824 od.
454 2784 539 2824 --19
573 2781 654 2825 hoc
684 2786 750 2826 est
777 2780 955 2826 inserui
987 2781 1047 2824 ad
1078 2780 1345 2838 exemplum
1376 2796 1416 2824 v
1435 2784 1494 2823 67
1525 2779 1830 2837 aliorumque

231 2843 300 2883 25-
316 2840 435 2884 dicit
465 2839 535 2882 ed.
659 2843 716 2882 26
746 2845 901 2885 ventos
930 2840 1003 2884 ed.
1039 2841 1060 2897 Ι
1083 2842 1264 2885 item—
1281 2844 1336 2884 27
1362 2844 1552 2897 penates
1582 2853 1685 2883 om.
1699 2840 1770 2884 ed
1815 2840 1836 2868 ·'

60 2863 70 2895 ἶ
146 2901 202 2941 28
228 2898 402 2955 p⁹¹6mo
411 2898 499 2944 LR
523 2899 662 2954 prius
693 2899 766 2942 ed
872 2904 959 2943 29
992 2900 1246 2944 benivolum
1277 2900 1385 2954 fecit
1413 2897 1510 2941 -LR-
1530 2908 1600 2943 36
1596 2895 1833 2990 inter-pos

58 2959 73 3019 ι’
144 2956 217 2999 ed.
249 2957 499 3003 benivolam
530 2970 616 3002 nos
648 2957 741 3016 (οὲἵ-
758 2962 857 3002 872.
883 2961 1009 3015 522).
