2014 3226
196 157 303 209 286
662 154 894 198 DONATI
924 154 1204 198 INTERPR.
1238 154 1418 200 VERG.

195 301 352 351 nates,
409 310 526 355 quos
579 309 762 342 meeum
818 310 848 341 a
899 294 1048 341 Troia
1101 295 1362 352 mediisque
1410 309 1465 342 ex
1510 295 1704 354 mnibus
1749 296 1887 343 urbis

109 377 194 415 150
212 371 487 423 eoetuleram,
528 370 620 415 ‘cisi
653 372 763 415 ante
795 369 954 414 oculos
986 369 1181 415 adstare
1211 370 1412 416 iacentis
1443 369 1678 416 insomnis
1708 367 1886 429 [multo

195 444 441 503 mamfestz‘
487 440 720 502 lumineJ:
780 442 990 488 virtutes
1046 443 1200 488 animi
1247 442 1324 489 sui
1371 445 1420 488 et
1465 443 1697 489 meritum
1747 444 1887 490 iuxta

197 518 310 565 deos
374 517 506 563 omni
568 516 822 562 occasione
884 515 1194 562 commendat
1248 519 1311 572 et*
1351 515 1601 564 subtiliter
1654 516 1884 577 praefert.

197 590 552 638 dormientibus
610 591 793 650 quippe
855 588 1084 637 omnibus
1147 589 1444 636 animalibus
1500 591 1551 636 et
1604 591 1887 651 conpetenti

196 668 415 725 tempore
462 663 562 709 iam
611 664 791 724 quietis
841 663 971 710 solus
1000 700 1194 709 ......
1242 679 1396 724 prope
1442 663 1657 726 pervigil
1703 663 1776 710 fui
1823 665 1886 724 et,

195 739 313 785 licet
358 738 590 796 iacerem,
638 736 872 784 arcebant
909 739 1077 784 tamen
1117 736 1177 784 ab
1220 737 1372 784 oculis
1413 738 1533 784 meis
1573 737 1774 798 plenum
1815 737 1886 784 di-

195 827 366 859 versae
399 810 761 858 sollicitudines
794 826 1043 870 somnum3
1075 812 1276 871 repente
1311 812 1654 872 apparuerunt
1685 810 1886 859 deorum

195 887 436 947 imagines
478 899 661 945 sacrae,
700 884 903 931 illorum
943 884 1131 931 scilicet
1171 899 1294 945 quos
1334 884 1497 932 medio
1531 885 1710 932 Troiae
1750 884 1887 932 fiam-

193 960 376 1006 mantis
430 958 658 1005 incendio
712 960 859 1019 rapui
913 960 963 1004 et
1016 973 1207 1006 mecum
1259 959 1462 1021 sustuli,
1518 974 1575 1006 ac
1628 958 1886 1006 reddentes
1913 978 1957 1010 ιο

192 1034 384 1081 meritis
430 1033 589 1079 vicem
636 1033 688 1078 in
737 1034 1001 1093 conspectu
1048 1047 1156 1079 meo
1204 1032 1597 1080 manifestissimi
1636 1032 1734 1081 visi
1772 1035 1889 1080 sunt

194 1106 485 1154 constitisse.
549 1122 609 1153 ne
643 1108 815 1153 contra
852 1105 1108 1167 superiora
1146 1106 1340 1154 locutus
1380 1107 1632 1154 videretur
1671 1101 1888 1172 (dixerat

194 1182 324 1228 enim
370 1182 567 1228 noctem
605 1180 757 1227 fuisse
799 1195 855 1226 ac
894 1195 982 1240 per
1019 1180 1112 1227 hoc
1150 1173 1404 1246 tenebras)
1453 1180 1648 1227 addidit
1694 1195 1792 1240 qua
1838 1196 1888 1229 se

183 1256 337 1314 plena
373 1269 468 1313 per
513 1255 722 1301 'insertas
766 1254 1003 1312 fundebat
1047 1253 1169 1300 luna
1210 1256 1462 1315 fenestras.
1539 1254 1669 1315 inde,
1707 1254 1885 1317 inquit,

193 1329 289 1375 fuit
335 1344 424 1390 per
469 1330 664 1376 noctem
710 1328 878 1375 lumen
925 1327 1195 1376 maximum
1236 1343 1335 1389 qua
1373 1329 1492 1375 luna
1531 1329 1759 1376 fenestris
1800 1344 1884 1390 pa-

196 1402 411 1449 tentibus
451 1402 597 1463 pleno
638 1401 754 1449 orbe
795 1401 949 1450 oculis
989 1403 1111 1449 meis
1153 1401 1427 1463 apparebat
1466 1401 1673 1450 obiecta.
1750 1403 1885 1450 locus

191 1477 284 1523 iste
334 1478 383 1523 et
431 1476 582 1523 alium
631 1475 856 1523 admittit
902 1475 1233 1535 intellectum,
1279 1478 1338 1523 ut
1383 1493 1412 1522 a
1460 1476 1669 1524 diaeresi
1707 1477 1886 1524 dixerit

191 1550 243 1596 in
284 1551 490 1611 somnis,
537 1550 630 1597 hoc
677 1553 752 1596 est
797 1551 854 1596 ut
897 1551 1149 1597 somnians
1189 1550 1381 1597 videret
1420 1551 1699 1598 claritatem
1737 1551 1885 1598 lunae

193 1626 242 1671 et
281 1623 395 1671 deos
433 1625 568 1685 ipsos
607 1624 745 1670 velut
783 1623 1033 1684 loquentis
1073 1623 1270 1671 audiret
1308 1626 1359 1672 et
1388 1624 1580 1672 videret
1609 1626 1884 1685 praesentis

192 1698 358 1745 lumen
395 1697 765 1758 praestantibus
804 1697 957 1746 radiis
996 1698 1158 1745 lunae.
1233 1701 1335 1745 tum
1364 1700 1434 1746 sic
1466 1699 1636 1758 adfari
1668 1702 1711 1746 et
1741 1713 1886 1746 curas

191 1772 268 1819 his
298 1772 483 1820 demere
515 1773 679 1819 dictis:
717 1787 778 1818 ne
810 1772 1022 1819 ulterius
1055 1772 1185 1819 curis
1215 1771 1583 1820 recurrentibus
1614 1773 1884 1836 frangerer,

191 1845 268 1894 his
300 1845 462 1894 verbis
487 1883 498 1892 .
525 1882 534 1892 .
561 1885 571 1895 .
600 1884 607 1891 .
636 1863 669 1893 ,ε
710 1846 837 1905 quod
868 1846 954 1893 tibi
984 1846 1140 1893 delato
1175 1845 1426 1907 Ortyyiam
1457 1847 1677 1894 dicturus
1707 1844 1885 1906 Apollo
1977 1853 1992 1897 '.

106 1922 190 1962 155
208 1922 297 1975 est,
341 1920 418 1967 hie
463 1920 595 1966 cauit
641 1922 684 1967 et
726 1923 814 1967 tua
859 1934 948 1967 nos
996 1934 1054 1967 eu
1099 1920 1227 1967 ultro
1275 1920 1341 1967 ad
1378 1920 1553 1968 limina
1590 1922 1745 1967 mittit.
1822 1936 1883 1967 ne

192 1993 473 2040 cumulatus
521 1993 729 2056 geminis
777 1993 1080 2041 discursibus
1126 1994 1268 2041 labor
1312 1997 1363 2042 te
1409 2009 1578 2042 rursus
1627 1994 1689 2040 ad
1736 1992 1882 2056 Orty—
1972 1994 1980 2033 Ξ

192 2067 326 2130 giam
371 2069 571 2115 revocet
617 2070 767 2129 atque
814 2067 987 2116 eadem
1034 2083 1161 2129 quae
1206 2069 1552 2116 transmiseras
1599 2069 1760 2116 maria
1809 2069 1882 2116 in-

1912 1347 1954 1380 1⁵

311 2256 336 2294 2
370 2251 565 2296 iacentes
595 2251 693 2295 LR.
735 2256 740 2307 Ι
782 2253 1007 2298 insomnis
1037 2252 1203 2309 scripsi
1234 2255 1428 2310 propter
1458 2252 1650 2309 interpr.
1694 2254 1700 2312 Ι
1742 2253 1885 2298 multo

192 2335 247 2341 —
267 2313 292 2353 3
327 2310 496 2354 lumine
528 2310 660 2354 deest
690 2311 739 2354 in
771 2311 871 2367 LR,
905 2313 987 2355 sed
1019 2312 1293 2368 explicatur.
1455 2317 1482 2354 4
1513 2313 1688 2368 profert
1718 2313 1790 2356 ed.

193 2372 218 2411 5
244 2370 391 2412 omnis
413 2368 455 2411 R
478 2383 590 2413 corr.
609 2384 644 2414 r.
739 2375 764 2414 6
789 2372 942 2426 iuquit
963 2373 1072 2428 post
1093 2372 1217 2416 solus
1241 2371 1468 2423 desidero,
1494 2384 1640 2427 quare
1663 2371 1883 2415 lacunam

193 2427 387 2482 signavi.
498 2432 553 2471 10
583 2429 814 2473 reddentis
837 2429 924 2473 LR
947 2436 1032 2474 -tes
1062 2445 1085 2472 r
1109 2431 1180 2474 ed.
1291 2435 1344 2474 11
1377 2432 1488 2475 meis
1511 2430 1598 2473 LR
1627 2431 1801 2475 meritis
1823 2446 1880 2475 m.

192 2486 287 2529 edF
321 2487 491 2531 meritis
520 2500 618 2531 nos,
724 2493 777 2531 12
810 2503 866 2533 ‘ne
888 2489 976 2532 LR
1008 2495 1048 2533 et
1077 2504 1134 2533 ‘ne
1163 2488 1214 2532 r'.
1317 2493 1372 2533 15
1406 2504 1497 2546 qua
1527 2489 1614 2532 LR
1645 2491 1756 2546 quia
1785 2489 1835 2533 r'.
1873 2489 1878 2547 Ι

190 2546 413 2599 fenestras
443 2545 485 2588 R
517 2548 620 2590 -tris
650 2561 685 2589 r.
822 2552 876 2591 16
909 2549 1104 2592 loeus—
1125 2554 1179 2592 18
1213 2549 1350 2592 lunae
1380 2548 1555 2605 partim
1586 2562 1674 2592 om.
1707 2548 1883 2606 partim
1922 2592 1928 2596 ,

190 2605 304 2648 mut.
338 2604 409 2648 ed.
594 2610 645 2648 17
679 2610 722 2650 et
752 2607 897 2656 alium
926 2606 970 2649 R
1007 2613 1072 2652 est
1100 2623 1143 2652 a.
1176 2607 1226 2651 L.
1277 2606 1285 2666 Ι
1340 2607 1595 2652 sivelectum
1624 2607 1712 2651 LR
1749 2608 1882 2652 intel-

191 2663 351 2707 lectum
381 2678 416 2706 r.
447 2664 453 2719 Ι
481 2664 725 2708 adderetur
748 2665 836 2708 LR
866 2681 896 2710 a
920 2667 1116 2711 diaeresi
1145 2681 1243 2710 nos.
1273 2669 1279 2723 Ι
1307 2666 1478 2711 dixerit
1498 2666 1586 2709 LR
1616 2667 1800 2711 dixerat
1825 2665 1878 2710 r'.

253 2726 308 2766 18
340 2722 456 2766 desit
485 2723 622 2767 lunae
652 2722 739 2766 LR
769 2725 876 2767 dein
909 2725 935 2767 Ζ.
961 2739 985 2767 r
1016 2739 1072 2769 ex
1095 2726 1223 2770 elerit
1246 2727 1399 2769 ortum
1423 2727 1553 2782 puto,
1579 2725 1691 2781 quia
1715 2725 1747 2769 d
1769 2726 1818 2769 et
1839 2725 1882 2770 cl
1927 2744 1929 2753 2

191 2782 239 2824 et
262 2780 380 2824 alibi
412 2781 487 2837 (cf.
515 2785 556 2835 9,
571 2783 675 2839 306>
705 2785 1000 2838 permutatae
1025 2787 1148 2839 sunt,
1173 2798 1318 2841 quare
1342 2785 1594 2829 claritatem
1619 2784 1879 2840 emendavi,
1927 2799 1930 2838 ἦ

191 2838 231 2882 si
262 2839 453 2896 quidem
483 2839 534 2882 in
564 2840 651 2883 LR
680 2842 847 2885 trunca
879 2841 1032 2897 verba,
1071 2857 1193 2900 quae
1225 2843 1398 2888 archet.
1431 2842 1653 2887 habuisse
1679 2843 1877 2898 videtur,
1927 2839 1930 2847 ’

189 2910 416 2955 persaepe
447 2901 707 2943 occurrunt.
867 2905 922 2944 22
955 2903 1064 2958 post
1093 2903 1240 2947 verbis
1273 2902 1454 2957 aliquid
1485 2903 1713 2946 excidisse
1742 2903 1880 2965 patet

191 2957 365 3002 locutus
395 2962 459 3002 est
490 2958 691 3002 absurde
722 2958 939 3016 interpol.
966 2961 1038 3004 ed.
1064 2962 1316 3017 alloquitur
1345 2974 1439 3005 non
1461 2961 1617 3005 minus
1641 2961 1802 3017 inepte
1822 2959 1875 3005 κέ»
