2014 3226
778 156 1080 200 AENEIDos
1111 156 1154 199 11
1705 158 1811 210 2:29

125 297 294 345 labore
327 298 543 343 sectaris.
604 311 810 357 cumque
843 312 972 344 vana
1006 299 1054 344 et
1085 313 1182 345 non
1207 298 1471 358 profutura
1493 299 1814 358 persequeris,

126 387 296 418 curam
327 371 486 418 nostri
516 371 717 431 penitus
750 371 975 418 sensibus
1007 371 1237 418 reiecisti.
1299 371 1493 418 addidit
1524 371 1675 419 etiam
1706 386 1813 432 per-

126 460 298 494 sonam
346 459 485 491 suam
531 445 755 504 personis
802 444 1118 504 mortalibus,
1172 461 1272 492 non
1321 461 1416 507 quo
1463 446 1575 506 ipsa
1621 460 1815 506 quoque

126 518 319 580 aliquid
359 519 467 579 pati
505 519 694 578 posset,
742 517 827 564 sed
867 518 985 579 quia
1022 519 1133 579 ipsa
1171 519 1446 566 feriebatur
1483 519 1536 566 in
1575 519 1817 578 omnibus,

81 611 102 642 5
126 595 170 641 si
206 594 457 652 maritum,
495 591 668 651 filium,
707 608 887 638 nurum
926 592 1153 653 perderet
1193 595 1280 640 aut
1318 596 1562 654 nepotem.
1639 594 1819 654 incipit

127 667 228 714 iam
268 666 577 729 singulorum
617 680 792 712 causas
833 681 1133 726 enumerare,
1171 666 1347 727 quibus
1389 667 1620 714 ostendat
1658 668 1817 714 omnis

128 740 362 803 periculis
402 742 687 801 oportunos,
726 740 822 786 nisi
863 739 1050 787 cunctis
1091 741 1426 788 subveniatur.
1487 755 1599 796 non,
1640 741 1818 802 inquit,

119 817 268 874 prius
299 816 504 873 aspicies
536 814 620 861 ubi
650 815 832 874 fessum
859 817 1011 861 aetate
1033 818 1289 873 parentem
1330 816 1526 875 liqueris
1556 814 1817 869 Anchisen,

128 887 349 949 [superet
386 890 658 935 coniunxne
701 887 885 935 Creusa
923 886 1262 947 Ascaniusque
1291 890 1454 948 puer?
1501 903 1617 948 quos
1664 890 1819 936 omnis

61 981 104 1013 10
127 963 340 1022 undique
381 961 568 1010 Graiae
607 963 787 1009 circum
827 966 995 1009 errant
1033 964 1159 1010 acies
1199 966 1260 1018 et,
1307 965 1360 1010 ni
1398 977 1505 1011 mea
1544 978 1664 1010 eura
1702 965 1818 1010 resi·

125 1039 234 1092 stat,
273 1038 375 1084 iam
412 1037 642 1094 flammae
673 1036 870 1083 tulerint
899 1037 1126 1084 inimicus
1158 1039 1200 1084 et
1228 1038 1445 1084 hauserit
1475 1035 1656 1098 ensiss·
1694 1051 1804 1085 ecce
1822 1040 1909 1080 600

127 1111 254 1158 dixit
300 1125 487 1170 senem,
541 1109 601 1157 de
649 1111 868 1172 corporis
917 1112 1084 1157 autem
1132 1110 1255 1159 vitio
1302 1112 1474 1158 tacuit.
1553 1127 1639 1158 cur
1688 1112 1818 1158 enim

127 1184 312 1231 diceret
358 1186 405 1231 ei
452 1186 538 1244 qui
583 1185 743 1245 patris
786 1186 976 1243 nosset,
1017 1187 1067 1231 et
1107 1199 1218 1232 cum
1258 1184 1505 1232 sufficeret
1544 1186 1723 1232 aetatis
1762 1201 1821 1232 ex

128 1275 228 1320 qua
275 1274 467 1319 semper
506 1261 581 1306 est
619 1257 795 1306 debilis
842 1261 1088 1319 senectus,
1136 1259 1335 1306 etiamsi
1382 1259 1521 1306 nullo
1569 1259 1693 1306 vitio
1742 1275 1820 1306 ex-

62 1351 102 1382 15
126 1334 368 1380 trinsecus
423 1330 816 1394 praegravetur?
903 1335 1102 1394 superet
1156 1334 1430 1381 coniunxne
1480 1331 1661 1380 Creusa
1713 1348 1819 1380 ver-

127 1406 331 1454 tendum
372 1409 446 1454 est
486 1409 536 1453 et
572 1409 785 1454 rectum:
826 1422 890 1454 an
929 1410 1131 1468 superet
1169 1409 1381 1454 coniunx
1422 1406 1625 1467 Creusa,
1670 1422 1821 1468 quam

129 1481 390 1529 constabat
429 1496 572 1528 sexus
609 1483 805 1528 ratione
845 1481 939 1528 sibi
979 1481 1150 1529 adesse
1188 1497 1288 1528 non
1326 1497 1484 1543 posse.
1554 1480 1821 1528 Ascanius-

129 1571 223 1616 que
261 1571 407 1616 puer,
450 1570 540 1602 nec
579 1555 786 1603 consilio
825 1555 957 1602 filius
997 1570 1087 1602 nec
1124 1571 1214 1617 per
1252 1557 1468 1603 aetatem
1508 1570 1599 1603 sua
1635 1556 1821 1602 virtute

26 1623 38 1652 Γ
127 1630 361 1676 munitus.
440 1644 552 1676 cum
597 1629 719 1677 haec
764 1631 1021 1692 proponit,
1067 1630 1162 1677 hoc
1214 1629 1413 1678 videtur
1467 1628 1648 1676 dicere:
1703 1628 1823 1676 dum

33 1720 106 1752 (τεο
129 1705 325 1766 quaeris
380 1704 575 1751 vincere
632 1719 754 1764 quos
806 1719 907 1750 non
960 1706 1125 1765 poteS,
1178 1703 1352 1765 perdes
1398 1705 1514 1750 tuos
1561 1702 1624 1750 ad
1675 1718 1822 1764 quem

127 1779 317 1840 postea,
357 1792 468 1824 cum
506 1779 822 1840 pugnaveris,
860 1776 1145 1826 rediturus?
1199 1777 1421 1825 cumulat
1450 1776 1680 1824 terrendo
1711 1792 1822 1838 per-

129 1853 409 1900 suasionem
449 1867 591 1899 suam
630 1854 694 1912 et,
725 1868 786 1899 ne
827 1852 1106 1913 desperatio
1137 1853 1310 1913 utique
1341 1852 1627 1899 interritum
1661 1851 1822 1914 magis

131 1925 373 1974 alienaret
424 1927 523 1974 viri
577 1926 721 1974 fortis
769 1927 1015 1986 animum,
1066 1927 1265 1973 nuntiat
1319 1941 1470 1987 opera
1524 1940 1615 1972 sua
1662 1925 1823 1973 omnis

130 2015 235 2048 esse
270 1999 558 2060 incolumis,
609 1999 696 2048 sed
742 2016 799 2048 ex
844 1999 1165 2062 proximitate
1203 2000 1475 2047 multorum
1511 1998 1731 2047 hostium
1769 1999 1822 2045 in

25 2091 108 2130 ωτι
130 2089 321 2122 summo
377 2074 661 2122 discrimine
717 2075 1015 2122 constitutos
1069 2073 1425 2121 inminentibus
1479 2073 1560 2121 vel
1609 2073 1824 2120 maxime

129 2148 357 2195 incendio
403 2148 483 2195 vel
530 2147 757 2196 fiammis.
842 2163 942 2196 non
987 2149 1073 2196 tibi
1122 2148 1424 2209 Tyndaridis
1467 2148 1620 2207 facies
1661 2148 1824 2194 invisa

251 2324 276 2363 2
302 2321 479 2376 penitis
509 2319 544 2362 L
576 2321 738 2364 reditis
767 2319 810 2362 R
834 2334 920 2376 per
921 2319 1032 2364 ditis
1061 2333 1086 2362 r
1115 2320 1257 2363 erutis
1288 2318 1359 2362 ed.
1468 2322 1496 2360 4
1527 2332 1572 2362 se
1604 2318 1715 2374 quia
1738 2316 1825 2360 LR

131 2390 246 2421 corr.
277 2393 315 2422 1·
438 2383 463 2422 7
496 2381 671 2424 cunetis
699 2380 783 2424 sub
816 2392 923 2422 cum
954 2377 1110 2435 spatio
1142 2379 1248 2421 octo
1279 2377 1545 2421 litterarum
1575 2332 1631 2420 Ῑι(1
1641 2373 1826 2421 cunctos

129 2438 213 2482 sub
236 2437 279 2480 R
309 2440 485 2482 eunctis
514 2438 771 2483 subveniret
800 2453 824 2480 r
853 2440 1029 2482 eunetis
1058 2438 1356 2482 subveniatur
1384 2450 1469 2480 nos
1502 2438 1677 2480 temere
1707 2437 1822 2479 mut.

254 2497 261 2555 Ι
318 2498 338 2540 i
338 2499 470 2553 nquit
509 2511 598 2541 om.
631 2498 702 2542 ed.
887 2501 913 2540 8
944 2501 1266 2553 superet—11
1307 2498 1429 2541 ensis
1466 2495 1599 2539 deest
1635 2495 1684 2538 in
1722 2493 1825 2548 LR,

131 2495 216 2598 sed
247 2555 541 2612 explicantur
571 2570 728 2600 versus
761 2560 997 2600 598—600
1027 2555 1182 2599 verbis
1213 2556 1418 2600 cumulat
1448 2557 1534 2598 etc.
1655 2558 1710 2596 13
1734 2567 1824 2625 pa-

121 2615 288 2659 tm‘e—
305 2617 470 2660 aetatis
492 2615 581 2660 LR
619 2616 819 2673 (scilicet
847 2617 1028 2671 vitium)
1068 2621 1110 2660 et
1147 2614 1237 2659 del.
1271 2629 1295 2657 r
1324 2628 1482 2659 omma
1511 2611 1758 2657 substituit
1785 2610 1822 2656 τ’

127 2678 380 2729 patrem—
395 2680 523 2719 aetas
553 2675 624 2720 ed.
791 2679 965 2719 15—16
997 2674 1323 2719 advertendum
1353 2678 1417 2718 est
1446 2678 1490 2717 et
1517 2677 1631 2716 reete
1661 2670 1733 2715 ed,

426 2739 447 2778 t
481 2733 525 2777 R
564 2747 679 2778 corr.
711 2748 747 2778 ι·.
931 2738 988 2777 20
1035 2747 1162 2790 quem
1201 2732 1290 2776 LR
1334 2745 1445 2789 quos
1490 2731 1564 2776 ed.
1610 2729 1824 2785 (interro-

62 2816 65 2818 ·
131 2791 291 2849 gative
337 2793 694 2851 accipiendum).
878 2797 931 2836 21
979 2794 1215 2838 rediturus
1251 2791 1340 2835 LR
1383 2806 1422 2836 r.
1460 2804 1557 2834 non
1600 2802 1646 2834 es
1690 2788 1763 2832 ed
1814 2788 1820 2847 Ι

76 2894 81 2895 ⁷
132 2852 339 2895 terrendo
369 2851 460 2895 LR
487 2852 691 2897 tessendo
720 2851 765 2895 H
796 2852 986 2897 texendo
1018 2851 1069 2895 0
1088 2851 1159 2895 ed.
1328 2855 1384 2895 22
1424 2854 1560 2907 atque
1588 2849 1824 2893 interitum

132 2907 221 3012 ἒξ
251 2924 310 3012 εἴ.
349 2912 564 3014 :interitus
609 2910 734 2955 rHO
774 2911 845 2956 ed.
886 2911 1043 2968 utique
1081 2911 1340 2955 inter-ntum
1377 2922 1476 2953 nos.
1657 2911 1715 2951 26
1757 2906 1834 2951 vel⁴

60 2995 65 2998 -
323 2982 349 3013 e

27 2536 41 2592 0„
28 2453 69 2496 ᾗ,
33 2239 43 2268 „

52 2741 59 2761 ,.
28 2597 59 2696 *ff*
