2014 3226
758 183 1058 228 Anxuinos
1093 186 1131 228 v
1687 193 1793 244 459

111 322 270 383 magis
309 320 431 368 Niso
471 321 750 382 proximum
803 324 950 369 fuisse
1001 342 1146 385 quam
1190 327 1427 388 Euryalo.
1477 330 1590 376 licet
1638 331 1793 378 adluis·

111 395 379 456 plurimum
432 396 662 454 restaret,
720 397 908 442 scilicet
955 402 1011 443 ut
1058 399 1189 459 quod
1239 405 1352 448 ante
1395 402 1582 449 Salium
1632 406 1793 451 fuerat

111 484 207 515 non
248 471 444 515 tantum
476 469 724 530 prolixum
757 470 930 517 fuisset
964 487 1113 532 quam
1147 474 1243 520 fuit
1274 476 1404 535 quod
1440 491 1467 522 a
1494 480 1630 538 tergo
1664 479 1793 524 inter

108 543 272 603 ipsum
299 544 348 588 et
368 542 643 603 Euryalum
665 542 971 590 tendebatur.
1029 546 1220 593 Primus
1256 548 1410 610 igitur
1441 551 1603 596 fuerat
1628 551 1792 610 Nisus,

61 632 84 665 5
109 615 350 663 Secundus
386 615 563 676 Salius,
597 616 845 677 Euryalus
878 618 1066 665 tertius.
1138 622 1353 680 spatium
1387 640 1482 683 quo
1518 624 1791 684 Euryalum

107 692 440 750 praecesserat
478 690 629 737 Nisus
668 690 869 737 tenebat
910 691 1071 738 Salius
1112 694 1348 754 medium,
1404 698 1470 743 sic
1520 700 1682 744 tamen
1735 701 1792 745 ut

106 763 418 824 praecedenti
457 764 579 811 Niso
618 766 778 827 magis
819 781 968 825 quam
1015 770 1239 827 sequenti
1279 769 1495 830 Euryalo
1542 772 1791 832 proximus

105 836 369 885 videretur.
432 838 806 898 Euryalumque
829 839 1067 899 Helymus
1105 844 1332 899 sequitur,
1372 859 1462 902 quo
1501 845 1671 890 deinde
1699 846 1789 892 sub

103 913 210 970 ipso
250 926 350 959 ecee
387 913 518 959 volat
554 912 822 971 calcemque
854 915 961 959 terit
989 915 1091 960 iam
1123 916 1248 962 calce
1279 917 1479 964 Diores:
1518 918 1788 979 Euryalum

37 1002 81 1035 10
105 984 405 1046 sequebatur
434 985 690 1046 Helymus,
715 986 982 1047 Helymum
1013 986 1188 1035 Diores
1221 992 1368 1050 atque
1400 990 1486 1050 ita,
1520 995 1575 1039 ut
1606 992 1788 1039 calcem

103 1059 444 1120 praecedentis
491 1061 737 1120 posterior
782 1062 986 1120 tereret,
1037 1061 1126 1109 hoc
1174 1066 1247 1109 est
1293 1067 1488 1111 tantum
1536 1067 1787 1127 proximus

102 1133 257 1194 priori
281 1133 526 1194 posterior
557 1134 676 1193 fuit,
716 1136 774 1180 ut
805 1134 951 1195 pedes
984 1135 1111 1195 eius,
1152 1136 1267 1183 dum
1301 1137 1586 1185 coniunctus
1619 1155 1785 1199 seque—

25 1317 46 1325 ..
102 1295 272 1328 umero
321 1297 518 1343 quoque
565 1281 799 1329 trudebat
844 1282 1206 1344 perdurantem.
1282 1287 1443 1344 spatia
1483 1290 1522 1333 et
1560 1289 1603 1333 si
1639 1288 1786 1345 plura

21 1370 79 1405 aus
100 1357 366 1414 supersint,
414 1359 633 1403 transeat
677 1355 872 1415 elapsus
912 1359 1055 1416 prior
1101 1358 1472 1419 ambiyuzcmque
1521 1361 1786 1418 relinquat:

102 1445 404 1491 quamquam
434 1429 581 1491 plura
613 1431 779 1490 spatia
808 1433 1054 1478 restarent
1086 1431 1262 1492 quibus
1293 1434 1503 1480 transire
1528 1435 1784 1494 potuisset,

99 1503 354 1551 nitebatur
390 1506 574 1563 tamen,
614 1506 672 1550 ut
712 1506 903 1551 certum
943 1504 1002 1551 de
1034 1520 1118 1566 spe
1150 1506 1386 1553 victoriae
1417 1507 1600 1554 faceret
1631 1508 1784 1554 incer-

24 1598 31 1616 ··
100 1578 221 1624 tum.
298 1579 492 1638 iamque
529 1579 630 1638 fere
667 1580 824 1638 spatio
865 1581 1082 1634 extrema
1122 1578 1311 1627 scilicet
1342 1595 1438 1641 quo
1472 1580 1533 1627 ad
1565 1580 1782 1642 palmam

25 1646 29 1663 '
98 1651 265 1712 potuit
295 1651 559 1713 perveniri,
597 1653 807 1711 fessique
844 1653 933 1699 sub
957 1654 1117 1711 ipsam
1146 1654 1291 1711 finem
1323 1654 1661 1708 adventabant,
1692 1655 1783 1701 leri

98 1739 209 1773 eum
252 1727 492 1787 sanquine
528 1726 685 1774 Nisus
734 1727 917 1774 labitur
964 1727 1160 1785 infelix:
1215 1727 1314 1774 levi
1371 1743 1481 1774 cum
1531 1729 1783 1791 sanguine,

99 1815 244 1860 quem
282 1802 417 1847 terra
455 1815 556 1847 non
593 1799 799 1848 bibisset
838 1802 886 1847 et
925 1802 1055 1847 inter
1093 1800 1268 1848 herbas
1301 1802 1583 1864 congelatus
1616 1817 1780 1862 super-

98 1875 247 1935 esset,
293 1873 484 1922 labitur
520 1874 715 1933 infelix,
761 1876 934 1935 utpote
974 1874 1059 1936 qui
1098 1889 1213 1922 casu
1251 1874 1544 1936 perdidisset
1582 1875 1782 1922 virtutis

26 1983 38 2011 ζ,
97 1947 306 2011 insigne.
399 1963 548 1996 causa
600 1948 855 2012 sanguinis
906 1949 1047 1995 effusi
1093 1947 1295 1995 dicitur:
1349 1950 1503 1996 caesis
1556 1952 1608 1995 ut
1660 1950 1783 2008 forte

38 2096 41 2097 ⁷
98 2094 225 2143 duae
262 2096 465 2143 fuerunt
509 2097 680 2158 lapsus
727 2111 927 2156 causae,
980 2095 1133 2142 herba
1179 2094 1351 2143 viridis
1398 2098 1448 2143 et
1494 2095 1780 2157 superfusus

24 2166 38 2228 ξ
97 2170 311 2233 sanguis.
380 2171 507 2230 iam,
545 2170 731 2232 inquit,
770 2169 974 2218 definita
1020 2168 1327 2216 currentibus
1373 2168 1538 2230 spatia
1585 2169 1780 2230 conple-

95 2241 278 2291 bantur
314 2244 617 2306 perindeque
642 2244 764 2292 Niso
803 2259 902 2291 non
939 2243 1128 2290 multus
1161 2242 1222 2289 ad
1254 2242 1538 2304 inplendam
1570 2242 1778 2306 gloriam

23 2338 28 2368 ι
70 2320 353 2379 ¹supererat
389 2317 544 2378 labor,
585 2333 696 2366 cum
736 2317 898 2365 subito
937 2316 1108 2364 infelix
1138 2316 1283 2378 lapsu
1314 2331 1461 2378 super
1490 2317 1779 2380 sanguinem

24 2426 35 2436 -.
96 2391 312 2439 concidit
343 2394 393 2439 et
423 2392 657 2454 deceptus
688 2391 906 2454 perdidit
934 2390 1166 2452 palmam.
1228 2403 1326 2437 non
1357 2393 1514 2438 tamen
1547 2390 1776 2450 Euryali,

215 2521 240 2560 3
273 2522 454 2562 tantwm
476 2517 563 2562 LR
587 2518 658 2563 ed.
685 2523 778 2562 tam
808 2531 832 2560 r
862 2530 923 2560 an
953 2520 1176 2572 quantum
1206 2529 1291 2571 pro
1323 2519 1489 2571 quam?
1592 2518 1615 2557 7
1642 2528 1775 2570 prae-

93 2576 270 2620 cedente
299 2575 350 2621 L.
534 2581 589 2621 13
626 2577 802 2632 fulsum
839 2575 926 2619 LR·
955 2575 1145 2632 pulsum
1183 2589 1207 2617 r
1236 2574 1576 2631 proximitatem
1615 2572 1686 2616 ed.

97 2638 151 2678 16
184 2649 459 2692 quamquam
483 2637 628 2692 plura
658 2635 745 2679 LR
777 2635 870 2678 ed.:
902 2633 1080 2691 legitne
1111 2633 1226 2676 Don.
1261 2634 1370 2677 etsi?
1427 2646 1487 2676 an
1517 2646 1611 2676 non
1635 2631 1778 2688 plura

93 2694 438 2738 emendandum
468 2697 569 2739 est?
626 2697 967 2750 utrumcunque
998 2691 1255 2746 admiseris,
1286 2691 1484 2736 obscura
1514 2690 1603 2735 erit
1634 2689 1776 2733 inter-

92 2753 310 2809 pretatio.
354 2756 360 2812 Ι
402 2755 659 2810 potuissent
687 2753 742 2797 R.
865 2756 919 2796 17
951 2751 1183 2796 nitebatur
1212 2756 1363 2795 tamen
1393 2763 1481 2794 om.
1514 2749 1555 2793 R
1585 2747 1692 2792 add.
1724 2747 1774 2792 in

93 2824 242 2870 marg.
273 2812 371 2858 sive
401 2813 504 2870 ipse
536 2813 634 2858 sive
662 2827 700 2857 r.
822 2816 878 2855 22
906 2811 1127 2867 perdi-sset
1148 2809 1198 2853 L.
1305 2813 1362 2853 28
1393 2809 1564 2853 dicitur
1593 2820 1683 2851 om.
1700 2805 1774 2851 ed.

53 2918 55 2923 ,
183 2875 240 2916 24
269 2872 399 2916 humi
428 2872 516 2916 LR
545 2873 732 2917 humum
764 2871 836 2915 ed.
868 2872 917 2914 et
947 2869 1114 2926 optimi
1146 2868 1284 2926 Verg.
1316 2866 1440 2911 libri.
1572 2870 1626 2910 27
1659 2866 1773 2910 mul·

55 2963 58 2971 Α
93 2933 161 2974 tos
190 2930 240 2974 L.
389 2935 445 2975 29
477 2946 518 2975 v.
535 2934 771 2974 331—333
802 2930 1124 2974 hic—eruore
1151 2940 1245 2971 non
1277 2927 1439 2971 extant
1468 2925 1518 2970 in
1549 2924 1634 2968 LR.
1664 2922 1774 2968 add.

51 3006 53 3010 >
92 2988 188 3032 ed.:
235 2989 534 3034 antecedenti
563 2988 775 3034 lemmati
804 2987 962 3045 potius
1001 2986 1300 3040 adiecissem,
1338 2984 1380 3029 si
1417 2982 1772 3041 explicarentur.

102 1209 254 1267 retur,
287 1207 544 1254 obtereret.
607 1209 887 1256 ‘incumbens
919 1223 1104 1256 umero:
1142 1213 1338 1271 praeter
1368 1211 1562 1272 pulsum
1594 1213 1771 1273 pedum
1790 1218 1874 1257 325

25 2020 35 2068 '.
96 2022 312 2070 iuvencis
355 2023 500 2082 fusus
545 2023 680 2070 humi
718 2023 983 2081 viridisque
1026 2037 1173 2081 super
1216 2022 1536 2080 madefecerat
1572 2023 1768 2069 herbas:
1783 2026 1872 2065 330
