2014 3226
115 534 199 573 650

114 2085 198 2125 655

205 170 313 222 234
672 169 902 213 DONATI
933 169 1211 213 INTERPR.
1246 169 1422 213 VERG.

203 309 378 357 debilis
424 309 585 357 factus
635 309 728 357 diis
778 309 994 358 adversis
1040 310 1227 357 frustra
1272 326 1438 357 moror
1484 312 1536 357 in
1583 311 1712 371 luce,
1761 311 1893 373 quod

202 384 280 431 vel
334 400 462 430 nunc
516 383 799 430 faciendum
854 385 928 430 est
980 385 1095 444 post
1135 385 1348 432 -Troiani
1393 384 1591 445 imperii
1641 385 1893 446 perditum

202 457 383 504 florem.

316 532 463 578 Talia
492 531 748 589 perstabat
784 546 1080 579 memorares:
1118 532 1388 593 perstabat,
1419 532 1600 593 inquit,
1630 532 1756 579 talia
1793 548 1893 579 me·-

203 621 412 652 morans.
490 607 711 664 fixusque
756 606 1005 653 manebat:
1058 605 1204 666 fixus,
1252 607 1343 653 hoc
1391 608 1464 652 est
1510 606 1739 654 inmobili
1785 622 1891 654 sen-
1937 601 1991 667 5{

202 680 371 725 tentia.
449 693 538 725 nos
577 681 743 725 contra
782 680 924 738 effusi
962 680 1203 727 lacrimis:
1243 696 1354 728 cum
1393 679 1552 727 adhuc
1593 681 1892 741 loqueretur,
1987 685 1990 690 ’

203 767 289 798 1103
330 754 502 800 contra
543 752 735 800 dolores
775 755 970 800 nostros
1010 754 1230 800 lacrimis
1269 753 1530 801 uberrimis
1570 754 1891 801 testabamur.

202 828 503 885 coniunxque
546 826 755 874 Creusa:
795 843 884 874 nec
914 830 1113 874 tantum
1151 843 1240 875 nos
1280 843 1452 875 verum
1492 827 1643 875 etiam
1683 829 1894 875 coniunx

201 916 311 947 mea
344 899 540 947 Creusa.
596 899 938 961 Ascaniusque
968 904 1216 961 omnisque
1240 903 1425 958 domus,
1449 917 1509 948 ue
1532 904 1710 950 vertere
1734 917 1894 950 secum

202 977 372 1022 cuncta
402 977 549 1033 pater
586 975 781 1034 fatoque
819 977 1009 1034 uryenti
1040 977 1312 1024 incumbere
1342 976 1490 1022 vellet.
1553 973 1790 1036 [abneyat
1818 978 1893 1024 in·
1918 993 1960 1025 ιο

202 1051 422 1107 ceptoque
462 1052 505 1096 et
541 1050 733 1096 sedibus
771 1050 934 1097 haeret
970 1051 1024 1096 iu
1061 1048 1266 1111 isdems·
1305 1049 1358 1096 in
1390 1050 1723 1098 obstinatione
1764 1051 1893 1098 senis

201 1122 539 1169 tractabamus
580 1139 747 1171 omnes
789 1126 836 1170 et
874 1125 1032 1185 ipsius
1066 1139 1236 1172 casum
1268 1125 1317 1171 et
1347 1124 1623 1185 periculum
1653 1126 1891 1172 nostrum.

201 1196 491 1259 fugiendum
539 1197 725 1258 quippe
772 1199 957 1245 fuerat:
1017 1198 1111 1245 1100
1157 1199 1418 1259 provenire
1473 1197 1577 1245 sine
1630 1197 1739 1259 ipso
1794 1214 1893 1246 non

202 1273 389 1330 posset,
436 1271 675 1318 remorari
723 1273 827 1319 31110
873 1273 1094 1333 periculo
1137 1271 1399 1333 quomodo,
1438 1271 1527 1319 ubi
1564 1272 1755 1319 malum
1793 1271 1891 1319 evi-

203 1344 319 1391 dens
366 1343 499 1391 fuit?
573 1345 758 1393 idcirco
805 1345 1064 1407 flebamus,
1112 1362 1174 1394 ne
1219 1346 1304 1394 ille
1343 1346 1395 1392 in
1435 1347 1607 1394 eadem
1647 1347 1894 1394 sententia
1919 1362 1960 1396 15

200 1418 474 1479 perdurans
521 1421 822 1467 consentiret
873 1420 1107 1468 adversae
1156 1421 1386 1468 fortunae
1434 1423 1484 1467 et
1531 1435 1694 1468 secum
1736 1421 1894 1468 omnis
1987 1478 1989 1489 γ

201 1507 289 1540 1103
343 1493 528 1540 faceret
583 1495 800 1541 interire.
887 1510 944 1541 ex
997 1495 1137 1542 illius
1191 1496 1349 1557 igitur
1402 1494 1663 1542 voluntate
1718 1495 1894 1542 salutis
1985 1492 1989 1540 ι’

202 1568 421 1614 omnium
470 1569 631 1615 status
669 1569 898 1629 ratioque
936 1568 1204 1630 pendebat,
1261 1584 1373 1616 cum
1411 1570 1520 1630 ipso
1562 1570 1694 1615 enim
1731 1569 1895 1615 fuerat

200 1641 512 1688 moriendum
553 1657 701 1702 quem
741 1641 991 1690 dimittere
1041 1658 1140 1691 non
1186 1643 1384 1690 licebat
1463 1642 1548 1690 sed
1593 1643 1701 1702 ille,
1749 1658 1893 1704 quem
1956 1654 1981 1692 1Ι

200 1715 351 1761 fixum
382 1717 612 1763 tenuerat
642 1732 741 1762 una
775 1717 1036 1777 sententia,
1069 1718 1158 1779 qui
1190 1716 1531 1764 consentiebat
1561 1717 1679 1764 fatis
1711 1717 1892 1764 nostris
1917 1717 2002 1788 ad,

200 1789 252 1834 in
292 1791 510 1836 extrema
549 1790 881 1853 vergentibus,
920 1791 1180 1839 voluntate
1220 1807 1310 1839 sua
1348 1793 1518 1839 nostra
1556 1791 1764 1839 iuvabat
1811 1789 1892 1837 ad·
1960 1798 1980 1856 ζ

201 1877 353 1923 versa,
385 1879 485 1911 non
515 1864 652 1925 meis,
682 1880 781 1912 non
813 1880 966 1912 nurus
1000 1881 1132 1926 suae,
1164 1881 1264 1914 non
1294 1867 1505 1927 nepotis,
1536 1868 1650 1912 non·
1673 1865 1895 1913 omnium
1956 1859 1985 1936 {²

200 1936 494 1999 largissimis
541 1937 740 1986 fletibus
786 1939 939 1987 flexus
985 1941 1039 1986 in
1086 1955 1144 1987 ea
1189 1941 1370 1987 mentis
1411 1939 1746 1988 obstinatione
1785 1954 1893 2000 per·
1963 1941 1968 1951 '

201 2012 387 2059 mansit
430 2014 731 2074 negavitque
778 2029 828 2060 se
876 2013 1003 2062 velle
1042 2014 1208 2061 vivere
1248 2016 1362 2075 post
1401 2012 1645 2061 excidium
1683 2011 1892 2074 patriae.
1954 1994 1998 2071 {2

215 2098 390 2132 rursus
435 2087 490 2132 irc
536 2101 680 2134 arma
724 2088 857 2146 feror
901 2091 1191 2147 mortemque
1236 2090 1540 2135 ‘miserrimus
1579 2090 1700 2146 opto,
1775 2101 1895 2134 nam

202 2159 328 2218 quod
359 2159 613 2207 consilium
638 2164 726 2208 aut
747 2176 871 2220 quae
894 2163 996 2209 iam
1018 2163 1220 2222 fortuna
1244 2162 1488 2210 dabatur?
1534 2161 1630 2208 tali
1653 2161 1893 2208 existente

202 2234 360 2293 patris
398 2233 497 2281 mei
535 2236 795 2295 sententia,
835 2251 946 2283 cum
985 2235 1212 2299 fugiendi
1243 2251 1353 2297 spes
1386 2234 1694 2293 concidisset,
1725 2249 1894 2283 rursus
1962 2232 1980 2290 ᾗ

202 2306 268 2353 ad
314 2322 453 2355 arma
499 2322 760 2356 conversus
809 2325 931 2356 sum.
1010 2325 1127 2357 nam
1175 2309 1295 2371 quid
1342 2312 1450 2357 erat
1494 2310 1549 2355 in
1597 2308 1692 2356 tali
1745 2323 1894 2356 causa
1946 2371 1947 2375 ¹

201 2380 504 2440 faciendum,
551 2383 650 2430 nisi
695 2385 752 2430 ut
789 2383 841 2430 id
880 2384 1095 2431 facerem
1134 2383 1268 2445 quod
1306 2383 1515 2432 adversa
1551 2383 1755 2430 fortuna
1793 2381 1892 2429 dic·
1968 2379 1972 2381 ’

202 2451 378 2502 tabat?
441 2455 685 2516 armabar,
717 2457 896 2518 inquit,
927 2460 1138 2505 mortem
1168 2459 1336 2519 potius
1369 2458 1622 2518 exoptans,
1657 2457 1894 2517 quoniam

203 2542 435 2590 oppresso
497 2530 652 2578 tantis
715 2530 938 2579 cladibus
996 2532 1104 2580 vita
1160 2530 1466 2594 displicebat.
1552 2545 1663 2577 ‘meu
1717 2531 1894 2590 ecferre
1926 2586 1943 2599 ἱ,

1987 498 1991 523 l

325 2687 350 2727 9
383 2689 522 2729 vetere
553 2685 596 2727 R
628 2698 740 2728 corr.
774 2700 809 2728 r.
900 2691 955 2730 10
980 2687 1301 2743 patefactoque
1332 2685 1422 2730 LR
1454 2699 1568 2730 corr.
1602 2699 1637 2728 r.
1666 2686 1672 2741 Ι
1701 2685 1896 2742 abnegat

204 2769 260 2775 —-
281 2747 333 2786 11
366 2743 508 2788 isdem
539 2744 671 2787 deest
702 2744 752 2787 in
782 2744 881 2799 LR,
915 2746 998 2788 sed
1029 2745 1305 2802 explicatur.
1476 2749 1531 2788 13
1562 2745 1644 2788 hoc
1674 2743 1762 2786 LR
1793 2757 1895 2789 cum
1947 2792 1959 2795 ,,

202 2802 284 2847 hoc
313 2817 349 2846 r.
445 2807 501 2846 14
531 2804 751 2860 quomodo
775 2803 863 2847 LR
894 2819 966 2860 qu.
987 2809 1140 2860 posset
1161 2805 1233 2849 ed.
1329 2809 1383 2848 16
1406 2817 1555 2848 secum
1579 2800 1665 2846 LR
1687 2816 1732 2846 se
1755 2806 1802 2846 et-
1821 2802 1892 2846 ed.
1938 2835 1953 2861 ¹.

294 2865 348 2905 19
380 2862 607 2906 demittere
638 2861 724 2905 LR
756 2876 870 2907 corr.
901 2877 926 2906 r
957 2863 1028 2907 ed.
1151 2869 1207 2908 22
1239 2864 1328 2908 mei
1357 2862 1429 2907 ed.
1481 2865 1487 2915 Ι
1543 2867 1724 2918 nepotes
1753 2860 1804 2904 L.
1937 2875 1938 2878 ¹

203 2923 260 2963 30
291 2922 504 2966 armabat
531 2921 575 2964 R
612 2934 727 2966 corr.
757 2937 782 2965 r
805 2943 861 2959 =
886 2921 936 2965 L.
995 2924 1000 2980 Ι
1058 2927 1278 2979 exoptans
1316 2922 1533 2978 quoniam
1571 2920 1645 2964 bis
1677 2933 1760 2964 scr.
1794 2918 1892 2964 LR.
1946 2931 1955 2942 ·“

292 2984 348 3022 31
381 2994 505 3024 mene
535 2980 700 3035 ecferre
730 2980 766 3024 L
798 2995 866 3025 me
895 2982 1094 3036 ‘nect'erre
1125 2982 1168 3025 R
1196 2995 1322 3026 mene
1350 2981 1518 3036 referre
1547 2995 1586 3024 r.
