2014 3226
784 164 1087 208 AENEIDOS
1120 165 1139 207 I
1777 167 1806 218 7

119 309 278 371 prima
326 308 374 352 et
421 306 471 352 in
520 304 656 353 aliud
702 307 898 366 tempus
947 306 1202 367 superiora
1250 305 1469 365 distulit,
1508 308 1565 353 ut
1603 306 1655 353 in
1696 322 1807 354 con-

119 381 249 429 vivio
289 379 498 427 Didonis
539 382 872 436 narrarentur,
913 395 987 439 ne,
1028 380 1071 427 si
1109 380 1271 441 prima
1310 382 1633 441 ponerentur,
1674 381 1807 428 odio-

119 470 226 502 sum
274 455 402 501 foret
447 453 567 500 haec
617 453 787 500 eadem
834 454 1115 514 inquirente
1155 453 1350 501 Didone
1389 456 1633 516 repetere,
1683 471 1807 516 quae

119 527 349 575 vitandae
388 527 691 588 prolixitatis
732 541 880 574 causa
920 527 1070 574 semel
1111 527 1207 574 dici
1247 530 1558 575 convenerat.

74 679 93 711 5
224 659 670 721 Interpretabimur
729 661 886 723 igitur
947 659 1079 721 quod
1141 660 1354 708 diximus
1415 661 1606 721 thema,
1669 662 1807 709 cuius

118 734 276 796 prima
320 749 435 796 pars
476 738 549 781 est
582 749 724 781 arma
763 735 1015 794 virumque
1054 749 1198 781 cano:
1251 735 1305 782 in
1343 734 1435 782 hac
1474 735 1718 782 brevitate
1760 739 1809 782 et

118 810 326 872 angusta
372 809 713 869 propositione
761 808 923 855 multa
971 808 1236 869 conplexus
1285 811 1379 867 est3
1444 825 1561 855 nam
1608 811 1658 856 et
1696 825 1807 870 pro-

118 883 282 944 posuit
319 884 369 929 et
407 882 580 929 divisit
618 883 668 929 et
706 881 758 928 in
798 898 854 929 eo
893 884 1001 943 ipso
1042 898 1146 930 sese
1187 882 1512 942 commendat,
1546 883 1678 945 quod
1709 898 1809 930 non

116 956 303 1004 ludicra
343 957 422 1003 vel
461 957 632 1017 turpia
678 958 734 1003 ut
783 956 885 1015 alii,
933 956 1017 1004 sed
1064 958 1288 1017 spectata
1336 957 1541 1020 elegerit
1588 957 1651 1004 ad
1690 958 1808 1005 scri-

51 1050 92 1082 10
117 1030 339 1089 bendum,
373 1045 511 1077 arma
543 1030 748 1090 scilicet,
779 1031 873 1078 hoc
906 1032 979 1078 est
1010 1033 1205 1078 scutum
1238 1033 1286 1078 et
1319 1031 1419 1078 alia
1452 1046 1576 1092 quae
1610 1031 1808 1079 Aeneae

117 1104 395 1152 Vulcanum
435 1103 702 1151 fabricasse
741 1105 1045 1166 perscripsit,
1086 1106 1135 1151 et
1173 1104 1357 1165 virum,
1402 1121 1502 1152 non
1540 1107 1597 1152 ut
1636 1121 1809 1152 sexum

114 1177 438 1240 significaret,
487 1177 573 1226 sed
610 1179 775 1225 virum
816 1179 902 1239 qui
940 1178 1066 1226 talia
1106 1194 1265 1239 arma,
1313 1181 1419 1225 tam
1457 1194 1663 1242 magna,
1702 1181 1808 1226 tam

114 1252 319 1314 pulchra
364 1253 545 1299 habere
592 1253 673 1300 vel
720 1254 914 1315 gestare
961 1253 1203 1314 potuerit,
1251 1253 1414 1300 virum
1463 1254 1548 1314 qui
1595 1253 1810 1301 Romani

113 1327 308 1388 imperii
356 1327 529 1374 auctor
575 1328 624 1373 et
672 1326 898 1374 conditor
945 1341 1048 1374 esse
1095 1326 1353 1386 meruerit,
1400 1326 1563 1374 virum
1603 1328 1691 1388 qui
1728 1327 1808 1374 Iu-

49 1418 89 1451 15
114 1402 254 1448 nonis
287 1400 576 1448 inimicitias
611 1402 660 1447 et
691 1401 959 1448 factionem
991 1401 1196 1448 deorum
1229 1403 1449 1448 omnium
1482 1402 1808 1462 superaverit,

113 1475 273 1522 virum
315 1476 401 1535 qui
438 1477 572 1522 terra
610 1476 835 1536 marique
867 1475 1083 1523 iactatus
1115 1475 1275 1522 multa
1309 1475 1516 1523 adversa
1546 1474 1807 1523 tolerando

113 1563 169 1596 ac
221 1549 422 1596 ferendo
476 1550 822 1597 transmiserit.
914 1549 1008 1596 hoc
1061 1549 1170 1597 loco
1226 1549 1452 1611 plerique
1500 1548 1809 1597 arbitrantur

113 1637 298 1671 errasse
320 1622 614 1686 Vergilium,
646 1625 703 1670 ut
734 1625 895 1684 primo
927 1639 1047 1683 rem,
1081 1622 1256 1670 deinde
1288 1638 1552 1685 personam
1574 1625 1808 1685 poneret3

49 1706 54 1710 ·
114 1698 202 1758 qui
247 1698 289 1743 si
336 1696 633 1745 Sallustium
681 1690 820 1762 (hist.
852 1697 878 1743 I
914 1700 939 1744 1
961 1690 1051 1763 M.)
1099 1697 1469 1745 considerarent
1519 1696 1731 1745 liberum
1779 1713 1808 1746 a

45 1788 90 1820 so
112 1772 302 1819 ratione
350 1773 620 1818 metrorum
667 1772 739 1818 sic
783 1771 1044 1819 historiam
1093 1773 1331 1832 coepisse,
1378 1774 1435 1818 ut
1480 1772 1641 1833 primo
1687 1787 1808 1833 rem,

112 1843 286 1892 dehinc
332 1845 506 1907 populi
545 1845 758 1893 Romani
804 1861 1067 1908 personam
1106 1847 1332 1907 poneret,
1373 1861 1645 1907 numquam
1685 1845 1806 1894 Ver·

115 1919 289 1981 gilium
313 1919 710 1979 criminarentur,
736 1935 884 1980 quem
915 1921 1113 1967 constat
1142 1920 1196 1966 in
1226 1920 1566 1982 propositione
1598 1919 1807 1967 liberam

113 1992 373 2040 ordinandi
398 1993 629 2041 habuisse
653 1993 924 2053 licentiam,
950 1993 1223 2055 exequendi
1246 2009 1363 2041 vero
1396 1993 1551 2041 alium
1583 1992 1807 2042 ordinem

113 2065 404 2116 adhibuisse.
482 2082 600 2115 nam
632 2067 765 2129 quod
805 2069 879 2115 ait
917 2082 1064 2128 canc,
1113 2068 1256 2129 quasi
1294 2069 1397 2115 iam
1436 2069 1653 2115 carmine
1693 2083 1806 2116 con-

48 2156 89 2188 85
114 2141 244 2202 pleto
299 2141 608 2203 loqueretur,
663 2141 881 2189 ostendit
935 2157 993 2189 ex
1049 2144 1220 2203 aperto
1274 2141 1444 2189 thema
1492 2157 1619 2202 esse,
1675 2142 1809 2203 quod

114 2215 313 2281 plenum
369 2217 519 2277 atque
573 2216 847 2278 perfeetum
903 2216 1101 2263 futurae
1156 2216 1511 2278 conscriptioni
1573 2215 1806 2264 carminis

112 2293 510 2350 praeparaverat.
603 2305 726 2338 cano
790 2290 866 2338 bis
930 2291 1195 2352 accipitur,
1273 2305 1395 2338 cano
1459 2305 1620 2350 arma,
1683 2305 1808 2338 cano

112 2363 296 2423 virum,
343 2363 429 2411 sed
475 2378 725 2411 armorum
765 2363 1147 2427 descriptionem
1185 2364 1345 2426 primo
1385 2363 1695 2426 propositam
1734 2379 1807 2411 se-

113 2438 286 2498 quenti
323 2437 652 2499 disputationi
690 2439 912 2486 servavit
950 2441 1000 2486 et
1038 2439 1203 2500 coepit
1242 2446 1273 2486 a
1310 2437 1463 2501 gestis
1503 2438 1601 2486 viri
1632 2437 1806 2486 adiun—

230 2566 362 2605 3—4
386 2578 502 2619 quae
525 2564 744 2608 vitanda-e
769 2564 804 2607 L
829 2578 945 2621 quae
969 2564 1076 2608 evit·
1101 2564 1155 2607 R.
1242 2568 1268 2608 5
1301 2563 1650 2619 interpretemur
1673 2563 1744 2606 ed.

114 2623 140 2663 8
172 2620 339 2666 dividit
369 2622 440 2666 ed.
567 2627 619 2666 11
652 2628 695 2668 et
723 2624 874 2668 virum
905 2623 993 2666 LR
1023 2628 1065 2667 et
1096 2637 1183 2667 om.
1218 2622 1289 2666 ed.
1402 2626 1458 2665 13
1487 2622 1641 2678 potuit
1671 2622 1743 2666 ed.

27 2691 30 2694 ’
116 2683 171 2722 14
201 2693 290 2724 esse
320 2682 534 2726 meruerit
563 2681 650 2725 LR
679 2696 714 2726 e.
748 2682 952 2727 debuerit
980 2683 1049 2727 vel
1078 2697 1136 2726 m.
1171 2681 1243 2726 ed.
1398 2685 1453 2724 15
1483 2681 1731 2736 factionem
1750 2708 1804 2714 —

111 2741 394 2795 superaverit
451 2742 627 2785 temere
679 2744 794 2785 mut.
852 2741 947 2785 edF
993 2743 1145 2786 virum
1162 2768 1218 2773 —
1238 2740 1522 2796 superaverit
1575 2754 1663 2784 om.
1709 2740 1805 2784 edI.

20 2800 25 2805 '
204 2803 257 2842 16
303 2799 584 2844 virum—17
626 2801 931 2846 transmiserit
967 2802 1075 2858 post
1112 2801 1327 2845 meruerit
1367 2801 1598 2856 transpos,
1633 2799 1742 2843 edF.

116 2859 289 2900 19-20
327 2873 358 2902 a
394 2860 573 2904 ratione
603 2859 645 2903 R
682 2860 887 2904 oratione
918 2859 967 2903 L.
1120 2864 1176 2903 21
1217 2858 1378 2903 dehine
1408 2857 1495 2901 LR
1534 2858 1699 2904 deinde
1730 2859 1803 2903 ed.

202 2919 259 2959 24
289 2917 500 2970 tribuisse
530 2918 617 2962 LR
649 2917 731 2962 edI
760 2919 956 2964 tenuisse
988 2918 1084 2962 edF
1124 2917 1385 2963 adhibuisse
1415 2930 1514 2960 nos.
1624 2921 1680 2962 29
1712 2931 1803 2963 ser-

112 2973 238 3019 vabit
265 2974 354 3019 LR
385 2991 497 3021 corr.
531 2993 554 3020 r
585 2977 656 3021 ed.
