2014 3226
208 165 316 217 462
677 163 907 206 DONATI
938 163 1215 206 INTERPR.
1250 163 1426 207 VERG.

208 306 290 364 qui
329 305 457 351 subit
486 305 686 363 palmae
724 304 948 362 frustra?
988 305 1071 362 qui
1111 304 1176 350 ad
1198 306 1427 363 pracmia
1468 307 1596 352 venit
1627 306 1813 360 ultima,
1853 308 1896 353 si

199 380 355 438 primi
388 379 520 424 Salio
561 378 832 424 redduntur
868 378 1103 424 leowores?
1143 377 1201 424 de
1240 393 1442 425 numero
1484 380 1700 439 quinque
1739 379 1896 426 homi-

207 469 325 498 num
359 453 444 512 qui
477 467 621 498 cursu
662 451 1016 498 contenderant
1055 452 1223 512 lapsus
1249 451 1399 498 Nisus
1439 453 1690 511 remansit,
1732 451 1895 501 Salius

208 526 321 572 dolo
372 525 604 585 deceptus
653 525 851 583 cecidit,
907 525 1156 586 Euryalus
1204 527 1393 586 primus
1442 527 1599 585 venit,
1656 527 1894 575 secundus

206 599 464 660 Helymus,
505 599 678 645 Diores
711 599 903 645 tertius.
961 599 1152 646 Aeneas
1191 601 1367 659 primo,
1409 599 1619 646 secundo
1661 603 1710 647 et
1747 600 1894 648 tertio
1925 627 1928 630 ⁴

205 675 531 734 proposuerat
555 674 845 733 praemium,
877 675 978 719 tres
1002 673 1157 735 igitur
1181 674 1382 720 fuerant
1405 674 1712 734 munerandi,
1743 676 1895 720 trium

206 762 309 794 sors
350 762 406 791 ex
448 749 625 793 eventu
664 749 962 807 provenerat
1001 762 1098 792 uno
1140 762 1257 793 casu
1296 748 1459 807 lapso,
1508 748 1664 794 altero
1706 747 1894 796 deiecto

206 837 293 881 per
334 820 523 867 dolum:
566 820 650 881 qui
690 820 868 867 tertius
909 822 1114 867 venerat
1152 820 1279 868 vidit
1318 822 1520 868 Aenean
1559 821 1686 868 velle
1726 837 1894 868 mune·
1960 883 1964 885 Α

203 910 313 941 rare
355 892 565 956 Salium,
621 895 709 955 qui
759 910 917 956 neque
967 895 1155 955 primus
1207 896 1334 942 esset
1385 897 1473 942 aut
1523 895 1761 942 secundus
1809 898 1896 942 aut
1963 933 1983 954 ⁴..

203 968 403 1028 tertius,
459 968 707 1014 intellexit
755 983 804 1015 se
846 984 875 1015 a
920 969 1069 1015 tertio
1117 969 1337 1029 praemio
1394 969 1586 1016 excludi
1640 984 1804 1029 posse,
1853 971 1981 1021 si

203 1043 352 1103 primi
383 1042 480 1089 loci
510 1043 783 1103 praemium
821 1041 983 1090 Salius
1017 1045 1250 1103 sumeret3
1291 1059 1392 1104 qua
1425 1058 1571 1090 causa
1603 1042 1894 1104 indignatus

203 1116 419 1163 faciebat
466 1115 726 1176 invidiam,
783 1117 917 1177 quod
962 1132 1061 1164 non
1110 1119 1237 1163 esset
1282 1132 1456 1164 verum
1502 1116 1761 1164 iudicium:
1811 1117 1895 1177 qui

203 1190 337 1236 subit
375 1190 572 1250 palmae
611 1188 836 1237 frustra?
887 1192 1021 1250 quis,
1068 1189 1252 1251 inquit,
1299 1191 1519 1251 palmam
1559 1189 1752 1238 sumet?
1803 1191 1894 1238 hoc

203 1266 299 1323 est,
339 1280 488 1325 quem
527 1264 876 1325 pronuntiabis
917 1262 1189 1311 victorem?
1238 1267 1288 1311 et
1328 1266 1437 1324 quis
1479 1266 1574 1311 erit
1612 1266 1811 1325 tertius,
1853 1266 1895 1311 si
1970 1263 1971 1266 ’

201 1339 476 1399 praemium
516 1338 719 1385 victoris
761 1338 887 1384 alius
929 1336 1230 1399 sumpserit?
1277 1338 1427 1385 fiebat
1473 1340 1604 1385 enim
1643 1337 1891 1400 praeiudi-

202 1413 355 1470 cium,
394 1414 452 1458 ut
492 1411 655 1458 Salius
696 1414 823 1459 esset
862 1413 1074 1474 primus,
1115 1412 1357 1460 secundus
1398 1413 1668 1473 Euryalus,
1714 1413 1891 1460 tertius
1958 1421 1978 1440 ¹

200 1486 458 1547 Helymus,
490 1485 665 1532 Diores
700 1502 813 1533 vero
847 1486 1071 1533 exclusus
1105 1502 1134 1533 a
1165 1502 1339 1533 norma
1374 1486 1526 1532 trium
1558 1487 1891 1548 praemiorum

198 1560 523 1608 inhonoratus
572 1559 879 1620 abscederet,
930 1562 986 1606 ut
1031 1576 1120 1607 nec
1166 1560 1292 1607 illud
1340 1561 1386 1606 ei
1431 1560 1705 1643 prodesset,
1757 1560 1893 1622 quod
1991 1622 1993 1626 .

199 1635 495 1682 novissimus
546 1636 763 1681 venerat.
849 1649 964 1697 ergo
1011 1637 1144 1681 recte
1195 1634 1321 1681 dixit
1372 1635 1482 1696 quis
1534 1635 1630 1682 erit
1678 1630 1891 1695 primus,
1964 1658 1975 1682 ,-

201 1709 313 1769 quis
339 1707 594 1768 secundus,
626 1709 669 1755 si
693 1707 894 1755 additur
903 1674 1098 1768 t>Salius,
1131 1709 1219 1770 qui
1242 1708 1369 1755 nihil
1393 1711 1611 1756 meretur
1635 1710 1880 1770 accipere.
1866 1707 1890 1744 ‘²
1915 1706 1985 1760 :os

199 1786 300 1829 tum
351 1786 498 1841 pater
557 1781 773 1838 Aeneas,
835 1785 1016 1839 vestra,
1077 1783 1256 1841 inquit,
1316 1797 1521 1830 munera
1575 1783 1709 1831 vobis
1762 1786 1892 1831 certa
1962 1791 1973 1847 j.

198 1859 414 1911 manent,
455 1858 625 1915 pueri,
689 1859 732 1903 et
774 1857 1002 1916 palmam
1054 1860 1209 1904 movet
1261 1857 1429 1904 ordine
1481 1871 1642 1903 nemo:
1696 1856 1890 1905 Aeneas
1964 1916 1975 1925 ..

200 1945 310 1977 cum
386 1930 591 1978 vidisset
658 1930 862 1977 Diorem
931 1931 1052 1978 satis
1129 1931 1188 1976 de
1258 1931 1474 1978 muneris
1543 1931 1890 1992 praeceptione
1968 1980 1978 1993 Ι,

199 2003 491 2064 sollicitum,
551 2004 779 2051 omnibus
841 2005 991 2052 simul
1052 2020 1152 2051 una
1209 2020 1328 2052 voce
1388 2004 1644 2065 respondit
1702 2004 1888 2052 dicens:

199 2093 404 2125 munera
449 2080 615 2125 vestra
664 2077 906 2126 tenebunt
960 2078 1185 2125 ordinem
1237 2093 1382 2126 suum
1427 2094 1516 2126 nec
1569 2079 1678 2126 loco
1724 2095 1887 2126 move·

111 2155 196 2195 350
212 2151 348 2198 bitur
399 2151 587 2213 palma,
639 2167 766 2213 quae
807 2151 947 2201 vobis
993 2153 1144 2213 paulo
1192 2155 1306 2200 ante
1361 2154 1606 2214 promissa
1656 2155 1744 2200 est.
1813 2167 1888 2200 me
1962 2175 1978 2212 ·=‘.

197 2226 338 2273 liceat
390 2239 531 2272 casus
583 2227 812 2274 miserari
863 2228 1069 2274 insontis
1119 2228 1289 2274 amici:
1342 2226 1513 2287 sinite,
1566 2226 1754 2288 inquit,
1808 2242 1885 2274 me
1966 2261 1993 2282 ‚2

319 2386 341 2424 1
376 2381 456 2436 qui
485 2381 607 2424 subit
631 2382 817 2437 palmae
838 2382 1018 2436 frustra
1042 2396 1156 2438 quae
1178 2381 1214 2424 L
1239 2396 1278 2438 q.
1304 2382 1445 2426 subiit
1463 2396 1510 2437 p.
1536 2382 1798 2437 frustraque
1822 2381 1882 2425 R:
1965 2428 1972 2438 ἦ

198 2439 435 2483 Donatum
480 2439 602 2484 subit
656 2440 826 2496 legisse
881 2441 1126 2496 sequentia
1173 2441 1342 2485 docent
1387 2454 1474 2484 nec
1519 2440 1674 2483 minus
1721 2441 1884 2484 eodem
1958 2437 2008 2490 [i-

199 2500 387 2543 auctore
430 2498 610 2552 frustra
655 2501 736 2555 qui
780 2499 1075 2543 scribendum
1123 2500 1171 2543 et
1214 2499 1597 2556 interrogationis
1641 2499 1774 2556 signo
1815 2499 1883 2542 di·
1955 2495 1974 2558 '4

197 2557 532 2616 stinguendnm
564 2571 686 2611 csse3
725 2571 883 2603 omnes
915 2559 1041 2604 enim
1072 2559 1210 2602 huius
1242 2558 1644 2615 interpretationis
1675 2558 1883 2615 ineptiae
1955 2572 1959 2622 ζ

196 2617 308 2661 inde
339 2618 470 2661 ortae
501 2618 623 2672 sunt,
656 2617 782 2672 quod
810 2618 919 2674 post
948 2633 990 2662 v.
1016 2622 1102 2662 345
1133 2618 1276 2662 verba
1300 2618 1455 2662 Dioris
1488 2617 1620 2674 sequi
1649 2617 1880 2674 opinatur.
1959 2617 1964 2630 ²

315 2681 340 2719 2
373 2675 630 2720 redduntur
651 2676 739 2719 LR
767 2677 1022 2721 reddantur
1053 2677 1140 2730 ed.,
1169 2677 1252 2720 sed
1281 2677 1564 2721 indicativus
1597 2677 1658 2720 ad
1689 2677 1879 2732 interpr.
2002 2727 2003 2730 Ἰ

196 2734 312 2780 1)011.
346 2734 523 2791 optime
553 2735 768 2790 quadrat.
931 2741 958 2780 4
990 2737 1093 2780 dolo
1124 2735 1257 2780 LRO
1287 2737 1382 2781 solo
1412 2735 1507 2780 ΗΠ
1538 2736 1610 2780 ed.
1661 2738 1666 2793 Ι
1723 2735 1883 2780 cecidit
1948 2758 1949 2761 =

196 2794 282 2837 LR
313 2793 394 2838 ch
423 2793 540 2838 cedit
570 2793 678 2838 edF.
831 2799 856 2838 5
883 2796 1036 2850 primo
1067 2801 1110 2840 et
1138 2795 1179 2839 R·
1215 2796 1364 2852 primo
1395 2795 1430 2838 L
1463 2795 1534 2839 ed.
1568 2797 1616 2839 et
1655 2794 1776 2839 solet
1813 2793 1880 2838 sic

195 2851 421 2897 Donatus
559 2857 613 2896 13
645 2853 766 2898 subit
797 2853 832 2896 L
863 2855 1005 2898 subiit
1033 2854 1088 2898 R.
1141 2854 1146 2911 Ι
1202 2855 1338 2909 fraus
1371 2853 1454 2897 LR.
1486 2868 1574 2898 om.
1600 2853 1671 2898 ed.
1703 2854 1881 2908 frustra

195 2927 218 2955 r
247 2925 345 2956 nos.
441 2915 492 2954 17
524 2912 677 2966 forma
698 2911 785 2955 LR
809 2913 880 2956 ed.
905 2927 990 2958 ‘nov
991 2927 1068 2958 ma
1098 2927 1196 2957 1105.
1292 2918 1349 2957 20
1380 2919 1604 2958 mereatur
1626 2912 1712 2956 LR
1743 2912 1826 2956 sed
1848 2925 1879 2955 a

197 2983 298 3028 exp.
323 2971 366 3014 R
396 2970 509 3028 ipse.
633 2975 687 3015 27
721 2985 875 3016 casum
906 2971 948 3015 R
978 2986 1111 3017 casus
1139 2986 1164 3015 1·
1181 2972 1289 3015 =L
1321 2986 1474 3017 casum
1506 2972 1576 3016 ed..
