2014 3226
230 714 629 782 TIBERI
686 713 1099 781 CLAUDI
1154 713 1582 780 DONATI

61 867 151 915 AD
184 865 513 913 TIBERIUM
547 864 911 986 ΟΙΑΑΕΙΞΙΙΠΙΞξ1
934 864 1258 986 ὒὲῘΑῘξΙΒῙΙᾺΠΜ
1299 863 1754 911 DONATIANUM

717 939 741 985 I
814 939 859 986 U

59 1068 954 1131 INTERPRETATIONUM
1007 1069 1121 1129 VE
1134 1068 1294 1130 RGrI
1303 1067 1754 1130 LIANARUM

548 1228 922 1284 AENEIDOS
962 1228 1183 1282 LIBER
1223 1228 1264 1283 Ι.

170 1349 337 1419 [Post]
377 1354 491 1402 illos
525 1355 614 1415 qui
643 1354 911 1401 Mantuani
940 1355 1072 1402 vatis
1111 1354 1236 1401 mihi
1276 1354 1496 1401 carmina
1535 1353 1751 1402 tradide-

60 1431 174 1477 runt
204 1431 418 1491 postque
450 1428 566 1476 illos
598 1444 811 1490 quorum
842 1427 984 1476 libris
1016 1427 1328 1476 voluminum
1353 1443 1479 1489 quae
1505 1427 1751 1477 Aeneidos

58 1503 396 1551 inscribuntur
437 1502 582 1564 quasi
622 1502 828 1564 quidam
869 1502 1004 1550 solus
1046 1504 1096 1549 et
1134 1503 1309 1564 purior
1346 1502 1632 1550 intellectus
1674 1519 1751 1549 ex-

59 1592 253 1639 pressus
294 1579 369 1625 est
409 1577 554 1624 silere
594 1577 774 1624 melius
814 1577 914 1624 fuit
953 1592 1103 1638 quam
1144 1575 1392 1638 loquendo
1434 1578 1619 1624 crimen
1668 1576 1752 1624 ad-

17 1667 40 1711 5
60 1651 280 1714 rogantis
330 1651 594 1698 incurrere.
673 1651 759 1699 sed
805 1666 917 1698 cum
965 1650 1275 1697 adverterem
1313 1650 1440 1697 nihil
1486 1652 1752 1714 magistros

61 1724 312 1787 discipulis
354 1726 574 1788 conferre
617 1724 749 1786 quod
788 1726 967 1786 sapiat,
1001 1725 1268 1786 scriptores
1307 1727 1475 1771 autem
1509 1740 1752 1772 commen-

60 1801 299 1847 tariorum
347 1815 446 1847 non
494 1798 701 1847 docendi
748 1798 937 1859 studio,
985 1798 1071 1846 sed
1117 1799 1383 1846 memoriae
1434 1814 1553 1846 suae
1602 1814 1753 1847 causa

22 1908 28 1909 κ
62 1873 303 1934 quaedam
342 1873 610 1922 favorabili
648 1873 781 1933 stilo,
820 1874 981 1921 multa
1016 1875 1186 1920 tamen
1217 1872 1445 1920 involuta
1476 1872 1752 1934 reliquisse,

60 1945 200 2007 haec,
255 1946 326 1994 fili
383 1949 659 2008 carissime,
713 1949 791 1995 tui
845 1963 992 1995 causa
1047 1947 1338 2008 conscripsi,
1393 1963 1493 1995 non
1539 1949 1598 1995 ut
1645 1947 1752 1995 sola

0 2034 43 2098 ³2
62 2020 298 2085 perlegas,
340 2021 425 2069 sed
468 2024 524 2070 ut
563 2021 844 2070 conlatione
885 2021 1059 2069 habita
1097 2021 1360 2084 intellegas
1401 2021 1523 2083 quid
1561 2021 1655 2068 tibi
1695 2038 1753 2068 ex

178 2178 406 2222 Aeneidos
436 2178 548 2223 liber
572 2179 608 2222 Ι
631 2178 798 2234 incipit
825 2178 1022 2232 feliciter
1050 2176 1086 2219 L
1118 2177 1312 2232 feliciter
1342 2153 1432 2222 om.
1458 2176 1512 2220 R.

180 2330 204 2369 1
236 2326 340 2370 illos
371 2325 458 2368 LU
483 2331 589 2382 post
618 2326 723 2370 illos
752 2326 841 2369 ΒΟ
874 2325 946 2369 ed.
987 2323 1212 2382 quoniam
1242 2326 1262 2368 i
1292 2324 1342 2368 in
1373 2324 1409 2367 L
1441 2323 1641 2368 initialis
1675 2324 1752 2368 lit-

12 2386 187 2502 §teme
218 2384 369 2429 instar
400 2384 686 2428 ornamentis
718 2384 947 2442 insignita
972 2385 1044 2428 est
1065 2397 1152 2428 nec
1177 2383 1305 2428 credi
1327 2385 1486 2440 potest
1507 2382 1753 2427 librarium

60 2443 260 2500 primum
283 2443 478 2488 verbum
502 2443 728 2500 omisisse,
754 2444 1037 2500 archetypus
1057 2449 1162 2500 post
1184 2455 1279 2486 non
1302 2442 1525 2486 habuisse
1550 2443 1749 2498 videtur,

12 2415 116 2557 gli,
140 2503 222 2558 qui
246 2502 342 2546 alia
367 2516 551 2560 quoque
576 2503 788 2558 correxit,
806 2517 890 2560 per
914 2503 1232 2547 coniecturam
1256 2502 1498 2557 adiecisse,
1515 2502 1558 2545 X
1575 2504 1752 2546 utram-

62 2574 152 2617 que
182 2561 434 2606 lectionem
463 2561 745 2606 exhibuisse.
792 2564 951 2619 potest
981 2562 1105 2606 enim
1135 2562 1253 2605 Don.
1279 2561 1431 2619 figura
1461 2561 1556 2605 ἀπὸ
1586 2569 1751 2606 κοινοῦ

39 2631 172 2664 usus
211 2634 331 2676 esse,
365 2635 508 2678 quam
540 2626 582 2675 2,
607 2625 706 2666 507
748 2627 788 2675 4,
817 2626 915 2665 215.
957 2625 998 2675 9,
1023 2626 1108 2665 331
1151 2620 1349 2665 adhibet
1387 2621 1448 2664 ad
1487 2620 1752 2677 exemplum

0 2631 259 2748 {Vergilii
307 2657 346 2735 7⁹,
372 2685 471 2724 296.
520 2684 562 2736 9,
585 2685 671 2725 427
716 2657 792 2737 (cf'.
824 2680 1052 2738 Forbiger
1090 2680 1151 2724 ad
1191 2685 1232 2733 5,
1266 2682 1384 2735 512).
1448 2679 1753 2736 quamobrem

58 2742 165 2794 post
198 2739 330 2783 uncis
369 2739 617 2796 inclusi!
674 2741 787 2784 mihi
817 2739 904 2783 LR
934 2740 1020 2784 tibi
1049 2740 1099 2782 in
1129 2753 1277 2796 marg.
1310 2752 1394 2796 pro
1427 2739 1695 2783 coniectura
1729 2753 1753 2781 r

61 2799 208 2851 recte,
237 2800 297 2842 ut
323 2798 509 2855 opinor,
542 2798 600 2843 cf.
632 2798 781 2856 praef.
955 2803 981 2842 2
1008 2804 1199 2855 postque
1228 2798 1271 2842 Β
1297 2802 1405 2854 post
1431 2810 1560 2854 quem
1590 2812 1638 2840 m
1669 2797 1751 2841 ab·

59 2868 168 2900 rasa
189 2833 240 2901 L.
269 2861 276 2912 Ι
309 2859 590 2902 voluminum
617 2859 699 2915 qui
721 2858 856 2915 LR.1
890 2871 1082 2915 quorum
1099 2884 1156 2890 —
1173 2863 1200 2902 3
1232 2858 1549 2911 inscribuntur
1577 2856 1752 2914 partim

62 2926 150 2958 om.
182 2914 356 2972 partim
386 2919 500 2960 mut.
533 2917 604 2961 ed.
787 2921 815 2960 4
844 2917 940 2972 fuit
969 2916 1055 2961 LR
1085 2921 1185 2961 erat
1215 2916 1286 2960 ed.
1374 2916 1378 2920 “
1471 2914 1497 2959 8
1527 2916 1632 2962 stilo
1664 2915 1750 2960 LR

60 2974 214 3018 melio
246 2975 317 3019 ed.
369 2978 375 3031 Ι
431 2977 631 3021 involute
662 2975 733 3020 ed.

151 3055 248 3089 Don.
271 3057 428 3097 interpr.
451 3058 564 3099 Vei-g.
594 3058 671 3091 vol.
694 3058 726 3090 Ι.
1369 3054 1391 3092 1
