2014 3226
166 135 235 185 24
628 131 856 174 DONATI
891 129 1170 173 INTERPR.
1206 129 1385 173 VERG.

165 276 267 323 rius
309 274 489 335 quippe
530 288 636 319 cum
679 273 826 318 initia
866 271 1227 333 cogitationum
1268 271 1371 317 eius
1405 272 1728 331 enumeraret,
1760 271 1854 330 his,

164 349 349 409 inquit,
398 363 600 394 accensa
648 361 814 406 super,
862 344 942 391 hic
991 344 1063 390 ait
1100 344 1225 391 talia
1264 343 1519 391 flammato
1560 358 1723 392 secum
1763 344 1856 393 dea

165 422 307 469 corde
339 422 581 469 volutans
646 420 756 480 plus
790 420 864 466 est
896 419 1028 464 enim
1059 418 1368 465 flammatum
1401 433 1549 478 quam
1583 432 1854 478 accensum,

164 496 290 542 unde
330 495 607 554 manifesta,
648 495 704 540 ut
743 492 931 540 dictum
970 494 1058 551 est,
1097 492 1290 540 ratione
1330 493 1659 552 monstratur,
1701 508 1853 553 quan-

163 573 269 616 tum
317 568 499 616 doloris
545 567 726 614 Iunoni
773 567 1032 614 accesserit
1079 581 1135 613 ex
1183 566 1537 627 conparatione
1576 567 1654 613 tot
1692 566 1851 614 modis
1900 586 1920 618 5

164 646 212 689 et
262 641 518 705 generibus
569 642 715 688 facta.
794 641 915 687 haec
952 636 1112 703 igitur
1151 655 1263 686 cum
1301 642 1542 687 tractaret
1579 638 1726 699 Iuno,
1775 655 1851 687 aer

163 717 294 777 cepit
348 716 405 762 de
461 715 682 775 exemplo
738 713 948 761 nocendi
1003 714 1287 761 consilium:
1358 713 1626 761 iuvabatur
1686 716 1853 762 autem

163 790 267 837 eius
315 790 548 848 intentio,
595 788 728 850 quod
768 788 974 836 Troiani
1019 803 1108 849 per
1152 786 1205 834 id
1251 788 1489 849 temporis
1532 787 1851 851 navigabant.

161 864 434 911 nimborum
473 865 526 910 in
557 864 793 921 patriam,
828 863 932 909 loca
963 863 1063 921 feta
1093 862 1367 920 fhtrentibus
1400 863 1597 916 austris.
1629 861 1854 910 Aeoliam

165 939 288 983 venit
313 975 321 983 .
350 974 358 982 .
386 974 396 983 .
423 975 432 985 .
461 953 494 982 .:
534 937 754 984 servavit
784 936 864 983 hie
895 935 1147 999 Vergilius
1178 951 1418 997 personae
1448 936 1695 983 rationem
1725 937 1851 987 miro
1879 955 1920 987 10

162 1011 280 1057 artis
319 1009 542 1073 ingenio,
581 1010 664 1057 sed
704 1010 756 1057 in
797 1026 854 1057 ea
892 1011 1058 1071 parte,
1097 1025 1197 1057 non
1239 1025 1362 1071 quae
1404 1011 1687 1071 conpeteret
1723 1011 1851 1073 regi—

159 1100 274 1143 nae,
325 1084 409 1131 sed
459 1099 584 1145 quae
634 1085 918 1132 conveniret
964 1085 1124 1131 iratae
1171 1086 1221 1130 et
1268 1085 1314 1130 ei
1355 1099 1480 1144 quae
1519 1083 1676 1131 nollet
1715 1098 1853 1132 occa-

161 1159 347 1205 sionem
385 1158 484 1205 loci
523 1159 572 1205 et
609 1159 847 1219 temporis
886 1157 1103 1219 perdere.
1174 1173 1291 1205 nam
1330 1158 1373 1205 si
1408 1172 1671 1219 personam
1701 1157 1853 1210 vellet

161 1232 415 1280 ostendere
429 1233 645 1295 reginae,
662 1233 859 1279 mittere
877 1231 1096 1293 aliquem
1114 1231 1174 1278 ad
1195 1231 1409 1279 Aeolum
1425 1231 1596 1279 debuit
1612 1233 1663 1279 et
1685 1231 1853 1279 iubere

160 1305 276 1367 quid
324 1305 475 1353 fieret.
567 1306 795 1369 neglecta
842 1321 959 1368 ergo
1007 1305 1270 1368 potestatis
1317 1305 1511 1353 ratione
1557 1307 1720 1353 totum
1767 1305 1850 1354 ad-
1878 1326 1920 1357 15

157 1381 325 1442 signat
363 1379 522 1427 ira-tae
562 1382 612 1427 et
651 1380 696 1426 ei
737 1395 886 1440 quam
926 1378 1136 1443 cogebat
1166 1379 1371 1428 ultionis
1405 1395 1513 1441 spes
1546 1380 1601 1427 in
1633 1379 1851 1428 evidenti

159 1455 444 1514 constituta,
484 1456 533 1500 et
570 1454 690 1501 licet
727 1453 871 1501 iratis
912 1455 962 1501 et
999 1453 1268 1501 flammatis
1309 1453 1527 1501 aestibus
1572 1455 1847 1502 animorum

157 1543 254 1574 non
281 1526 423 1574 detur
446 1528 643 1590 integra
675 1527 995 1575 consiliorum
1025 1527 1253 1587 intentio,
1285 1530 1454 1575 tamen
1484 1529 1648 1575 totum
1678 1528 1854 1576 miscet

157 1603 210 1648 in
255 1616 466 1662 persona
512 1600 742 1662 Iunonis,
789 1604 846 1648 ut
891 1603 1022 1649 irata
1069 1617 1170 1649 non
1225 1601 1560 1650 consideraret
1612 1602 1851 1649 iniuriam

158 1690 300 1723 suam
340 1678 389 1722 et
427 1675 631 1722 deorum
668 1677 841 1738 regina
871 1675 1104 1737 Iovisque
1143 1691 1267 1723 uxor
1299 1677 1349 1723 et
1381 1691 1519 1723 soror
1550 1675 1614 1729 ad
1640 1675 1851 1729 Aeolum
1875 1695 1919 1731 ‚20

157 1750 406 1812 pergeret,
461 1749 546 1796 sed
591 1749 678 1809 iis,
733 1750 791 1796 ut
837 1749 1026 1797 dictum
1074 1751 1170 1809 est,
1225 1749 1452 1797 omnibus
1507 1750 1687 1812 spretis
1741 1751 1853 1812 ipsa

157 1822 381 1882 vaderet,
421 1825 616 1870 curaret
654 1838 885 1885 praesens
926 1823 1058 1885 quod
1097 1823 1411 1872 desiderabat
1446 1823 1642 1885 inpleri.
1712 1839 1851 1872 man-

159 1894 277 1943 data
316 1897 448 1943 enim
487 1897 529 1944 si
568 1897 863 1958 extitissent,
903 1898 990 1945 aut
1028 1897 1227 1961 neglegi
1264 1899 1466 1959 possent
1504 1899 1593 1944 aut
1629 1913 1731 1951 non
1761 1913 1850 1960 pro

158 1969 415 2017 voluntate
439 1969 643 2018 Iunonis
675 1971 997 2032 procederent
1029 1973 1117 2019 aut
1148 1973 1429 2035 emergente
1459 1971 1700 2019 dilatione
1727 1970 1851 2020 facti

158 2043 363 2091 nocendi
417 2043 602 2105 periret
655 2046 858 2092 occasi0.
948 2061 1045 2107 quo
1098 2045 1208 2094 loco
1258 2045 1512 2109 Vergilius
1567 2045 1710 2093 docet
1762 2061 1851 2108 per
1874 2064 1917 2096 25

158 2119 352 2164 nosmet
380 2118 514 2178 ipsos
547 2117 792 2181 agendum
833 2119 965 2180 quod
1002 2120 1186 2167 rectius
1219 2121 1444 2181 cupimus
1475 2120 1754 2180 provenire,
1785 2122 1849 2180 et,

159 2192 202 2237 si
243 2190 439 2252 quando
480 2191 685 2239 inferior
722 2207 933 2253 persona
971 2192 1112 2242 nobis
1151 2194 1430 2242 necessaria
1477 2195 1551 2243 est
1598 2193 1662 2241 ad
1708 2209 1848 2255 prae-

161 2263 392 2313 standum
446 2264 577 2326 quod
629 2264 780 2314 habet
830 2268 884 2314 in
937 2269 1209 2328 potestate,
1263 2282 1513 2316 servemus
1559 2268 1606 2315 ei
1649 2266 1849 2316 honori-

158 2335 409 2386 ficentiam
462 2341 827 2400 conpetentem,
879 2343 940 2388 ut
991 2342 1178 2388 maiore
1225 2341 1392 2389 studio
1440 2341 1671 2403 conpleat
1717 2340 1849 2403 quod

160 2411 313 2458 fuerit
350 2413 701 2474 necessarium3
751 2416 981 2476 gratatur
1019 2416 1150 2462 enim
1189 2413 1284 2462 sibi
1324 2431 1354 2462 a
1390 2417 1584 2477 potiore
1623 2429 1726 2463 esse
1766 2414 1846 2462 de·
1871 2433 1916 2466 30
1947 2451 1951 2453 Α

156 2484 327 2532 latum.
407 2487 567 2533 cetera
616 2502 742 2547 quae
788 2490 1061 2549 sequuntur
1106 2503 1216 2536 eam
1260 2490 1506 2537 rationem
1552 2490 1745 2550 tenent,
1790 2492 1848 2536 ut

157 2559 370 2607 sciamus
401 2561 574 2608 ventos
607 2561 741 2608 cavis
773 2563 933 2609 terrae
957 2562 1036 2610 vel
1059 2563 1304 2611 montium
1330 2563 1586 2611 contineri.
1634 2561 1846 2622 Aeolum

278 2703 304 2741 2
335 2698 591 2752 flammatos
621 2705 663 2744 et
692 2714 794 2744 cum
824 2700 912 2745 LR
944 2714 1056 2746 corr.
1089 2716 1125 2747 r.
1282 2707 1336 2746 10
1366 2704 1476 2759 post
1504 2703 1628 2748 venit
1657 2701 1845 2747 collatis

156 2771 223 2800 vv.
259 2761 311 2801 81
356 2759 403 2800 et
444 2762 529 2802 100
570 2758 799 2805 excidisse
840 2762 956 2816 puto
995 2766 1037 2806 et
1073 2766 1219 2806 cetera
1257 2776 1372 2818 quae
1408 2766 1663 2818 sequuntur
1702 2774 1846 2817 usque

156 2815 349 2871 supplex
393 2817 467 2860 his
509 2818 691 2861 vocibus
735 2831 822 2862 usa
866 2823 950 2874 est,
997 2820 1220 2875 quoniam
1264 2835 1307 2864 v.
1346 2825 1403 2865 64
1449 2819 1723 2877 explicatur.
1854 2836 1858 2842 ⁴

161 2879 214 2917 16
247 2875 360 2930 quid
391 2874 476 2917 LR
508 2877 628 2932 quod
658 2875 731 2922 ed.
876 2882 930 2923 22
962 2879 1284 2931 desiderabant
1314 2879 1355 2922 R
1387 2893 1502 2927 corr,
1531 2894 1568 2923 r.
1714 2883 1768 2923 27
1801 2879 1845 2923 si

159 2945 246 2975 om.
282 2933 353 2977 ed.
490 2938 546 2976 28
578 2935 621 2977 ei
651 2934 686 2976 L
718 2950 741 2978 r
771 2935 820 2978 in
851 2950 940 2981 ras.
974 2942 1017 2981 et
1046 2938 1116 2985 ed.
1240 2943 1297 2981 30
1327 2939 1591 2996 matulam·
1621 2937 1694 2983 ed.
