2014 3226
172 175 280 227 246
640 173 871 216 DONATI
902 172 1181 216 INTERPR.
1214 172 1392 216 VERG.

169 315 384 363 hominis
440 316 488 360 et
544 315 678 361 cauti
735 314 954 359 animum
1009 315 1261 374 expressit.
1348 313 1433 360 ubi
1487 314 1618 361 enim
1669 313 1862 362 animus

170 404 350 452 magno
408 388 558 434 fuerit
611 390 797 433 terrore
854 386 1107 447 confusus,
1162 387 1453 448 plerumque
1501 403 1619 435 vera
1667 389 1716 434 et
1763 389 1862 434 evi-

171 463 341 509 dentia
387 477 485 509 non
533 462 684 509 sentit
733 463 781 507 et
820 459 948 507 falsa
986 476 1076 521 pro
1116 461 1245 508 veris
1286 461 1522 508 admittit.
1599 460 1735 508 visus
1775 463 1863 522 est,

170 538 348 597 inquit,
390 535 557 582 adesse
598 534 781 596 pedum
821 535 1033 581 sonitus:
1085 551 1184 581 non
1224 535 1349 581 dixit
1389 534 1558 582 audivi
1601 535 1863 596 strepitum

169 610 411 657 venientis
446 609 677 668 alicuius,
717 603 855 670 †hoc
888 609 1033 669 enim,
1067 608 1184 655 licet
1214 608 1357 668 falso,
1382 609 1580 656 videtur
1611 623 1862 656 occurrere
1909 626 1928 660 5
1984 599 1986 615 ³

172 683 302 744 quod
344 682 590 743 quispiam
628 683 786 728 timet.
857 681 1055 742 iamque
1094 682 1495 743 propinquabam
1532 683 1716 743 portis:
1755 683 1862 743 ipse

171 758 372 817 exponit
420 756 538 817 quid
586 757 651 803 sit
700 757 900 816 iamque
954 756 1355 818 propinquabam
1407 757 1590 817 portis,
1644 757 1736 803 hoc
1790 757 1865 803 est

170 830 302 877 enim
342 846 636 891 omnemque
674 829 880 877 videbar
918 831 1131 877 evasisse
1170 830 1319 891 viam,
1353 830 1517 878 subito
1551 845 1661 877 cum
1698 829 1865 877 creber

169 904 233 952 ad
273 905 404 951 auris
444 905 579 952 visus
621 903 788 951 adesse
827 902 1011 965 pedum
1052 905 1256 952 sonitus.
1331 906 1612 965 yenitorqae
1634 918 1728 963 per
1758 919 1862 950 nm·
1973 964 1976 965 ⁷

168 979 308 1026 bram
345 979 667 1038 prospiciens,
714 981 840 1032 nate,
889 978 1139 1034 exclamat,
1185 980 1313 1038 faye,
1352 981 1478 1034 nate,
1508 979 1861 1038 propinquant,
1887 995 1931 1029 ιο

168 1053 385 1099 ardentis
440 1053 614 1112 clipeos
669 1055 809 1111 atque
864 1066 982 1099 aera
1028 1053 1264 1100 micantia
1310 1066 1474 1100 cerno:
1537 1067 1567 1098 a
1613 1053 1862 1099 contrario

167 1126 295 1172 dixit
341 1141 506 1173 senem
555 1125 747 1187 aliquid
793 1125 975 1174 vidisse
1015 1142 1103 1187 per
1141 1125 1393 1186 tenebras,
1434 1141 1546 1174 cum
1586 1127 1738 1173 etiam
1775 1141 1864 1186 per

167 1200 298 1247 diem
343 1199 512 1247 tardos
558 1214 762 1261 prorsus
810 1201 897 1246 aut
942 1214 1098 1262 prope
1144 1200 1306 1247 nullos
1354 1199 1534 1247 habere
1580 1201 1741 1261 possit
1779 1199 1861 1247 ob—

166 1276 326 1335 tutus,
369 1274 454 1321 sed
493 1273 619 1321 dixit
650 1272 862 1335 speciem
895 1289 1022 1334 quae
1052 1274 1212 1336 magis
1243 1289 1333 1334 per
1362 1273 1592 1322 tenebras
1623 1273 1862 1321 facillime
1975 1331 1982 1339 .

166 1347 418 1396 videatur:
459 1347 677 1395 ardentis
718 1347 902 1409 clipeos
943 1350 1092 1408 atque
1133 1363 1248 1395 aera
1286 1349 1527 1395 micantia
1574 1363 1734 1395 cerno.
1813 1349 1862 1395 et
1886 1364 1928 1399 1⁶
1966 1323 1990 1417 ἐ

167 1421 371 1469 Aenean
411 1421 651 1484 pavidum
690 1424 739 1469 et
778 1420 1029 1469 Anchisen
1066 1423 1372 1469 metuentem
1411 1423 1665 1484 expressit.
1729 1421 1862 1483 quod

169 1498 334 1543 autem
374 1497 448 1543 ait
484 1497 838 1557 propinquant,
877 1494 1005 1542 illud
1043 1496 1205 1544 voluit
1237 1495 1492 1543 ostendere
1525 1495 1658 1558 quod
1688 1511 1862 1543 revera
1963 1551 1967 1562 Β

167 1570 499 1618 certissimum
538 1572 634 1630 est,
675 1568 834 1617 omnis
875 1570 1007 1617 enim
1045 1569 1246 1616 flamma
1277 1586 1366 1631 per
1395 1569 1625 1617 tenebras
1657 1570 1863 1631 propior
1956 1606 1965 1622 1

167 1643 365 1691 videtur
413 1659 565 1705 quam
612 1646 706 1704 est,
755 1643 962 1691 accessit
1008 1646 1056 1690 et
1101 1645 1263 1692 metus
1312 1646 1360 1691 et
1399 1645 1518 1691 fecit
1557 1643 1859 1707 angustioris

166 1719 502 1779 proximitatis
535 1719 948 1766 aestimationem.
996 1719 1127 1765 certe
1153 1733 1304 1779 quam
1326 1718 1530 1780 pulchre
1553 1718 1718 1779 ipsum
1742 1718 1862 1765 fecit
1885 1735 1928 1769 ιο

166 1792 362 1855 longius
409 1792 577 1840 videre
625 1791 756 1853 quod
803 1791 1029 1840 consulto
1076 1792 1230 1840 vitari
1268 1791 1538 1852 debuisset,
1592 1793 1691 1839 fuit
1730 1793 1862 1839 enim
1950 1782 1965 1851 ξ

166 1865 219 1912 in
258 1881 448 1914 summo
488 1865 798 1927 liberumque
839 1866 886 1912 ei
923 1866 1022 1913 fuit
1060 1881 1160 1914 non
1198 1866 1462 1914 vadentem
1504 1865 1711 1928 pedibus
1759 1865 1860 1912 suis
1953 1877 1964 1939 ᾗ

80 1944 164 1982 735
184 1955 282 2001 quo
329 1940 481 1987 vellet
528 1939 695 1988 oculos
742 1942 976 2002 torquere
1023 1941 1073 1987 et
1118 1939 1327 1988 flectere.
1404 1941 1482 1988 hic
1533 1941 1654 1988 mihi
1701 1941 1860 1988 nescio

168 2014 296 2074 qnod
326 2014 509 2073 trepido
540 2014 668 2062 male
698 2028 880 2062 namen
910 2016 1123 2061 amicam
1155 2015 1409 2074 confusam
1436 2015 1617 2074 eripuit
1636 2017 1862 2062 mentem:
1951 2012 1982 2078 ξ

167 2087 297 2135 male
337 2089 553 2136 amicum
590 2104 775 2135 numen
812 2089 1071 2135 inimicum
1108 2088 1258 2136 multi
1297 2089 1562 2150 accipiunt.
1639 2095 1727 2135 nos
1771 2103 1861 2149 pu-
1884 2087 1977 2144 a?
1992 2093 1996 2116 ¹

166 2162 332 2209 tamus
387 2162 516 2209 male
571 2163 786 2209 amicum
848 2177 952 2210 esse
1014 2161 1147 2224 quod
1207 2177 1306 2210 uno
1368 2164 1592 2223 tempore
1655 2161 1862 2210 adversa
1948 2146 1985 2234 ἕξ

167 2236 416 2297 prosperis
448 2236 637 2297 miscet,
669 2237 727 2283 ut
756 2237 810 2283 in
840 2237 1094 2297 praesenti
1124 2237 1314 2284 factum
1346 2238 1442 2283 est:
1480 2236 1611 2284 male
1647 2235 1862 2284 amicum
1949 2230 1969 2258 ἱ

169 2309 336 2356 extitit
373 2310 514 2357 iuxta
545 2308 764 2370 Aenean,
797 2309 917 2371 quia
954 2309 1253 2357 facilitatem
1291 2309 1524 2372 praebuit
1563 2309 1773 2357 exeundi
1812 2311 1863 2358 et

166 2382 352 2431 invidit
388 2398 605 2430 uxorem.
672 2385 885 2431 amicum
923 2383 1081 2448 igitur
1118 2382 1217 2431 dici
1254 2399 1355 2431 non
1391 2384 1572 2446 potuit,
1605 2384 1723 2444 quia
1761 2398 1861 2431 non

167 2456 388 2504 servavit
426 2458 703 2518 universos,
750 2458 1012 2506 inimicum
1050 2457 1149 2505 dici
1186 2473 1287 2506 non
1324 2458 1514 2519 potuit,
1561 2458 1681 2520 quia
1717 2473 1859 2519 prae·
1883 2474 1929 2508 so
1968 2495 1970 2497 >

167 2530 300 2578 stitit
328 2529 633 2578 beneficium.
688 2531 876 2579 dictum
907 2547 1024 2595 ergo
1056 2532 1256 2595 proprie
1279 2532 1409 2579 male
1433 2531 1663 2594 amicum,
1686 2533 1861 2592 utpote

290 2690 312 2729 1
346 2686 472 2742 capti
501 2685 542 2728 R
573 2686 702 2730 cauti
730 2700 754 2729 1·
778 2707 833 2722 =
858 2686 907 2730 L.
1053 2692 1079 2729 3
1112 2701 1236 2732 unus
1265 2686 1352 2730 LR,
1381 2687 1508 2731 visus
1537 2701 1572 2731 r.
1722 2690 1749 2730 5
1780 2686 1862 2731 hoc

167 2745 288 2789 enim
327 2745 430 2790 licet
465 2745 586 2800 falso
616 2744 704 2788 LR
735 2747 1005 2802 corruptum
1035 2747 1166 2802 puto,
1197 2745 1397 2790 fortasse
1435 2746 1517 2790 hoc
1545 2747 1667 2790 enim
1697 2746 1862 2790 diceret

163 2805 302 2859 falso,
333 2804 457 2848 dicit.
552 2807 606 2847 19
640 2805 924 2862 anqustiores
946 2805 1034 2848 LR
1057 2806 1143 2850 -re's
1172 2818 1257 2848 nos
1283 2818 1396 2849 -rem
1425 2819 1448 2847 r
1470 2805 1542 2848 ed.
1636 2809 1692 2848 20
1723 2817 1862 2860 quant
1938 2837 1943 2840 ·

168 2862 254 2906 LR
285 2877 401 2919 quae
433 2862 504 2907 ed.
620 2867 676 2906 22
708 2862 946 2908 vadentem
976 2863 1064 2907 LR
1094 2864 1165 2908 ed.
1197 2864 1414 2909 vadenti?
1521 2868 1578 2908 25
1609 2864 1745 2908 malti
1773 2862 1861 2907 LR
1934 2864 1943 2907 ἰ

165 2935 338 2966 numen
360 2922 431 2967 ed.
461 2924 477 2979 Ι.
493 2935 577 2966 nos
598 2922 642 2966 R
665 2922 716 2966 id
739 2922 789 2977 L,
815 2922 896 2966 sed
921 2922 1126 2967 secunda.
1148 2935 1292 2967 manu
1323 2922 1524 2967 evanida
1553 2922 1720 2979 prima,
1745 2921 1861 2967 item

163 2980 240 3024 ed.
342 2985 398 3025 29
430 2979 601 3026 invidit
630 2980 718 3024 LR
747 2994 842 3026 non
871 2981 990 3026 vidit
1021 2982 1093 3026 ed.
1194 2986 1249 3026 31
1282 2987 1442 3038 utpute
1471 2982 1558 3025 LR
1589 2987 1756 3038 utputa
1786 2980 1881 3026 cdl·
1936 2991 1937 2994 ’
