<?xml version="1.0" encoding="UTF-8"?>
<!DOCTYPE html PUBLIC "-//W3C//DTD XHTML 1.0 Transitional//EN"
    "http://www.w3.org/TR/xhtml1/DTD/xhtml1-transitional.dtd">
<html xmlns="http://www.w3.org/1999/xhtml" xml:lang="en" lang="en">
 <head>
  <title>
</title>
<meta http-equiv="Content-Type" content="text/html;charset=utf-8" />
  <meta name='ocr-system' content='tesseract 3.04.00' />
  <meta name='ocr-capabilities' content='ocr_page ocr_carea ocr_par ocr_line ocrx_word'/>
</head>
<body>
  <div class='ocr_page' id='page_1' title='image "./interpretationes01donauoft_0333.png"; bbox 0 0 2014 3226; ppageno 0'>
   <div class='ocr_carea' id='block_1_1' title="bbox 0 999 4 1818">
    <p class='ocr_par' dir='ltr' id='par_1_1' title="bbox 0 999 4 1818">
     <span class='ocr_line' id='line_1_1' title="bbox 0 999 4 1818; baseline 0 0"><span class='ocrx_word' id='word_1_1' title='bbox 0 999 4 1818; x_wconf 95' lang='lat' dir='ltr'> </span> 
     </span>
    </p>
   </div>
   <div class='ocr_carea' id='block_1_2' title="bbox 771 175 1822 229">
    <p class='ocr_par' dir='ltr' id='par_1_2' title="bbox 771 175 1822 229">
     <span class='ocr_line' id='line_1_2' title="bbox 771 175 1822 229; baseline 0 -11"><span class='ocrx_word' id='word_1_2' title='bbox 771 175 1072 220; x_wconf 75' lang='lat' dir='ltr'>AENEIDos</span> <span class='ocrx_word' id='word_1_3' title='bbox 1105 176 1167 219; x_wconf 84' lang='lat'>111</span> <span class='ocrx_word' id='word_1_4' title='bbox 1713 178 1822 229; x_wconf 78' lang='lat'>283</span> 
     </span>
    </p>
   </div>
   <div class='ocr_carea' id='block_1_3' title="bbox 0 316 1905 2378">
    <p class='ocr_par' dir='ltr' id='par_1_3' title="bbox 0 316 1905 2378">
     <span class='ocr_line' id='line_1_3' title="bbox 129 316 1822 379; baseline 0.001 -16"><span class='ocrx_word' id='word_1_5' title='bbox 129 317 331 377; x_wconf 61' lang='lat' dir='ltr'>legimus</span> <span class='ocrx_word' id='word_1_6' title='bbox 368 318 495 375; x_wconf 82' lang='lat' dir='ltr'>freta</span> <span class='ocrx_word' id='word_1_7' title='bbox 536 317 718 362; x_wconf 76' lang='lat' dir='ltr'>concita</span> <span class='ocrx_word' id='word_1_8' title='bbox 757 316 922 362; x_wconf 86' lang='lat' dir='ltr'>terris:</span> <span class='ocrx_word' id='word_1_9' title='bbox 970 331 998 362; x_wconf 91' lang='lat' dir='ltr'>a</span> <span class='ocrx_word' id='word_1_10' title='bbox 1038 317 1198 377; x_wconf 89' lang='lat' dir='ltr'>specie</span> <span class='ocrx_word' id='word_1_11' title='bbox 1238 317 1439 364; x_wconf 86' lang='lat' dir='ltr'>transiit</span> <span class='ocrx_word' id='word_1_12' title='bbox 1478 316 1540 363; x_wconf 90' lang='lat' dir='ltr'>ad</span> <span class='ocrx_word' id='word_1_13' title='bbox 1580 318 1822 379; x_wconf 88' lang='lat' dir='ltr'>generali-</span> 
     </span>
     <span class='ocr_line' id='line_1_4' title="bbox 129 389 1821 454; baseline 0.001 -17"><span class='ocrx_word' id='word_1_14' title='bbox 129 393 307 451; x_wconf 82' lang='lat' dir='ltr'>tatem3</span> <span class='ocrx_word' id='word_1_15' title='bbox 349 389 474 437; x_wconf 89' lang='lat' dir='ltr'>dixit</span> <span class='ocrx_word' id='word_1_16' title='bbox 507 389 637 436; x_wconf 89' lang='lat' dir='ltr'>enim</span> <span class='ocrx_word' id='word_1_17' title='bbox 671 390 867 450; x_wconf 90' lang='lat' dir='ltr'>aliquas</span> <span class='ocrx_word' id='word_1_18' title='bbox 900 389 1086 437; x_wconf 91' lang='lat' dir='ltr'>insulas</span> <span class='ocrx_word' id='word_1_19' title='bbox 1128 406 1238 437; x_wconf 91' lang='lat' dir='ltr'>cum</span> <span class='ocrx_word' id='word_1_20' title='bbox 1271 391 1425 454; x_wconf 90' lang='lat' dir='ltr'>signis</span> <span class='ocrx_word' id='word_1_21' title='bbox 1459 394 1508 438; x_wconf 89' lang='lat' dir='ltr'>et</span> <span class='ocrx_word' id='word_1_22' title='bbox 1539 391 1821 438; x_wconf 89' lang='lat' dir='ltr'>nominibus</span> 
     </span>
     <span class='ocr_line' id='line_1_5' title="bbox 129 462 1823 526; baseline 0.001 -16"><span class='ocrx_word' id='word_1_23' title='bbox 129 464 244 523; x_wconf 88' lang='lat' dir='ltr'>suis,</span> <span class='ocrx_word' id='word_1_24' title='bbox 284 479 413 511; x_wconf 89' lang='lat' dir='ltr'>nunc</span> <span class='ocrx_word' id='word_1_25' title='bbox 454 465 526 510; x_wconf 86' lang='lat' dir='ltr'>ait</span> <span class='ocrx_word' id='word_1_26' title='bbox 566 466 615 510; x_wconf 92' lang='lat' dir='ltr'>et</span> <span class='ocrx_word' id='word_1_27' title='bbox 655 462 835 510; x_wconf 84' lang='lat' dir='ltr'>crebris</span> <span class='ocrx_word' id='word_1_28' title='bbox 875 462 1087 526; x_wconf 89' lang='lat' dir='ltr'>legimus</span> <span class='ocrx_word' id='word_1_29' title='bbox 1127 464 1254 512; x_wconf 89' lang='lat' dir='ltr'>freta</span> <span class='ocrx_word' id='word_1_30' title='bbox 1287 465 1480 512; x_wconf 91' lang='lat' dir='ltr'>concita</span> <span class='ocrx_word' id='word_1_31' title='bbox 1511 466 1671 524; x_wconf 84' lang='lat' dir='ltr'>terris,</span> <span class='ocrx_word' id='word_1_32' title='bbox 1704 466 1823 526; x_wconf 88' lang='lat' dir='ltr'>quia</span> 
     </span>
     <span class='ocr_line' id='line_1_6' title="bbox 129 536 1822 600; baseline -0.001 -15"><span class='ocrx_word' id='word_1_33' title='bbox 129 553 216 585; x_wconf 90' lang='lat' dir='ltr'>nec</span> <span class='ocrx_word' id='word_1_34' title='bbox 249 538 580 600; x_wconf 75' lang='lat' dir='ltr'>cognitionem</span> <span class='ocrx_word' id='word_1_35' title='bbox 608 537 788 583; x_wconf 88' lang='lat' dir='ltr'>habere</span> <span class='ocrx_word' id='word_1_36' title='bbox 813 536 1005 584; x_wconf 84' lang='lat' dir='ltr'>Aeneas</span> <span class='ocrx_word' id='word_1_37' title='bbox 1030 539 1196 598; x_wconf 77' lang='lat' dir='ltr'>potuit</span> <span class='ocrx_word' id='word_1_38' title='bbox 1220 538 1576 586; x_wconf 87' lang='lat' dir='ltr'>vocabulorum</span> <span class='ocrx_word' id='word_1_39' title='bbox 1602 538 1822 586; x_wconf 92' lang='lat' dir='ltr'>omnium</span> 
     </span>
     <span class='ocr_line' id='line_1_7' title="bbox 80 611 1822 675; baseline 0 -16"><span class='ocrx_word' id='word_1_40' title='bbox 80 629 100 660; x_wconf 84' lang='lat'>5</span> <span class='ocrx_word' id='word_1_41' title='bbox 128 614 178 658; x_wconf 87' lang='lat' dir='ltr'>et</span> <span class='ocrx_word' id='word_1_42' title='bbox 218 611 442 658; x_wconf 91' lang='lat' dir='ltr'>odiosum</span> <span class='ocrx_word' id='word_1_43' title='bbox 483 611 580 658; x_wconf 86' lang='lat' dir='ltr'>fuit</span> <span class='ocrx_word' id='word_1_44' title='bbox 617 611 910 658; x_wconf 74' lang='lat' dir='ltr'>relationem</span> <span class='ocrx_word' id='word_1_45' title='bbox 949 613 1111 671; x_wconf 84' lang='lat' dir='ltr'>ipsam</span> <span class='ocrx_word' id='word_1_46' title='bbox 1143 615 1304 660; x_wconf 83' lang='lat' dir='ltr'>facere</span> <span class='ocrx_word' id='word_1_47' title='bbox 1336 612 1623 675; x_wconf 84' lang='lat' dir='ltr'>longiorem.</span> <span class='ocrx_word' id='word_1_48' title='bbox 1689 612 1822 674; x_wconf 92' lang='lat' dir='ltr'>quod</span> 
     </span>
     <span class='ocr_line' id='line_1_8' title="bbox 127 685 1820 749; baseline 0.001 -17"><span class='ocrx_word' id='word_1_49' title='bbox 127 687 198 732; x_wconf 82' lang='lat' dir='ltr'>ait</span> <span class='ocrx_word' id='word_1_50' title='bbox 237 685 460 749; x_wconf 80' lang='lat' dir='ltr'>legimus,</span> <span class='ocrx_word' id='word_1_51' title='bbox 494 685 700 733; x_wconf 87' lang='lat' dir='ltr'>verbum</span> <span class='ocrx_word' id='word_1_52' title='bbox 740 687 814 732; x_wconf 91' lang='lat' dir='ltr'>est</span> <span class='ocrx_word' id='word_1_53' title='bbox 852 685 1131 746; x_wconf 79' lang='lat' dir='ltr'>nauticum3</span> <span class='ocrx_word' id='word_1_54' title='bbox 1172 703 1286 732; x_wconf 90' lang='lat' dir='ltr'>nam</span> <span class='ocrx_word' id='word_1_55' title='bbox 1323 686 1486 748; x_wconf 90' lang='lat' dir='ltr'>legere</span> <span class='ocrx_word' id='word_1_56' title='bbox 1521 687 1674 747; x_wconf 85' lang='lat' dir='ltr'>aiunt,</span> <span class='ocrx_word' id='word_1_57' title='bbox 1710 702 1820 734; x_wconf 89' lang='lat' dir='ltr'>cum</span> 
     </span>
     <span class='ocr_line' id='line_1_9' title="bbox 124 758 1819 823; baseline 0.001 -17"><span class='ocrx_word' id='word_1_58' title='bbox 124 759 367 823; x_wconf 89' lang='lat' dir='ltr'>colligunt</span> <span class='ocrx_word' id='word_1_59' title='bbox 406 761 588 821; x_wconf 88' lang='lat' dir='ltr'>funem,</span> <span class='ocrx_word' id='word_1_60' title='bbox 636 759 799 822; x_wconf 89' lang='lat' dir='ltr'>legere</span> <span class='ocrx_word' id='word_1_61' title='bbox 842 758 1027 819; x_wconf 86' lang='lat' dir='ltr'>dicunt,</span> <span class='ocrx_word' id='word_1_62' title='bbox 1068 775 1179 806; x_wconf 91' lang='lat' dir='ltr'>cum</span> <span class='ocrx_word' id='word_1_63' title='bbox 1219 761 1385 823; x_wconf 82' lang='lat' dir='ltr'>pelagi</span> <span class='ocrx_word' id='word_1_64' title='bbox 1424 761 1619 821; x_wconf 89' lang='lat' dir='ltr'>prolixa</span> <span class='ocrx_word' id='word_1_65' title='bbox 1658 763 1819 808; x_wconf 87' lang='lat' dir='ltr'>trans-</span> 
     </span>
     <span class='ocr_line' id='line_1_10' title="bbox 124 833 1821 896; baseline 0.001 -16"><span class='ocrx_word' id='word_1_66' title='bbox 124 835 343 881; x_wconf 84' lang='lat' dir='ltr'>mittunt.</span> <span class='ocrx_word' id='word_1_67' title='bbox 406 833 497 880; x_wconf 92' lang='lat' dir='ltr'>hoc</span> <span class='ocrx_word' id='word_1_68' title='bbox 535 835 698 894; x_wconf 89' lang='lat' dir='ltr'>ipsum</span> <span class='ocrx_word' id='word_1_69' title='bbox 738 833 949 896; x_wconf 89' lang='lat' dir='ltr'>legimus</span> <span class='ocrx_word' id='word_1_70' title='bbox 990 833 1052 879; x_wconf 87' lang='lat' dir='ltr'>ad</span> <span class='ocrx_word' id='word_1_71' title='bbox 1093 835 1252 880; x_wconf 92' lang='lat' dir='ltr'>omnis</span> <span class='ocrx_word' id='word_1_72' title='bbox 1291 835 1478 882; x_wconf 88' lang='lat' dir='ltr'>insulas</span> <span class='ocrx_word' id='word_1_73' title='bbox 1513 837 1562 881; x_wconf 93' lang='lat' dir='ltr'>et</span> <span class='ocrx_word' id='word_1_74' title='bbox 1594 835 1655 881; x_wconf 91' lang='lat' dir='ltr'>ad</span> <span class='ocrx_word' id='word_1_75' title='bbox 1690 836 1821 882; x_wconf 86' lang='lat' dir='ltr'>freta</span> 
     </span>
     <span class='ocr_line' id='line_1_11' title="bbox 123 907 1818 969; baseline 0.001 -15"><span class='ocrx_word' id='word_1_76' title='bbox 123 907 351 969; x_wconf 77' lang='lat' dir='ltr'>pertinet,</span> <span class='ocrx_word' id='word_1_77' title='bbox 431 907 612 954; x_wconf 86' lang='lat' dir='ltr'>crebris</span> <span class='ocrx_word' id='word_1_78' title='bbox 666 907 795 968; x_wconf 80' lang='lat' dir='ltr'>ideo,</span> <span class='ocrx_word' id='word_1_79' title='bbox 845 907 963 968; x_wconf 87' lang='lat' dir='ltr'>quia</span> <span class='ocrx_word' id='word_1_80' title='bbox 1002 907 1095 955; x_wconf 89' lang='lat' dir='ltr'>hoc</span> <span class='ocrx_word' id='word_1_81' title='bbox 1135 908 1351 955; x_wconf 88' lang='lat' dir='ltr'>faciebat</span> <span class='ocrx_word' id='word_1_82' title='bbox 1390 908 1659 955; x_wconf 90' lang='lat' dir='ltr'>multarum</span> <span class='ocrx_word' id='word_1_83' title='bbox 1700 909 1818 956; x_wconf 91' lang='lat' dir='ltr'>vici-</span> 
     </span>
     <span class='ocr_line' id='line_1_12' title="bbox 56 981 1820 1030; baseline -0.001 0"><span class='ocrx_word' id='word_1_84' title='bbox 56 999 98 1030; x_wconf 82' lang='grc' dir='ltr'>ιο</span> <span class='ocrx_word' id='word_1_85' title='bbox 123 982 254 1029; x_wconf 89' lang='lat' dir='ltr'>nitas</span> <span class='ocrx_word' id='word_1_86' title='bbox 286 981 577 1030; x_wconf 80' lang='lat' dir='ltr'>insularum.</span> <span class='ocrx_word' id='word_1_87' title='bbox 639 983 867 1029; x_wconf 88' lang='lat' dir='ltr'>nauticus</span> <span class='ocrx_word' id='word_1_88' title='bbox 906 982 1118 1029; x_wconf 75' lang='lat' dir='ltr'>exoritur</span> <span class='ocrx_word' id='word_1_89' title='bbox 1157 983 1292 1029; x_wconf 40' lang='lat' dir='ltr'>‘vario</span> <span class='ocrx_word' id='word_1_90' title='bbox 1326 984 1583 1030; x_wconf 76' lang='lat' dir='ltr'>certamine</span> <span class='ocrx_word' id='word_1_91' title='bbox 1615 984 1820 1030; x_wconf 83' lang='lat' dir='ltr'>clamor:</span> 
     </span>
     <span class='ocr_line' id='line_1_13' title="bbox 123 1056 1819 1119; baseline 0.001 -17"><span class='ocrx_word' id='word_1_92' title='bbox 123 1056 201 1102; x_wconf 81' lang='lat' dir='ltr'>vel</span> <span class='ocrx_word' id='word_1_93' title='bbox 255 1071 441 1102; x_wconf 89' lang='lat' dir='ltr'>morem</span> <span class='ocrx_word' id='word_1_94' title='bbox 495 1057 764 1102; x_wconf 89' lang='lat' dir='ltr'>nautarum</span> <span class='ocrx_word' id='word_1_95' title='bbox 812 1057 1052 1116; x_wconf 85' lang='lat' dir='ltr'>expressit</span> <span class='ocrx_word' id='word_1_96' title='bbox 1100 1056 1179 1102; x_wconf 87' lang='lat' dir='ltr'>vel</span> <span class='ocrx_word' id='word_1_97' title='bbox 1227 1071 1396 1103; x_wconf 91' lang='lat' dir='ltr'>eorum</span> <span class='ocrx_word' id='word_1_98' title='bbox 1444 1056 1683 1119; x_wconf 90' lang='lat' dir='ltr'>gaudium</span> <span class='ocrx_word' id='word_1_99' title='bbox 1730 1056 1819 1118; x_wconf 92' lang='lat' dir='ltr'>qui</span> 
     </span>
     <span class='ocr_line' id='line_1_14' title="bbox 122 1129 1817 1193; baseline 0.001 -17"><span class='ocrx_word' id='word_1_100' title='bbox 122 1129 509 1193; x_wconf 86' lang='lat' dir='ltr'>suffragantibus</span> <span class='ocrx_word' id='word_1_101' title='bbox 566 1129 820 1177; x_wconf 86' lang='lat' dir='ltr'>elementis</span> <span class='ocrx_word' id='word_1_102' title='bbox 876 1129 939 1176; x_wconf 92' lang='lat' dir='ltr'>ad</span> <span class='ocrx_word' id='word_1_103' title='bbox 993 1145 1231 1191; x_wconf 89' lang='lat' dir='ltr'>prospera</span> <span class='ocrx_word' id='word_1_104' title='bbox 1286 1130 1554 1192; x_wconf 87' lang='lat' dir='ltr'>sperabant</span> <span class='ocrx_word' id='word_1_105' title='bbox 1609 1146 1658 1177; x_wconf 88' lang='lat' dir='ltr'>se</span> <span class='ocrx_word' id='word_1_106' title='bbox 1714 1146 1817 1178; x_wconf 84' lang='lat' dir='ltr'>esse</span> 
     </span>
     <span class='ocr_line' id='line_1_15' title="bbox 121 1204 1818 1265; baseline 0.001 -15"><span class='ocrx_word' id='word_1_107' title='bbox 121 1205 368 1251; x_wconf 89' lang='lat' dir='ltr'>venturos.</span> <span class='ocrx_word' id='word_1_108' title='bbox 445 1204 610 1264; x_wconf 82' lang='lat' dir='ltr'>vario,</span> <span class='ocrx_word' id='word_1_109' title='bbox 656 1204 845 1264; x_wconf 88' lang='lat' dir='ltr'>inquit,</span> <span class='ocrx_word' id='word_1_110' title='bbox 894 1205 1185 1265; x_wconf 84' lang='lat' dir='ltr'>certamine3</span> <span class='ocrx_word' id='word_1_111' title='bbox 1239 1205 1292 1250; x_wconf 93' lang='lat' dir='ltr'>in</span> <span class='ocrx_word' id='word_1_112' title='bbox 1339 1204 1455 1252; x_wconf 85' lang='lat' dir='ltr'>navi</span> <span class='ocrx_word' id='word_1_113' title='bbox 1505 1206 1635 1250; x_wconf 88' lang='lat' dir='ltr'>enim</span> <span class='ocrx_word' id='word_1_114' title='bbox 1676 1204 1818 1251; x_wconf 87' lang='lat' dir='ltr'>varia</span> 
     </span>
     <span class='ocr_line' id='line_1_16' title="bbox 19 1277 1815 1326; baseline 0.001 -2"><span class='ocrx_word' id='word_1_115' title='bbox 19 1301 34 1311; x_wconf 60' lang='grc' dir='ltr'>ν</span> <span class='ocrx_word' id='word_1_116' title='bbox 122 1280 235 1324; x_wconf 91' lang='lat' dir='ltr'>sunt</span> <span class='ocrx_word' id='word_1_117' title='bbox 290 1277 454 1324; x_wconf 86' lang='lat' dir='ltr'>officia</span> <span class='ocrx_word' id='word_1_118' title='bbox 509 1280 559 1325; x_wconf 90' lang='lat' dir='ltr'>et</span> <span class='ocrx_word' id='word_1_119' title='bbox 612 1279 780 1325; x_wconf 91' lang='lat' dir='ltr'>tamen</span> <span class='ocrx_word' id='word_1_120' title='bbox 835 1279 1003 1325; x_wconf 90' lang='lat' dir='ltr'>omnia</span> <span class='ocrx_word' id='word_1_121' title='bbox 1057 1293 1167 1325; x_wconf 92' lang='lat' dir='ltr'>cum</span> <span class='ocrx_word' id='word_1_122' title='bbox 1222 1278 1491 1325; x_wconf 84' lang='lat' dir='ltr'>certamine</span> <span class='ocrx_word' id='word_1_123' title='bbox 1539 1281 1588 1325; x_wconf 93' lang='lat' dir='ltr'>et</span> <span class='ocrx_word' id='word_1_124' title='bbox 1635 1278 1815 1326; x_wconf 90' lang='lat' dir='ltr'>labore.</span> 
     </span>
     <span class='ocr_line' id='line_1_17' title="bbox 53 1350 1816 1412; baseline -0.001 -12"><span class='ocrx_word' id='word_1_125' title='bbox 53 1367 93 1400; x_wconf 71' lang='grc' dir='ltr'>ιε</span> <span class='ocrx_word' id='word_1_126' title='bbox 118 1352 374 1398; x_wconf 78' lang='lat' dir='ltr'>hortantur</span> <span class='ocrx_word' id='word_1_127' title='bbox 405 1353 521 1399; x_wconf 85' lang='lat' dir='ltr'>socii</span> <span class='ocrx_word' id='word_1_128' title='bbox 549 1350 742 1400; x_wconf 82' lang='lat' dir='ltr'>Cretam</span> <span class='ocrx_word' id='word_1_129' title='bbox 763 1366 1074 1411; x_wconf 76' lang='lat' dir='ltr'>proavosque</span> <span class='ocrx_word' id='word_1_130' title='bbox 1095 1355 1348 1412; x_wconf 73' lang='lat' dir='ltr'>petamus:</span> <span class='ocrx_word' id='word_1_131' title='bbox 1388 1352 1652 1400; x_wconf 88' lang='lat' dir='ltr'>credebant</span> <span class='ocrx_word' id='word_1_132' title='bbox 1685 1353 1816 1399; x_wconf 90' lang='lat' dir='ltr'>enim</span> 
     </span>
     <span class='ocr_line' id='line_1_18' title="bbox 121 1425 1817 1485; baseline 0.001 -13"><span class='ocrx_word' id='word_1_133' title='bbox 121 1425 183 1472; x_wconf 92' lang='lat' dir='ltr'>ad</span> <span class='ocrx_word' id='word_1_134' title='bbox 234 1441 292 1473; x_wconf 90' lang='lat' dir='ltr'>ea</span> <span class='ocrx_word' id='word_1_135' title='bbox 346 1426 455 1473; x_wconf 92' lang='lat' dir='ltr'>loca</span> <span class='ocrx_word' id='word_1_136' title='bbox 510 1426 771 1485; x_wconf 84' lang='lat' dir='ltr'>confestim</span> <span class='ocrx_word' id='word_1_137' title='bbox 826 1441 876 1474; x_wconf 91' lang='lat' dir='ltr'>se</span> <span class='ocrx_word' id='word_1_138' title='bbox 931 1441 1036 1474; x_wconf 90' lang='lat' dir='ltr'>esse</span> <span class='ocrx_word' id='word_1_139' title='bbox 1086 1427 1321 1474; x_wconf 85' lang='lat' dir='ltr'>venturos</span> <span class='ocrx_word' id='word_1_140' title='bbox 1368 1425 1497 1473; x_wconf 92' lang='lat' dir='ltr'>unde</span> <span class='ocrx_word' id='word_1_141' title='bbox 1546 1426 1817 1474; x_wconf 88' lang='lat' dir='ltr'>Troianum</span> 
     </span>
     <span class='ocr_line' id='line_1_19' title="bbox 118 1499 1905 1563; baseline 0 -17"><span class='ocrx_word' id='word_1_142' title='bbox 118 1515 271 1563; x_wconf 90' lang='lat' dir='ltr'>genus</span> <span class='ocrx_word' id='word_1_143' title='bbox 330 1499 588 1547; x_wconf 87' lang='lat' dir='ltr'>dicebatur</span> <span class='ocrx_word' id='word_1_144' title='bbox 642 1502 882 1548; x_wconf 88' lang='lat' dir='ltr'>exortum.</span> <span class='ocrx_word' id='word_1_145' title='bbox 952 1502 1268 1560; x_wconf 75' lang='lat' dir='ltr'>prosequitur</span> <span class='ocrx_word' id='word_1_146' title='bbox 1320 1515 1523 1561; x_wconf 63' lang='lat' dir='ltr'>surgens</span> <span class='ocrx_word' id='word_1_147' title='bbox 1570 1516 1602 1548; x_wconf 91' lang='lat' dir='ltr'>a</span> <span class='ocrx_word' id='word_1_148' title='bbox 1638 1501 1905 1560; x_wconf 72' lang='lat' dir='ltr'>puppi130</span> 
     </span>
     <span class='ocr_line' id='line_1_20' title="bbox 119 1574 1816 1634; baseline 0.001 -14.002"><span class='ocrx_word' id='word_1_149' title='bbox 119 1576 287 1622; x_wconf 74' lang='lat' dir='ltr'>ventus</span> <span class='ocrx_word' id='word_1_150' title='bbox 327 1576 497 1630; x_wconf 79' lang='lat' dir='ltr'>eunti8‚</span> <span class='ocrx_word' id='word_1_151' title='bbox 539 1577 581 1621; x_wconf 88' lang='lat' dir='ltr'>et</span> <span class='ocrx_word' id='word_1_152' title='bbox 619 1575 814 1622; x_wconf 83' lang='lat' dir='ltr'>tandem</span> <span class='ocrx_word' id='word_1_153' title='bbox 853 1576 1068 1634; x_wconf 76' lang='lat' dir='ltr'>antiquis</span> <span class='ocrx_word' id='word_1_154' title='bbox 1103 1574 1334 1623; x_wconf 80' lang='lat' dir='ltr'>Curetum</span> <span class='ocrx_word' id='word_1_155' title='bbox 1373 1575 1655 1622; x_wconf 81' lang='lat' dir='ltr'>adlabimur</span> <span class='ocrx_word' id='word_1_156' title='bbox 1694 1576 1816 1622; x_wconf 81' lang='lat' dir='ltr'>oris:</span> 
     </span>
     <span class='ocr_line' id='line_1_21' title="bbox 116 1648 1814 1710; baseline 0.001 -16"><span class='ocrx_word' id='word_1_157' title='bbox 116 1648 223 1709; x_wconf 91' lang='lat' dir='ltr'>ipse</span> <span class='ocrx_word' id='word_1_158' title='bbox 271 1650 346 1696; x_wconf 89' lang='lat' dir='ltr'>est</span> <span class='ocrx_word' id='word_1_159' title='bbox 391 1650 568 1695; x_wconf 85' lang='lat' dir='ltr'>ventus</span> <span class='ocrx_word' id='word_1_160' title='bbox 615 1649 899 1710; x_wconf 89' lang='lat' dir='ltr'>prosperior</span> <span class='ocrx_word' id='word_1_161' title='bbox 946 1650 996 1696; x_wconf 88' lang='lat' dir='ltr'>et</span> <span class='ocrx_word' id='word_1_162' title='bbox 1041 1649 1471 1696; x_wconf 82' lang='lat' dir='ltr'>vehementissime</span> <span class='ocrx_word' id='word_1_163' title='bbox 1511 1649 1814 1696; x_wconf 86' lang='lat' dir='ltr'>necessarius</span> 
     </span>
     <span class='ocr_line' id='line_1_22' title="bbox 20 1716 1813 1784; baseline 0.001 -16"><span class='ocrx_word' id='word_1_164' title='bbox 20 1716 94 1778; x_wconf 69' lang='lat' dir='ltr'>lso</span> <span class='ocrx_word' id='word_1_165' title='bbox 118 1721 205 1784; x_wconf 91' lang='lat' dir='ltr'>qui</span> <span class='ocrx_word' id='word_1_166' title='bbox 243 1722 452 1784; x_wconf 91' lang='lat' dir='ltr'>puppim</span> <span class='ocrx_word' id='word_1_167' title='bbox 490 1724 632 1771; x_wconf 78' lang='lat' dir='ltr'>navis</span> <span class='ocrx_word' id='word_1_168' title='bbox 672 1723 885 1784; x_wconf 89' lang='lat' dir='ltr'>inpellit.</span> <span class='ocrx_word' id='word_1_169' title='bbox 950 1722 1084 1784; x_wconf 90' lang='lat' dir='ltr'>quod</span> <span class='ocrx_word' id='word_1_170' title='bbox 1125 1725 1291 1771; x_wconf 90' lang='lat' dir='ltr'>autem</span> <span class='ocrx_word' id='word_1_171' title='bbox 1331 1722 1458 1769; x_wconf 80' lang='lat' dir='ltr'>dixit</span> <span class='ocrx_word' id='word_1_172' title='bbox 1494 1722 1697 1770; x_wconf 88' lang='lat' dir='ltr'>tandem</span> <span class='ocrx_word' id='word_1_173' title='bbox 1729 1722 1813 1769; x_wconf 88' lang='lat' dir='ltr'>ad-</span> 
     </span>
     <span class='ocr_line' id='line_1_23' title="bbox 117 1795 1813 1858; baseline 0.001 -16"><span class='ocrx_word' id='word_1_174' title='bbox 117 1796 344 1858; x_wconf 86' lang='lat' dir='ltr'>labimur,</span> <span class='ocrx_word' id='word_1_175' title='bbox 378 1811 488 1843; x_wconf 90' lang='lat' dir='ltr'>cum</span> <span class='ocrx_word' id='word_1_176' title='bbox 519 1795 760 1844; x_wconf 89' lang='lat' dir='ltr'>Anchises</span> <span class='ocrx_word' id='word_1_177' title='bbox 793 1797 1000 1845; x_wconf 80' lang='lat' dir='ltr'>dixisset</span> <span class='ocrx_word' id='word_1_178' title='bbox 1032 1798 1213 1858; x_wconf 84' lang='lat' dir='ltr'>„tertia</span> <span class='ocrx_word' id='word_1_179' title='bbox 1243 1797 1328 1844; x_wconf 89' lang='lat' dir='ltr'>lux</span> <span class='ocrx_word' id='word_1_180' title='bbox 1361 1797 1566 1844; x_wconf 87' lang='lat' dir='ltr'>classem</span> <span class='ocrx_word' id='word_1_181' title='bbox 1595 1796 1813 1844; x_wconf 88' lang='lat' dir='ltr'>Cretaeis</span> 
     </span>
     <span class='ocr_line' id='line_1_24' title="bbox 115 1869 1813 1934; baseline 0 -17"><span class='ocrx_word' id='word_1_182' title='bbox 115 1870 260 1917; x_wconf 83' lang='lat' dir='ltr'>sistet</span> <span class='ocrx_word' id='word_1_183' title='bbox 297 1872 350 1917; x_wconf 87' lang='lat' dir='ltr'>in</span> <span class='ocrx_word' id='word_1_184' title='bbox 390 1869 519 1918; x_wconf 86' lang='lat' dir='ltr'>oris“</span> <span class='ocrx_word' id='word_1_185' title='bbox 523 1909 534 1932; x_wconf 87' lang='lat'>,</span> <span class='ocrx_word' id='word_1_186' title='bbox 582 1888 681 1919; x_wconf 89' lang='lat' dir='ltr'>non</span> <span class='ocrx_word' id='word_1_187' title='bbox 721 1872 942 1932; x_wconf 85' lang='lat' dir='ltr'>prolixae</span> <span class='ocrx_word' id='word_1_188' title='bbox 984 1874 1072 1919; x_wconf 89' lang='lat' dir='ltr'>aut</span> <span class='ocrx_word' id='word_1_189' title='bbox 1110 1871 1282 1919; x_wconf 89' lang='lat' dir='ltr'>tardae</span> <span class='ocrx_word' id='word_1_190' title='bbox 1323 1871 1658 1934; x_wconf 86' lang='lat' dir='ltr'>navigationis</span> <span class='ocrx_word' id='word_1_191' title='bbox 1702 1870 1813 1931; x_wconf 87' lang='lat' dir='ltr'>suit,</span> 
     </span>
     <span class='ocr_line' id='line_1_25' title="bbox 17 1943 1813 2006; baseline 0 -15"><span class='ocrx_word' id='word_1_192' title='bbox 17 1999 19 2001; x_wconf 42' lang='grc'><strong>,</strong></span> <span class='ocrx_word' id='word_1_193' title='bbox 115 1943 202 1992; x_wconf 90' lang='lat' dir='ltr'>sed</span> <span class='ocrx_word' id='word_1_194' title='bbox 255 1943 582 2006; x_wconf 88' lang='lat' dir='ltr'>cupiditatem</span> <span class='ocrx_word' id='word_1_195' title='bbox 635 1944 1024 1993; x_wconf 89' lang='lat' dir='ltr'>desiderantium</span> <span class='ocrx_word' id='word_1_196' title='bbox 1078 1946 1242 1992; x_wconf 88' lang='lat' dir='ltr'>voluit</span> <span class='ocrx_word' id='word_1_197' title='bbox 1295 1945 1656 2006; x_wconf 84' lang='lat' dir='ltr'>demonstrare3</span> <span class='ocrx_word' id='word_1_198' title='bbox 1709 1947 1813 1992; x_wconf 85' lang='lat' dir='ltr'>tar-</span> 
     </span>
     <span class='ocr_line' id='line_1_26' title="bbox 0 2004 1814 2082; baseline 0 -17"><span class='ocrx_word' id='word_1_199' title='bbox 0 2004 20 2072; x_wconf 69' lang='grc' dir='ltr'>ξ</span> <span class='ocrx_word' id='word_1_200' title='bbox 115 2018 233 2065; x_wconf 91' lang='lat' dir='ltr'>dum</span> <span class='ocrx_word' id='word_1_201' title='bbox 279 2021 354 2066; x_wconf 89' lang='lat' dir='ltr'>est</span> <span class='ocrx_word' id='word_1_202' title='bbox 399 2019 533 2066; x_wconf 82' lang='lat' dir='ltr'>enim</span> <span class='ocrx_word' id='word_1_203' title='bbox 580 2020 915 2082; x_wconf 86' lang='lat' dir='ltr'>cupientibus,</span> <span class='ocrx_word' id='word_1_204' title='bbox 963 2021 1159 2067; x_wconf 87' lang='lat' dir='ltr'>etiamsi</span> <span class='ocrx_word' id='word_1_205' title='bbox 1206 2019 1460 2067; x_wconf 90' lang='lat' dir='ltr'>celeritate</span> <span class='ocrx_word' id='word_1_206' title='bbox 1508 2033 1701 2066; x_wconf 89' lang='lat' dir='ltr'>summa</span> <span class='ocrx_word' id='word_1_207' title='bbox 1748 2017 1814 2065; x_wconf 92' lang='lat' dir='ltr'>ad</span> 
     </span>
     <span class='ocr_line' id='line_1_27' title="bbox 0 2093 1813 2155; baseline -0.001 -15"><span class='ocrx_word' id='word_1_208' title='bbox 0 2149 1 2154; x_wconf 13' lang='lat'>¹</span> <span class='ocrx_word' id='word_1_209' title='bbox 46 2107 91 2140; x_wconf 73' lang='lat'>25</span> <span class='ocrx_word' id='word_1_210' title='bbox 116 2094 291 2154; x_wconf 86' lang='lat' dir='ltr'>optata</span> <span class='ocrx_word' id='word_1_211' title='bbox 329 2093 410 2140; x_wconf 89' lang='lat' dir='ltr'>vel</span> <span class='ocrx_word' id='word_1_212' title='bbox 449 2096 647 2154; x_wconf 81' lang='lat' dir='ltr'>sperata</span> <span class='ocrx_word' id='word_1_213' title='bbox 685 2094 992 2155; x_wconf 84' lang='lat' dir='ltr'>perveniant.</span> <span class='ocrx_word' id='word_1_214' title='bbox 1060 2107 1168 2153; x_wconf 74' lang='lat' dir='ltr'>erqo</span> <span class='ocrx_word' id='word_1_215' title='bbox 1209 2093 1387 2141; x_wconf 82' lang='lat' dir='ltr'>avidus</span> <span class='ocrx_word' id='word_1_216' title='bbox 1425 2107 1591 2140; x_wconf 86' lang='lat' dir='ltr'>muros</span> <span class='ocrx_word' id='word_1_217' title='bbox 1622 2095 1813 2152; x_wconf 76' lang='lat' dir='ltr'>optatae</span> 
     </span>
     <span class='ocr_line' id='line_1_28' title="bbox 0 2160 1812 2236; baseline 0 -23"><span class='ocrx_word' id='word_1_218' title='bbox 0 2184 21 2236; x_wconf 45' lang='grc' dir='ltr'>,ξ</span> <span class='ocrx_word' id='word_1_219' title='bbox 112 2167 284 2214; x_wconf 82' lang='lat' dir='ltr'>molior</span> <span class='ocrx_word' id='word_1_220' title='bbox 321 2167 483 2214; x_wconf 84' lang='lat' dir='ltr'>urbis:</span> <span class='ocrx_word' id='word_1_221' title='bbox 538 2167 742 2215; x_wconf 86' lang='lat' dir='ltr'>avidum</span> <span class='ocrx_word' id='word_1_222' title='bbox 782 2167 908 2215; x_wconf 89' lang='lat' dir='ltr'>dixit</span> <span class='ocrx_word' id='word_1_223' title='bbox 948 2183 1044 2215; x_wconf 91' lang='lat' dir='ltr'>non</span> <span class='ocrx_word' id='word_1_224' title='bbox 1085 2182 1313 2227; x_wconf 77' lang='lat' dir='ltr'>avarum,</span> <span class='ocrx_word' id='word_1_225' title='bbox 1363 2166 1447 2213; x_wconf 92' lang='lat' dir='ltr'>sed</span> <span class='ocrx_word' id='word_1_226' title='bbox 1496 2160 1640 2232; x_wconf 89' lang='lat' dir='ltr'>(haec</span> <span class='ocrx_word' id='word_1_227' title='bbox 1680 2166 1812 2214; x_wconf 89' lang='lat' dir='ltr'>enim</span> 
     </span>
     <span class='ocr_line' id='line_1_29' title="bbox 0 2235 1809 2306; baseline -0.001 -18"><span class='ocrx_word' id='word_1_228' title='bbox 0 2240 18 2255; x_wconf 67' lang='lat'><strong>⁶</strong></span> <span class='ocrx_word' id='word_1_229' title='bbox 114 2242 217 2288; x_wconf 87' lang='lat' dir='ltr'>otio</span> <span class='ocrx_word' id='word_1_230' title='bbox 272 2241 586 2289; x_wconf 86' lang='lat' dir='ltr'>consentiunt</span> <span class='ocrx_word' id='word_1_231' title='bbox 632 2243 682 2290; x_wconf 91' lang='lat' dir='ltr'>et</span> <span class='ocrx_word' id='word_1_232' title='bbox 729 2241 790 2290; x_wconf 91' lang='lat' dir='ltr'>ab</span> <span class='ocrx_word' id='word_1_233' title='bbox 839 2242 1011 2289; x_wconf 88' lang='lat' dir='ltr'>otiosis</span> <span class='ocrx_word' id='word_1_234' title='bbox 1060 2240 1168 2288; x_wconf 87' lang='lat' dir='ltr'>fieri</span> <span class='ocrx_word' id='word_1_235' title='bbox 1214 2235 1538 2306; x_wconf 87' lang='lat' dir='ltr'>consuerunt)</span> <span class='ocrx_word' id='word_1_236' title='bbox 1585 2256 1691 2288; x_wconf 90' lang='lat' dir='ltr'>rem</span> <span class='ocrx_word' id='word_1_237' title='bbox 1736 2241 1809 2287; x_wconf 90' lang='lat' dir='ltr'>in·</span> 
     </span>
     <span class='ocr_line' id='line_1_30' title="bbox 114 2314 1811 2378; baseline 0.001 -17"><span class='ocrx_word' id='word_1_238' title='bbox 114 2314 419 2362; x_wconf 82' lang='lat' dir='ltr'>stituendam</span> <span class='ocrx_word' id='word_1_239' title='bbox 443 2315 565 2363; x_wconf 80' lang='lat' dir='ltr'>satis</span> <span class='ocrx_word' id='word_1_240' title='bbox 588 2318 952 2378; x_wconf 85' lang='lat' dir='ltr'>properantem.</span> <span class='ocrx_word' id='word_1_241' title='bbox 1000 2315 1408 2376; x_wconf 73' lang='lat' dir='ltr'>Peryameamque</span> <span class='ocrx_word' id='word_1_242' title='bbox 1431 2328 1542 2362; x_wconf 78' lang='lat' dir='ltr'>voco</span> <span class='ocrx_word' id='word_1_243' title='bbox 1567 2317 1612 2363; x_wconf 87' lang='lat' dir='ltr'>et</span> <span class='ocrx_word' id='word_1_244' title='bbox 1632 2315 1811 2362; x_wconf 84' lang='lat' dir='ltr'>laetam</span> 
     </span>
    </p>
   </div>
   <div class='ocr_carea' id='block_1_4' title="bbox 116 2407 470 2413">
    <p class='ocr_par' dir='ltr' id='par_1_4' title="bbox 116 2407 470 2413">
     <span class='ocr_line' id='line_1_31' title="bbox 116 2407 470 2413; baseline 0 0"><span class='ocrx_word' id='word_1_245' title='bbox 116 2407 470 2413; x_wconf 95' lang='lat' dir='ltr'> </span> 
     </span>
    </p>
   </div>
   <div class='ocr_carea' id='block_1_5' title="bbox 112 2455 1810 3032">
    <p class='ocr_par' dir='ltr' id='par_1_5' title="bbox 112 2455 1810 2691">
     <span class='ocr_line' id='line_1_32' title="bbox 233 2455 1718 2512; baseline 0.001 -14"><span class='ocrx_word' id='word_1_246' title='bbox 233 2459 258 2498; x_wconf 86' lang='lat'>9</span> <span class='ocrx_word' id='word_1_247' title='bbox 286 2457 522 2512; x_wconf 80' lang='lat' dir='ltr'>pertinent</span> <span class='ocrx_word' id='word_1_248' title='bbox 552 2456 638 2500; x_wconf 78' lang='lat' dir='ltr'>LR</span> <span class='ocrx_word' id='word_1_249' title='bbox 669 2470 784 2500; x_wconf 85' lang='lat' dir='ltr'>corr.</span> <span class='ocrx_word' id='word_1_250' title='bbox 818 2457 889 2499; x_wconf 90' lang='lat' dir='ltr'>ed.</span> <span class='ocrx_word' id='word_1_251' title='bbox 1077 2459 1133 2498; x_wconf 91' lang='grc'>10</span> <span class='ocrx_word' id='word_1_252' title='bbox 1162 2456 1292 2500; x_wconf 71' lang='lat' dir='ltr'>exori</span> <span class='ocrx_word' id='word_1_253' title='bbox 1322 2455 1408 2498; x_wconf 90' lang='lat' dir='ltr'>LR</span> <span class='ocrx_word' id='word_1_254' title='bbox 1446 2456 1654 2499; x_wconf 62' lang='lat' dir='ltr'>exoritur</span> <span class='ocrx_word' id='word_1_255' title='bbox 1683 2470 1718 2498; x_wconf 88' lang='lat' dir='ltr'>r.</span> 
     </span>
     <span class='ocr_line' id='line_1_33' title="bbox 117 2514 1810 2560; baseline 0.001 -3"><span class='ocrx_word' id='word_1_256' title='bbox 117 2518 171 2558; x_wconf 87' lang='lat'>14</span> <span class='ocrx_word' id='word_1_257' title='bbox 207 2519 248 2558; x_wconf 90' lang='lat' dir='ltr'>et</span> <span class='ocrx_word' id='word_1_258' title='bbox 278 2521 430 2559; x_wconf 82' lang='lat' dir='ltr'>tamen</span> <span class='ocrx_word' id='word_1_259' title='bbox 459 2515 546 2558; x_wconf 86' lang='lat' dir='ltr'>LR</span> <span class='ocrx_word' id='word_1_260' title='bbox 583 2521 624 2560; x_wconf 87' lang='lat' dir='ltr'>et</span> <span class='ocrx_word' id='word_1_261' title='bbox 662 2530 750 2559; x_wconf 90' lang='lat' dir='ltr'>om.</span> <span class='ocrx_word' id='word_1_262' title='bbox 777 2516 848 2559; x_wconf 86' lang='lat' dir='ltr'>ed.</span> <span class='ocrx_word' id='word_1_263' title='bbox 1005 2519 1059 2558; x_wconf 83' lang='lat'>15</span> <span class='ocrx_word' id='word_1_264' title='bbox 1098 2517 1392 2559; x_wconf 82' lang='lat' dir='ltr'>certabantwr</span> <span class='ocrx_word' id='word_1_265' title='bbox 1421 2514 1457 2558; x_wconf 92' lang='lat' dir='ltr'>L</span> <span class='ocrx_word' id='word_1_266' title='bbox 1496 2515 1733 2559; x_wconf 82' lang='lat' dir='ltr'>certabant</span> <span class='ocrx_word' id='word_1_267' title='bbox 1770 2514 1810 2557; x_wconf 88' lang='lat' dir='ltr'><strong>R</strong></span> 
     </span>
     <span class='ocr_line' id='line_1_34' title="bbox 112 2573 1808 2620; baseline -0.001 -2"><span class='ocrx_word' id='word_1_268' title='bbox 112 2574 373 2618; x_wconf 87' lang='lat' dir='ltr'>certabatur</span> <span class='ocrx_word' id='word_1_269' title='bbox 401 2573 447 2618; x_wconf 93' lang='lat' dir='ltr'>H</span> <span class='ocrx_word' id='word_1_270' title='bbox 485 2574 567 2619; x_wconf 85' lang='lat' dir='ltr'>edI</span> <span class='ocrx_word' id='word_1_271' title='bbox 603 2577 898 2620; x_wconf 85' lang='lat' dir='ltr'>certabantwr</span> <span class='ocrx_word' id='word_1_272' title='bbox 928 2573 965 2618; x_wconf 91' lang='grc' dir='ltr'>Ο</span> <span class='ocrx_word' id='word_1_273' title='bbox 1006 2574 1272 2619; x_wconf 82' lang='lat' dir='ltr'>credebatur</span> <span class='ocrx_word' id='word_1_274' title='bbox 1312 2573 1407 2618; x_wconf 80' lang='lat' dir='ltr'>edF</span> <span class='ocrx_word' id='word_1_275' title='bbox 1448 2573 1688 2618; x_wconf 82' lang='lat' dir='ltr'>credebant</span> <span class='ocrx_word' id='word_1_276' title='bbox 1724 2586 1808 2616; x_wconf 84' lang='lat' dir='ltr'>nos</span> 
     </span>
     <span class='ocr_line' id='line_1_35' title="bbox 113 2631 1806 2691; baseline -0.001 -14"><span class='ocrx_word' id='word_1_277' title='bbox 113 2633 324 2690; x_wconf 83' lang='lat' dir='ltr'>(propter</span> <span class='ocrx_word' id='word_1_278' title='bbox 352 2647 398 2678; x_wconf 88' lang='lat' dir='ltr'>se</span> <span class='ocrx_word' id='word_1_279' title='bbox 428 2647 518 2678; x_wconf 84' lang='lat' dir='ltr'>esse</span> <span class='ocrx_word' id='word_1_280' title='bbox 546 2636 789 2691; x_wconf 83' lang='lat' dir='ltr'>venturos).</span> <span class='ocrx_word' id='word_1_281' title='bbox 914 2637 967 2676; x_wconf 85' lang='lat'>17</span> <span class='ocrx_word' id='word_1_282' title='bbox 1001 2633 1269 2678; x_wconf 79' lang='lat' dir='ltr'>dieibantur</span> <span class='ocrx_word' id='word_1_283' title='bbox 1299 2633 1386 2676; x_wconf 83' lang='lat' dir='ltr'>LR.</span> <span class='ocrx_word' id='word_1_284' title='bbox 1416 2633 1652 2677; x_wconf 80' lang='lat' dir='ltr'>dicebatur</span> <span class='ocrx_word' id='word_1_285' title='bbox 1681 2647 1705 2675; x_wconf 93' lang='lat' dir='ltr'>r</span> <span class='ocrx_word' id='word_1_286' title='bbox 1734 2631 1806 2676; x_wconf 84' lang='lat' dir='ltr'>ed.</span> 
     </span>
    </p>

    <p class='ocr_par' dir='ltr' id='par_1_6' title="bbox 114 2692 1807 2808">
     <span class='ocr_line' id='line_1_36' title="bbox 205 2692 1807 2748; baseline 0 -13"><span class='ocrx_word' id='word_1_287' title='bbox 205 2696 258 2736; x_wconf 87' lang='grc'>19</span> <span class='ocrx_word' id='word_1_288' title='bbox 292 2697 356 2737; x_wconf 86' lang='lat' dir='ltr'>est</span> <span class='ocrx_word' id='word_1_289' title='bbox 386 2706 474 2736; x_wconf 93' lang='lat' dir='ltr'>om.</span> <span class='ocrx_word' id='word_1_290' title='bbox 501 2692 611 2737; x_wconf 84' lang='lat' dir='ltr'>edF.</span> <span class='ocrx_word' id='word_1_291' title='bbox 779 2697 835 2736; x_wconf 79' lang='lat'>25</span> <span class='ocrx_word' id='word_1_292' title='bbox 860 2694 1140 2748; x_wconf 76' lang='lat' dir='ltr'>proveniant</span> <span class='ocrx_word' id='word_1_293' title='bbox 1171 2692 1258 2736; x_wconf 86' lang='lat' dir='ltr'>LR</span> <span class='ocrx_word' id='word_1_294' title='bbox 1290 2692 1361 2735; x_wconf 88' lang='lat' dir='ltr'>ed</span> <span class='ocrx_word' id='word_1_295' title='bbox 1388 2693 1662 2748; x_wconf 75' lang='lat' dir='ltr'>perveniant</span> <span class='ocrx_word' id='word_1_296' title='bbox 1692 2704 1807 2735; x_wconf 83' lang='lat' dir='ltr'>corr.</span> 
     </span>
     <span class='ocr_line' id='line_1_37' title="bbox 114 2749 1806 2808; baseline -0.001 -13"><span class='ocrx_word' id='word_1_297' title='bbox 114 2749 185 2795; x_wconf 84' lang='lat' dir='ltr'>vel</span> <span class='ocrx_word' id='word_1_298' title='bbox 208 2751 286 2795; x_wconf 84' lang='lat' dir='ltr'>R·</span> <span class='ocrx_word' id='word_1_299' title='bbox 272 2765 376 2808; x_wconf 78' lang='lat' dir='ltr'>lpse</span> <span class='ocrx_word' id='word_1_300' title='bbox 399 2751 472 2796; x_wconf 90' lang='lat' dir='ltr'>vel</span> <span class='ocrx_word' id='word_1_301' title='bbox 494 2766 531 2796; x_wconf 88' lang='lat' dir='ltr'>r.</span> <span class='ocrx_word' id='word_1_302' title='bbox 638 2757 695 2796; x_wconf 83' lang='lat'>26</span> <span class='ocrx_word' id='word_1_303' title='bbox 726 2752 848 2796; x_wconf 86' lang='lat' dir='ltr'>enim</span> <span class='ocrx_word' id='word_1_304' title='bbox 873 2751 959 2795; x_wconf 87' lang='lat' dir='ltr'>LR</span> <span class='ocrx_word' id='word_1_305' title='bbox 990 2765 1079 2795; x_wconf 91' lang='lat' dir='ltr'>om.</span> <span class='ocrx_word' id='word_1_306' title='bbox 1105 2751 1176 2795; x_wconf 87' lang='lat' dir='ltr'>ed.</span> <span class='ocrx_word' id='word_1_307' title='bbox 1202 2750 1475 2808; x_wconf 82' lang='lat' dir='ltr'>parenthesi</span> <span class='ocrx_word' id='word_1_308' title='bbox 1503 2764 1598 2794; x_wconf 86' lang='lat' dir='ltr'>non</span> <span class='ocrx_word' id='word_1_309' title='bbox 1628 2750 1806 2807; x_wconf 77' lang='lat' dir='ltr'>agnita.</span> 
     </span>
    </p>

    <p class='ocr_par' dir='ltr' id='par_1_7' title="bbox 112 2767 1808 3032">
     <span class='ocr_line' id='line_1_38' title="bbox 204 2767 1808 2868; baseline -0.001 -14"><span class='ocrx_word' id='word_1_310' title='bbox 204 2814 259 2854; x_wconf 81' lang='lat'>27</span> <span class='ocrx_word' id='word_1_311' title='bbox 298 2812 408 2867; x_wconf 84' lang='lat' dir='ltr'>post</span> <span class='ocrx_word' id='word_1_312' title='bbox 445 2813 733 2856; x_wconf 81' lang='lat' dir='ltr'>consentiunt</span> <span class='ocrx_word' id='word_1_313' title='bbox 771 2810 979 2868; x_wconf 82' lang='lat' dir='ltr'>spatium</span> <span class='ocrx_word' id='word_1_314' title='bbox 1019 2767 1340 2867; x_wconf 78' lang='lat' dir='ltr'>septendpecim</span> <span class='ocrx_word' id='word_1_315' title='bbox 1374 2809 1640 2854; x_wconf 83' lang='lat' dir='ltr'>litterarum</span> <span class='ocrx_word' id='word_1_316' title='bbox 1670 2811 1808 2853; x_wconf 79' lang='lat' dir='ltr'>vacat</span> 
     </span>
     <span class='ocr_line' id='line_1_39' title="bbox 113 2867 1807 2925; baseline 0.001 -15"><span class='ocrx_word' id='word_1_317' title='bbox 113 2867 164 2911; x_wconf 91' lang='lat' dir='ltr'>in</span> <span class='ocrx_word' id='word_1_318' title='bbox 194 2869 235 2912; x_wconf 86' lang='lat' dir='ltr'>R.</span> <span class='ocrx_word' id='word_1_319' title='bbox 265 2869 387 2913; x_wconf 87' lang='lat' dir='ltr'>m&#39;hil</span> <span class='ocrx_word' id='word_1_320' title='bbox 419 2870 727 2915; x_wconf 83' lang='lat' dir='ltr'>desideratur.</span> <span class='ocrx_word' id='word_1_321' title='bbox 789 2870 868 2915; x_wconf 82' lang='lat' dir='ltr'>sed</span> <span class='ocrx_word' id='word_1_322' title='bbox 896 2871 1005 2914; x_wconf 78' lang='lat' dir='ltr'>baec</span> <span class='ocrx_word' id='word_1_323' title='bbox 1021 2895 1079 2902; x_wconf 88' lang='lat'>-</span> <span class='ocrx_word' id='word_1_324' title='bbox 1097 2875 1374 2915; x_wconf 77' lang='lat' dir='ltr'>consuerunt</span> <span class='ocrx_word' id='word_1_325' title='bbox 1405 2867 1630 2925; x_wconf 83' lang='lat' dir='ltr'>expunxit</span> <span class='ocrx_word' id='word_1_326' title='bbox 1660 2867 1735 2911; x_wconf 88' lang='lat' dir='ltr'>vel</span> <span class='ocrx_word' id='word_1_327' title='bbox 1764 2867 1807 2911; x_wconf 87' lang='lat' dir='ltr'>R</span> 
     </span>
     <span class='ocr_line' id='line_1_40' title="bbox 112 2926 1807 2986; baseline 0 -15"><span class='ocrx_word' id='word_1_328' title='bbox 112 2926 215 2984; x_wconf 81' lang='lat' dir='ltr'>ipse</span> <span class='ocrx_word' id='word_1_329' title='bbox 245 2928 319 2972; x_wconf 89' lang='lat' dir='ltr'>vel</span> <span class='ocrx_word' id='word_1_330' title='bbox 349 2943 384 2972; x_wconf 90' lang='lat' dir='ltr'>r.</span> <span class='ocrx_word' id='word_1_331' title='bbox 413 2932 421 2986; x_wconf 77' lang='grc' dir='ltr'>Ι</span> <span class='ocrx_word' id='word_1_332' title='bbox 447 2934 774 2975; x_wconf 80' lang='lat' dir='ltr'>consueverunt</span> <span class='ocrx_word' id='word_1_333' title='bbox 804 2929 875 2974; x_wconf 88' lang='lat' dir='ltr'>ed.</span> <span class='ocrx_word' id='word_1_334' title='bbox 920 2932 926 2986; x_wconf 87' lang='grc' dir='ltr'>Ι</span> <span class='ocrx_word' id='word_1_335' title='bbox 975 2929 1054 2974; x_wconf 81' lang='lat' dir='ltr'>sed</span> <span class='ocrx_word' id='word_1_336' title='bbox 1083 2942 1226 2986; x_wconf 85' lang='lat' dir='ltr'>supra</span> <span class='ocrx_word' id='word_1_337' title='bbox 1258 2929 1542 2985; x_wconf 82' lang='lat' dir='ltr'>expunctum</span> <span class='ocrx_word' id='word_1_338' title='bbox 1573 2929 1683 2971; x_wconf 85' lang='lat' dir='ltr'>ante</span> <span class='ocrx_word' id='word_1_339' title='bbox 1713 2941 1807 2972; x_wconf 81' lang='lat' dir='ltr'>rem</span> 
     </span>
     <span class='ocr_line' id='line_1_41' title="bbox 113 2985 376 3032; baseline 0.008 -3"><span class='ocrx_word' id='word_1_340' title='bbox 113 2985 312 3032; x_wconf 85' lang='lat' dir='ltr'>inseruit</span> <span class='ocrx_word' id='word_1_341' title='bbox 341 3002 376 3032; x_wconf 88' lang='lat' dir='ltr'>r.</span> 
     </span>
    </p>
   </div>
  </div>
 </body>
</html>
