2014 3226
173 174 281 225 512
641 172 872 216 DONATI
903 172 1185 216 INTERPR.
1220 173 1397 216 VERG.

171 313 475 373 mandasset,
530 315 692 360 totum
739 314 953 361 strictim
999 314 1223 373 transiit,
1282 329 1342 360 ne
1391 313 1599 360 eandem
1642 329 1747 361 rem
1792 313 1867 362 bis

172 387 379 447 diceret,
420 390 469 434 et
510 387 629 448 quid
654 386 766 434 sibi
805 387 1024 448 placeret
1062 386 1318 434 indicavit.
1399 387 1518 448 quid
1558 403 1661 435 esse
1700 389 1869 448 potuit

171 462 269 510 nisi
324 460 455 523 quod
510 461 765 522 superiora
821 460 1059 507 mandata
1115 459 1471 508 continebant?
1557 463 1678 509 haut
1729 475 1869 509 mora

170 537 386 584 consiliis
417 550 503 583 uec
534 537 673 582 iussa
703 538 896 583 recusat
925 533 1145 582 Acestes:
1182 534 1402 595 Acestes,
1435 551 1495 582 ne
1529 538 1702 583 contra
1733 535 1867 582 iussa

171 609 341 657 divina
379 608 566 658 faceret
613 610 700 655 aut
747 610 919 656 contra
966 610 1315 656 necessitatem
1366 624 1588 668 suorum,
1635 608 1762 656 nihil
1810 625 1867 656 ex
1914 625 1933 658 5
1952 606 1982 658 ἒξ

83 694 166 732 750
186 684 260 731 his
318 699 442 743 quae
498 683 722 744 conperit
775 682 1037 731 recusavit.
1131 684 1464 730 transcribunt
1523 684 1635 731 urbi
1688 686 1868 731 matres

160 758 494 817 populumque
531 758 763 804 volentem
802 757 1068 816 deponunt,
1117 759 1305 804 animos
1345 758 1419 804 nil
1456 771 1664 818 magnae
1703 757 1867 804 laudis
1953 783 1957 787 -

171 833 367 889 eqentis:
430 830 738 893 deputabant
799 831 1031 878 mulieres
1094 831 1294 878 futurae
1356 830 1468 878 urbi
1523 833 1574 878 et
1625 831 1868 892 populum
1950 830 1952 835 ’

168 905 359 951 nullam
414 905 626 968 gloriam
679 894 1034 966 requirentem,
1089 906 1144 951 in
1199 905 1536 967 appellatione
1590 905 1767 967 populi
1818 907 1867 952 et

170 981 358 1027 aetates
398 980 583 1026 mixtae
623 981 739 1027 sunt
779 981 828 1026 et
867 994 1009 1027 sexus
1050 981 1100 1026 et
1138 981 1333 1026 merita.
1403 981 1502 1039 ipsi
1532 982 1751 1026 transtra
1782 993 1866 1026 no·
1891 995 1934 1028 ιο

168 1057 307 1108 eant,
347 1054 635 1117 navigaturi
665 1053 868 1101 scilicet.
946 1054 1160 1112 flammis
1191 1054 1390 1101 ambesa
1419 1057 1660 1113 reponunt
1689 1054 1867 1101 robora

168 1129 397 1187 uaviyiiS,
445 1131 618 1187 aptant
662 1141 910 1186 remosque
947 1128 1261 1187 rudentisque
1308 1129 1470 1188 exiyui
1518 1141 1735 1183 numere,
1784 1127 1869 1174 sed

171 1202 289 1250 bello
335 1202 504 1250 vivida
554 1203 734 1249 virtus:
786 1202 886 1262 ipsi
936 1202 1105 1265 exigui
1153 1217 1381 1262 numero,
1436 1201 1520 1248 sed
1569 1203 1656 1262 qui
1703 1203 1867 1249 essent

168 1275 312 1324 bellis
338 1277 586 1338 aptissimi
608 1275 861 1323 novabant
892 1277 1114 1323 transtra
1146 1277 1196 1322 et
1219 1291 1393 1324 remos.
1456 1275 1693 1337 quoniam
1718 1290 1867 1337 supra

170 1350 296 1397 dixit
337 1344 494 1415 (662)
535 1350 688 1411 „furit
726 1351 946 1398 inmissis
984 1348 1238 1398 Vulcanus
1277 1349 1483 1398 habenis
1521 1351 1742 1398 transtra
1780 1365 1869 1411 per
1893 1367 1934 1399 15

170 1426 219 1471 et
249 1422 457 1484 remos“,
488 1424 671 1471 idcirco
695 1424 777 1472 hic
803 1423 929 1470 dixit
959 1425 1182 1471 transtra
1213 1426 1416 1484 novant,
1448 1423 1662 1487 navigiis
1690 1425 1868 1484 aptant

167 1514 342 1546 remos.
433 1497 558 1545 dixit
609 1497 762 1545 etiam
808 1497 941 1546 funis
987 1499 1233 1560 reparari,
1290 1499 1408 1559 quia
1460 1499 1534 1545 ait
1582 1490 1739 1564 (663)
1787 1499 1868 1558 „et

167 1574 327 1634 pictas
369 1572 530 1620 abiete
569 1569 797 1634 puppis“,
835 1587 936 1620 non
968 1573 1101 1619 enim
1133 1572 1239 1619 sola
1271 1574 1497 1620 arserant
1526 1573 1748 1619 transtra
1781 1574 1868 1619 aut

167 1647 294 1694 remi
331 1646 692 1706 tantummodo,
733 1661 846 1694 cum
882 1645 934 1694 in
974 1646 1061 1694 illo
1094 1646 1322 1694 incendio
1354 1647 1514 1694 multa
1547 1645 1719 1693 eodem
1750 1660 1868 1694 casu

82 1729 166 1769 755
184 1723 478 1782 consumpta
502 1722 767 1769 constaret.
804 1722 990 1768 &nterea
1013 1718 1208 1768 Aeneas
1239 1722 1406 1769 urbem
1431 1721 1653 1781 desiyuat
1675 1724 1867 1768 aratro:
1891 1737 1937 1769 20
1963 1723 1982 1770 -ss

170 1796 226 1841 ut
271 1794 328 1842 fit
374 1810 485 1842 cum
532 1794 761 1842 civitates
816 1809 975 1843 novae
1030 1795 1332 1855 conduntur,
1388 1796 1555 1842 aratro
1605 1796 1866 1856 separatur

170 1870 390 1930 spatium
427 1868 684 1917 moenibus
715 1868 929 1931 publicis
968 1869 1278 1931 privatisque
1302 1869 1648 1916 necessarium.
1724 1870 1866 1916 sorti-

167 1946 343 2005 turque
373 1943 562 1991 domos:
600 1945 717 1992 voto
750 1943 948 1991 futurae
981 1943 1202 1991 civitatis
1234 1942 1404 1991 domos
1439 1943 1577 2003 dixit,
1610 1958 1709 1990 non
1739 1958 1866 2004 quae

169 2017 272 2064 iam
295 2018 472 2078 essent,
504 2016 589 2066 sed
621 2033 749 2079 quae
775 2016 1166 2079 disponebantur
1195 2019 1253 2064 ut
1284 2018 1555 2081 surgerent.
1619 2017 1867 2064 dabantur

169 2092 337 2139 autem
375 2091 435 2139 de
483 2094 613 2140 sorte
658 2094 862 2153 propter
898 2091 1119 2139 locorum
1166 2090 1511 2139 differentiam.
1587 2092 1675 2139 hoe
1711 2091 1867 2138 Ilium
1891 2106 1932 2139 25
1963 2098 1991 2161 ἐξ

170 2238 564 2300 amplectebatur
625 2239 887 2301 dispositio
948 2239 1101 2287 Ilium
1161 2239 1262 2287 dici
1313 2239 1476 2287 voluit
1538 2241 1588 2286 et
1649 2238 1864 2287 Troiam„
1963 2165 1991 2307 e}

165 2312 347 2374 gaudet
390 2324 536 2374 reyno
590 2314 839 2362 Troianus
889 2311 1111 2362 Acestes:
1162 2313 1348 2362 bonum
1401 2312 1624 2362 studium
1678 2313 1865 2376 egregii
1967 2314 1991 2337 ²²

171 2387 294 2435 civis
334 2387 588 2450 expressit,
628 2389 719 2450 qui
755 2404 856 2436 non
893 2389 1094 2436 tantum
1131 2403 1232 2436 non
1270 2387 1455 2435 invidit
1491 2386 1546 2434 in
1583 2402 1735 2450 regno
1775 2402 1864 2435 suo
1957 2374 2006 2445 ’ξέ

124 2450 134 2458 “
168 2461 263 2509 hoc
298 2460 422 2523 fieri,
460 2477 634 2510 verum
672 2462 826 2510 etiam
854 2461 1152 2510 laetabatur.
1214 2461 1296 2510 hie
1327 2463 1378 2509 et
1407 2462 1642 2509 meritum
1666 2459 1863 2508 Aeneae
1888 2476 1932 2509 se
1967 2463 1993 2515 '4

170 2167 214 2212 et
249 2165 365 2213 haee
402 2165 508 2214 loca
549 2166 751 2214 Troiam
789 2180 889 2214 esse
926 2167 1084 2213 iubet:
1131 2165 1259 2212 illud
1302 2166 1495 2213 interea
1541 2181 1685 2213 omne
1733 2164 1866 2226 quod

291 2636 314 2675 1
346 2646 427 2676 nee
457 2633 644 2676 eandem
674 2631 711 2675 L
742 2646 824 2677 nee
853 2633 1008 2678 eadem
1038 2632 1081 2676 R
1111 2647 1167 2677 ne
1198 2631 1388 2676 eandem
1417 2645 1440 2673 1·
1471 2631 1541 2675 ed.
1686 2634 1710 2673 7
1744 2630 1864 2674 nihil
1965 2683 1970 2686 ,

169 2689 257 2733 LR
287 2691 335 2734 ih
366 2705 469 2747 exp.
493 2706 528 2735 r.
621 2694 648 2734 8
680 2692 805 2735 verbi
835 2705 918 2748 pro
951 2692 1058 2736 urbi
1087 2692 1137 2735 L.
1234 2694 1286 2734 11
1319 2690 1590 2747 uaviyaturi
1613 2689 1701 2732 LR
1731 2690 1861 2734 navi·
1964 2699 1966 2702 '

167 2750 315 2807 yandi
343 2763 485 2794 eausa
515 2749 587 2794 ed.
646 2750 653 2810 1
709 2750 907 2806 flammis
936 2750 1022 2794 LB.
1053 2751 1337 2807 flammisque
1368 2749 1440 2792 ed.
1617 2753 1790 2792 17—18
1823 2753 1865 2794 et
1982 2752 1990 2774 ³

161 2809 317 2864 pietas
346 2809 490 2854 abiete
511 2809 554 2852 R
585 2815 626 2854 et
651 2809 788 2867 piqia
817 2810 984 2854 abiecte
1006 2809 1043 2852 L
1075 2815 1117 2855 et
1139 2810 1299 2866 pingit
1329 2809 1472 2852 abiete
1503 2807 1573 2853 ed.
1669 2811 1725 2851 20
1755 2821 1861 2852 eon·
1956 2857 1995 2872 s

167 2872 351 2924 sumpta
381 2882 471 2914 om.
496 2868 568 2913 ed.
620 2868 626 2926 1
683 2873 910 2914 constaret
938 2869 980 2912 R
1011 2869 1278 2914 conmitaret
1308 2867 1343 2910 L
1375 2871 1668 2912 commutaret
1697 2866 1770 2912 ed.

170 2930 224 2969 21
258 2940 362 2972 cum
390 2927 444 2982 fit
473 2927 560 2971 LR
590 2933 642 2972 at
670 2928 706 2983 f.
739 2927 776 2971 L
801 2927 844 2970 11
865 2939 991 2971 man.
1024 2927 1094 2972 ed..
1130 2926 1338 2972 deletum
1369 2925 1470 2970 vult
1499 2941 1536 2970 r.
1572 2930 1579 2981 1
1620 2929 1864 2982 separatur

169 2985 256 3028 LR.
287 2986 555 3044 desiymw
585 2986 658 3031 ed.
781 2991 837 3031 25
867 2987 950 3032 hoe
978 2987 1114 3037 ilium
1143 2985 1230 3030 LR
1259 2986 1334 3030 hic
1362 2986 1510 3030 Ilium
1542 2984 1613 3029 ed.

1943 3088 1992 3226 1
