2014 3226
757 160 1057 205 AENEmos
1091 162 1152 205 v1
1685 168 1789 219 587

108 314 249 348 casus
289 300 476 346 variari
514 300 772 360 potuisset.
851 302 957 347 erat
997 317 1189 350 cernere
1231 303 1373 350 illum
1414 305 1610 365 Tityon,
1655 307 1791 352 cuius

108 374 319 421 informe
366 388 542 433 corpus
589 388 766 420 novem
812 374 1039 436 iugerum
1079 378 1294 437 spatium
1334 378 1627 438 occupabat:
1682 380 1792 427 huic

109 447 240 494 enim
277 461 368 508 pro
409 445 660 494 sceleratis
700 446 928 495 admissis
970 449 1137 496 vultur
1166 451 1379 498 inmanis
1413 452 1666 512 adpositus
1700 454 1793 500 fuit

108 520 310 584 grandis
358 522 408 567 et
455 535 629 567 saevus
678 523 857 568 natura
905 524 954 568 et
999 523 1286 584 inexplebili
1334 531 1529 577 ventre.
1580 530 1793 573 rostrum

39 612 84 645 ,5
108 594 294 642 habens
334 593 595 653 obuncum,
629 597 802 655 aptum
837 595 1024 643 scilicet
1056 597 1118 642 ad
1150 597 1402 644 inferenda
1436 599 1568 645 mala
1601 604 1649 646 et
1681 615 1791 647 con-

108 667 356 716 sumendis
395 667 667 715 visceribus
701 671 1018 729 conpetenter
1050 674 1308 717 armatum.
1368 674 1447 719 cui
1479 689 1537 718 ne
1571 672 1793 721 deessent

107 742 327 790 membra
369 756 494 803 quae
534 757 727 802 semper
765 742 1000 802 inprobus
1034 746 1235 804 peteret,
1268 747 1428 792 carnis
1461 746 1791 794 inmortalitas

107 832 206 863 non
245 815 428 876 deerat,
467 831 566 863 non
605 830 702 876 quo
742 816 990 876 reparatio
1026 818 1268 864 viscerum
1301 818 1499 866 domino
1532 821 1791 881 profutura

107 891 406 952 suppeteret,
447 889 531 937 sed
572 890 787 937 sarciens
828 889 1122 937 detrimenta
1164 907 1287 951 quae
1327 893 1496 939 vultur
1540 894 1790 951 intulerat,

38 981 84 1013 10
106 980 167 1011 ne
198 978 360 1025 poena
390 962 758 1024 conquiesceret
789 964 1007 1024 corporis
1041 963 1292 1012 deficiente
1326 966 1616 1015 substantia.
1676 969 1791 1026 quid

105 1052 360 1085 memorem
418 1037 684 1096 Lapithas,
745 1037 927 1084 Ixiona
989 1037 1378 1097 Pirithoumque?
1468 1055 1583 1099 quos
1646 1055 1792 1100 super

105 1115 218 1159 atra
263 1112 383 1159 silex
426 1111 630 1158 iamiam
680 1111 884 1169 lapsura
938 1112 1215 1170 cadentique
1270 1114 1468 1160 inme'net
1520 1115 1790 1162 adsimilis?

107 1201 260 1248 genus
301 1187 376 1234 est
411 1186 654 1232 transitus
693 1200 783 1246 per
820 1185 1149 1244 omissionem,
1184 1186 1314 1247 quod
1353 1186 1534 1234 idcirco
1575 1188 1790 1248 ponitur,

12 1322 31 1330 ·
106 1275 166 1308 ne
205 1258 512 1307 continuatio
551 1258 853 1307 narrationis
892 1259 1158 1307 horrescat,
1221 1275 1336 1322 ergo
1377 1262 1450 1307 ait
1487 1260 1605 1322 quid
1645 1260 1790 1322 Lapi-

36 1349 82 1384 15
106 1333 218 1381 thas
264 1348 553 1392 memorem,
601 1347 752 1394 supra
797 1348 920 1394 quos
965 1333 1182 1394 pendens
1229 1349 1400 1381 saxum
1445 1336 1639 1381 ruinam
1679 1350 1790 1395 pro·

19 1458 22 1459 ⁷
106 1407 266 1455 mittit
303 1421 392 1455 nec
430 1408 597 1454 tamen
638 1406 788 1467 cadit,
819 1409 876 1453 ut
914 1410 1152 1468 perpetuo
1192 1411 1327 1454 metu
1367 1407 1586 1455 subiecta
1624 1408 1789 1455 noxio-

104 1498 215 1529 rum
268 1495 406 1529 mens
467 1480 653 1544 iugiter
713 1483 1062 1528 concremetur.
1147 1482 1306 1528 lucent
1354 1482 1624 1540 yenialibus
1677 1481 1791 1529 altis

13 1566 22 1586 ¹
105 1570 260 1604 aurea
311 1556 475 1615 fulcra
528 1557 646 1603 toris
700 1555 959 1614 epulaeque
1012 1558 1122 1603 ante
1175 1569 1263 1602 ora
1311 1558 1525 1614 paratae
1584 1556 1774 1614 regifico
1793 1557 1877 1597 605

13 1645 20 1691 f
105 1630 251 1677 luxu:
289 1631 339 1677 et
376 1630 514 1677 torus
552 1627 754 1692 regifico
793 1628 916 1676 luxu
953 1629 1118 1676 fuerat
1156 1630 1360 1690 paratus
1401 1631 1450 1676 et
1487 1629 1788 1690 praepositio

7 1718 82 1756 tao
105 1703 381 1766 epularum,
420 1719 519 1751 non
557 1702 676 1765 quia
715 1703 793 1750 his
832 1703 911 1750 uti
947 1705 1245 1762 meruerant,
1277 1702 1361 1749 sed
1392 1703 1449 1749 ut
1479 1701 1540 1749 ab
1572 1702 1648 1750 his
1679 1717 1789 1763 pro-

14 1763 26 1842 ΫῘ
103 1777 254 1826 hibiti
285 1777 586 1825 cruciatibus
617 1775 847 1825 maximis
880 1775 1217 1824 adficerentur.
1272 1776 1545 1824 Furiarum
1575 1777 1790 1823 maxima

12 1848 26 1918 ξ]
103 1853 242 1900 iuoeta
281 1852 484 1900 accubat
522 1853 566 1899 et
601 1851 830 1899 manibus
858 1851 1082 1911 prohibet
1119 1851 1386 1909 conanaere
1422 1863 1614 1897 mensas
1651 1863 1789 1897 exur-

13 1922 21 1937 ‘*
100 1926 261 1986 ,aitque
304 1926 462 1985 facem
507 1925 727 1973 attollens
771 1927 914 1984 atque
959 1926 1148 1972 intonat
1184 1938 1289 1971 ore:
1340 1923 1551 1985 denique
1589 1923 1666 1970 his
1706 1922 1790 1969 ad-

13 1987 28 2069 ξ
102 2001 270 2061 posita
322 2000 486 2047 fuerat
537 2000 755 2046 maxima
801 1998 1088 2060 Furiarum,
1143 2013 1269 2059 quae
1324 2012 1404 2045 eos
1450 2013 1548 2044 non
1593 1998 1791 2044 tantum

16 2078 82 2124 '2⁶
105 2073 390 2136 prohiberet
429 2073 490 2121 ab
530 2072 705 2135 epuliS,
744 2072 830 2121 sed
864 2072 997 2134 ipsas
1029 2087 1224 2134 quoque
1256 2085 1449 2119 mensas
1481 2086 1578 2118 non
1610 2070 1791 2118 sineret

105 2148 186 2197 vel
223 2146 452 2196 manibus
490 2149 711 2211 tangere,
750 2161 991 2210 exurgens
1026 2145 1176 2194 etiam
1208 2159 1325 2193 voce
1357 2159 1539 2207 magna
1567 2142 1790 2205 perinde·

106 2237 202 2283 que
239 2220 454 2270 terribili
489 2222 641 2284 atque
659 2251 1640 2269 ............................
1657 2217 1789 2264 vocis

58 2335 62 2338 ⁴
103 2311 258 2357 opera
293 2294 682 2358 prohibitionem
720 2294 881 2356 ipsam
920 2292 1244 2341 confirmaret.
1320 2293 1398 2340 hic
1434 2292 1608 2351 quibus
1645 2291 1790 2338 invisi

104 2370 307 2430 fratres,
347 2369 466 2417 dum
501 2371 601 2416 vita
638 2369 886 2423 manebat,
916 2368 1203 2426 pulsatusve
1231 2379 1419 2426 parens
1457 2368 1501 2413 ct
1536 2365 1679 2423 fraus
1718 2365 1789 2410 in-

223 2500 251 2539 3
281 2495 509 2541 sceleratis
538 2495 720 2540 amissis
742 2493 784 2538 V
805 2492 1045 2538 sceleribus
1074 2491 1287 2536 admissis
1317 2490 1388 2534 ed.
1418 2493 1423 2543 Ι
1449 2490 1543 2544 fuit
1566 2488 1607 2531 V
1635 2488 1790 2542 fuerat

103 2554 177 2598 ed.
273 2559 301 2599 ὅ
331 2554 620 2610 inferendum
651 2553 776 2597 mala
805 2552 848 2595 V
879 2550 950 2595 ed.
1050 2554 1075 2594 9
1107 2551 1285 2595 arciens
1314 2548 1369 2592 V.
1470 2552 1524 2591 10
1555 2561 1611 2591 ne
1641 2559 1728 2590 om.
1747 2545 1789 2588 V

105 2627 220 2658 corr.
245 2613 318 2659 ed.
345 2614 352 2671 Ι
386 2615 588 2671 corporis
609 2617 653 2657 et
676 2611 720 2655 V
749 2615 792 2656 ct
822 2609 912 2654 del.
930 2609 1002 2654 ed.
1112 2614 1163 2652 11
1191 2609 1401 2666 laphytas
1422 2606 1477 2650 V.
1587 2610 1639 2650 16
1670 2609 1788 2649 metu

44 2671 48 2714 ζ
105 2670 149 2715 V
178 2673 318 2717 metui
348 2672 456 2728 ed.1
489 2685 709 2717 nexorum
740 2670 812 2714 ed.
913 2673 967 2712 17
1000 2671 1302 2713 concremetur
1330 2665 1373 2709 V
1402 2665 1627 2711 crucietur
1655 2662 1727 2707 cd.

104 2735 160 2776 21
193 2732 481 2788 afficeremur
510 2730 553 2775 V
583 2743 698 2774 corr.
723 2728 794 2774 ed.
917 2732 973 2772 22
1001 2726 1175 2783 presbit
1194 2726 1259 2770 ·V.
1353 2736 1597 2782 exsut-qens
1626 2723 1787 2766 contra

103 2792 304 2836 metrum
333 2790 378 2836 V
408 2803 464 2835 ex
494 2789 687 2846 interpr.
718 2786 921 2844 irrepsit.
1052 2789 1107 2828 27
1141 2785 1298 2830 ter-ribi
1367 2782 1421 2827 V.
1464 2782 1472 2840 Ι
1519 2783 1627 2839 post
1655 2785 1789 2836 atque

102 2850 288 2906 reliqua
315 2862 426 2907 pars
456 2862 615 2894 versus
645 2848 802 2901 vacat,
874 2858 985 2890 uam
1014 2843 1176 2902 inepte
1207 2841 1412 2901 explevit
1448 2841 1542 2886 ed.:
1589 2839 1647 2883 de
1684 2837 1788 2883 face

48 2906 66 2966 ᾗ
105 2908 288 2967 aliquid
318 2908 499 2955 dictum
526 2906 673 2952 fuisse
703 2907 852 2964 putan
887 2918 967 2948 um
998 2905 1082 2948 est.
1173 2905 1231 2947 28
1262 2902 1409 2959 ipsam
1438 2912 1524 2945 con
1553 2898 1717 2956 quibus
1746 2895 1788 2939 V

102 2968 308 3023 firmaret
335 2968 411 3013 hic
440 2965 667 3025 supplevi.
