2014 3226
829 168 1132 212 AENEIDOS
1165 169 1184 211 Ι
1783 169 1853 220 93

163 326 368 374 pugnas,
407 309 542 357 videt
582 309 712 356 bella
751 311 912 356 totum
953 310 1161 372 vulgata
1201 325 1288 370 per
1329 308 1510 367 orbem,
1551 309 1687 356 videt
1719 309 1854 356 Atri-

165 386 271 446 das,
326 383 462 431 videt
517 383 792 442 Priamum,
848 383 984 430 videt
1039 399 1238 430 saevum
1296 382 1535 429 ambobus
1590 383 1852 430 Achillem.

165 475 362 506 saevum
403 458 640 504 ambobus
681 458 866 518 species
908 459 982 504 est
1022 458 1407 517 conparationis,
1451 459 1509 503 ut
1549 457 1614 504 sit
1661 458 1854 504 saevior

164 534 260 580 fuit
297 528 531 578 Achilles·
561 531 931 595 Agamemnone
980 534 1029 578 et
1068 531 1308 577 Menelao.
1387 532 1593 578 conste'tit
1632 535 1673 577 et
1711 532 1854 578 lacri-

121 625 139 657 5
164 621 317 661 mans,
358 608 466 665 quis
503 607 603 652 iam
644 606 790 660 locus,
829 607 1000 665 inquit,
1039 603 1238 660 Achate,
1277 619 1400 663 quae
1437 606 1567 662 recia
1606 605 1658 651 in
1698 607 1841 652 terris
1858 609 1942 647 460

163 682 314 728 nostri
351 694 449 727 non
480 680 631 739 plena
671 680 887 727 laboris?
949 679 1030 726 ubi
1072 680 1192 726 haec
1224 678 1417 726 Aeneas
1457 679 1598 738 vidit,
1631 678 1855 727 constitit

165 756 325 801 mente
366 754 555 801 scilicet
587 756 636 800 et
670 769 872 814 corpore
905 754 1134 813 turbatis,
1168 770 1339 800 verum
1371 754 1456 799 ubi
1489 755 1695 816 agnovit
1729 769 1854 814 quae

165 830 326 875 essent
351 843 476 888 quae
500 828 697 888 pictura
720 828 810 894 illa
836 828 1161 887 monstrabat,
1187 827 1348 874 doluit
1373 829 1423 874 et
1446 829 1592 888 quasi
1616 828 1855 875 nescienti

165 903 294 949 socio
334 901 580 948 indicavit
619 904 669 948 et
710 903 936 962 exposuit
976 904 1038 961 et,
1074 903 1309 962 quoniam
1349 917 1497 949 causa
1535 902 1632 948 suit
1671 901 1855 949 doloris

99 995 140 1026 10
165 977 393 1035 maxima,
432 976 726 1023 relationem
767 977 872 1023 eius
914 979 964 1022 et
1002 991 1172 1023 vocem
1203 976 1437 1022 lacrimae
1470 978 1855 1036 praecesserunt.

165 1049 361 1097 dolebat
417 1051 602 1111 quippe
657 1050 715 1097 de
771 1050 990 1097 adversis
1045 1052 1146 1098 suis
1196 1050 1491 1110 imperiique
1548 1050 1754 1096 Troiani
1807 1054 1855 1096 et

164 1139 363 1171 suorum
409 1125 618 1171 interitu
662 1124 822 1172 factas
871 1140 972 1173 esse
1013 1124 1208 1171 fabulas
1250 1139 1372 1184 quas
1410 1124 1734 1184 loquerentur
1771 1124 1856 1170 ho-

163 1199 319 1245 mines
375 1202 425 1245 et
477 1201 683 1260 propter
736 1198 1119 1246 oblectationem
1173 1213 1313 1246 suam
1367 1199 1642 1260 pingerent.
1729 1213 1856 1259 quae

165 1271 323 1331 vides,
371 1274 556 1334 inquit,
606 1272 800 1334 digesta
838 1274 1046 1334 picturis
1088 1273 1296 1320 adversa
1336 1274 1451 1319 sunt
1489 1274 1679 1332 nostra,
1730 1287 1856 1332 quae

100 1363 141 1395 15
164 1361 239 1393 res
285 1346 475 1393 indicat
520 1347 713 1393 nullum
760 1347 924 1394 locum
970 1347 1022 1393 in
1070 1347 1186 1394 orbe
1233 1347 1526 1394 remansisse
1568 1348 1654 1407 qui
1693 1345 1856 1393 clades

165 1422 358 1468 nostras
405 1420 624 1483 ignoret,
672 1421 869 1482 quando
916 1421 1162 1468 malorum
1208 1422 1490 1468 nostrorum
1529 1420 1665 1467 fama
1705 1421 1858 1467 etiam

166 1494 228 1541 ad
265 1495 387 1542 istas
427 1495 719 1542 solitudines
759 1495 999 1543 currendo
1039 1495 1279 1556 pervenit.
1343 1496 1413 1542 sic
1444 1496 1613 1542 tamen
1644 1494 1858 1542 dolenda

164 1569 387 1630 protulit,
426 1570 484 1616 ut
522 1571 680 1629 partis
721 1569 874 1617 etiam
913 1570 1268 1617 consolationis
1306 1570 1528 1616 inferret.
1605 1570 1742 1629 prius
1782 1571 1857 1615 ta-

164 1658 275 1690 men
309 1643 577 1705 agnitionis
610 1644 769 1705 ipsius
802 1643 1020 1691 ostendit
1050 1643 1288 1691 indicium
1321 1642 1488 1690 dicens
1521 1658 1578 1689 cn
1609 1643 1856 1697 Priamus,

101 1732 144 1764 20
167 1715 341 1764 dehinc
389 1717 620 1780 adiungit
665 1722 780 1765 sunt
822 1718 900 1766 hic
947 1720 1091 1765 etiam
1135 1732 1229 1764 sua
1266 1718 1497 1776 praemia
1543 1717 1704 1772 laudi,
1744 1720 1859 1764 sunt

162 1790 396 1838 'lacrimae
434 1806 613 1846 rerum,
652 1789 726 1852 [et
754 1795 957 1839 mentem
988 1792 1217 1839 mortalia
1248 1794 1467 1851 tanqum.
1530 1791 1658 1838 soloe
1687 1795 1856 1843 metus,

166 1866 285 1924 feret
319 1866 436 1913 haec
475 1866 694 1925 aliquam
732 1866 819 1914 tibi
856 1868 995 1926 fama
1034 1864 1280 1926 salutem]
1342 1867 1416 1914 est
1446 1867 1501 1912 in
1530 1864 1630 1912 ista
1660 1866 1857 1927 pictura

168 1939 299 1999 quod
338 1938 559 1987 dolorem
597 1942 818 2000 moveat,
866 1942 940 1988 est
980 1939 1112 2001 quod
1149 1940 1396 1988 malorum
1435 1939 1675 1987 solacium
1713 1939 1857 1987 ferat.

167 2012 258 2060 hoc
295 2014 460 2074 ipsum
498 2013 767 2076 colligebat
806 2014 1127 2078 argumentis,
1158 2029 1258 2061 non
1295 2029 1413 2062 vero
1444 2013 1645 2060 iudicio.
1707 2013 1859 2072 solve,

104 2101 145 2135 25
169 2087 346 2148 inquit,
385 2089 562 2147 metus,
601 2087 728 2136 feret
758 2089 878 2136 haec
910 2089 1132 2150 aliquam
1164 2088 1259 2136 tibi
1290 2088 1426 2136 fama
1458 2088 1670 2135 salutem
1702 2081 1860 2152 (mala

169 2160 299 2207 enim
344 2161 580 2223 cuiusque
628 2162 746 2210 dum
791 2165 912 2210 nota
958 2165 1075 2211 sunt
1120 2162 1200 2210 vel
1239 2178 1351 2210 cum
1390 2163 1544 2210 scitur
1584 2163 1672 2222 qui
1708 2162 1860 2209 fuerit

169 2233 248 2282 vel
286 2250 316 2282 a
357 2251 453 2296 qua
493 2236 694 2284 fortuna
734 2236 952 2284 deiectus
992 2237 1072 2295 sit,
1110 2237 1431 2284 manifestum
1463 2237 1538 2283 est
1569 2251 1627 2282 ex
1659 2251 1716 2284 eo
1748 2236 1858 2299 ipso

169 2309 306 2356 nasci
342 2309 734 2371 miserationem,
783 2312 1018 2372 quoniam
1064 2310 1276 2358 adflictis
1315 2311 1601 2358 humanitas
1640 2325 1739 2358 non
1778 2326 1860 2357 ne-

20 2434 21 2438 ,
170 2375 355 2448 gatar),
400 2386 458 2430 ut
503 2385 758 2447 conploret
803 2386 1107 2446 superiorem
1151 2383 1542 2446 propositionem
1590 2399 1688 2445 qua
1735 2383 1862 2431 dixit

106 2471 148 2504 30
172 2455 291 2516 „hoc
327 2458 541 2518 primum
581 2459 634 2505 in
672 2458 786 2506 luco
825 2474 956 2507 nova
994 2474 1071 2506 res
1112 2458 1283 2506 oblata
1320 2459 1552 2506 timorem
1589 2458 1748 2518 leniit,
1779 2458 1860 2505 hic

17 2551 49 2684 3
171 2529 383 2590 primum
421 2530 615 2580 Aeneas
656 2548 853 2594 sperare
900 2533 1112 2581 salutem
1157 2547 1304 2580 ausus
1345 2534 1396 2580 et
1433 2531 1645 2580 adflictis
1684 2531 1860 2580 melius

291 2690 315 2729 7
355 2687 552 2732 turbatis
597 2687 684 2730 LR
729 2688 940 2732 turbatus
984 2703 1008 2732 1·
1052 2689 1268 2733 turbatur
1313 2687 1384 2732 ed.
1444 2690 1450 2744 Ι
1506 2701 1608 2731 vero
1653 2685 1740 2730 LR
1788 2687 1860 2731 ed.

174 2757 325 2789 verum
354 2760 390 2790 r.
512 2751 539 2792 8
571 2747 656 2792 illa
684 2749 794 2804 post
823 2753 965 2792 essent
996 2750 1227 2804 transpos.
1261 2747 1332 2790 ed.
1457 2750 1482 2789 9
1515 2750 1604 2802 qur-0
1634 2745 1670 2789 L
1702 2759 1790 2802 quo
1821 2746 1863 2790 R

173 2804 388 2859 quoniam
411 2804 483 2849 ed.
578 2810 630 2850 11
657 2807 844 2862 quisque
866 2819 951 2863 pro
976 2807 1142 2863 quippe
1164 2806 1220 2850 R.
1307 2811 1361 2850 16
1387 2806 1523 2850 etiam
1545 2807 1654 2863 post
1676 2806 1862 2861 quando

173 2863 399 2920 transpos.
432 2863 503 2908 ed.
629 2869 684 2909 18
714 2866 907 2920 inferret
936 2865 1024 2909 LR
1053 2867 1267 2910 insereret
1297 2865 1378 2909 edI
1415 2866 1502 2919 inf.
1535 2878 1615 2910 seu
1645 2865 1732 2909 ins.
1765 2865 1862 2909 edF

174 2919 248 2976 (cf,
282 2925 398 2979 382).
493 2927 547 2970 19
580 2924 846 2982 aquationis
876 2924 947 2969 ed.
1041 2928 1217 2968 21—22
1248 2924 1420 2968 lemma
1451 2922 1667 2981 supplevi
1698 2923 1863 2969 eadem

175 2978 341 3024 ductus
371 2981 555 3027 ratione
587 2996 680 3040 qua
711 2997 751 3027 v.
778 2987 847 3027 25.
971 2987 1026 3027 27
1058 2997 1108 3028 eo
1140 2997 1229 3029 om.
1255 2983 1326 3029 ed.
