2014 3226
178 168 287 220 236
647 166 879 210 DONATI
910 166 1188 210 INTERPR.
1226 166 1399 211 VERG.

178 310 311 356 voto.
388 309 580 366 iamque
627 308 784 354 aderit
828 307 976 352 multo
1015 307 1208 354 Priami
1255 308 1312 355 de
1359 309 1597 366 sanquine
1635 308 1871 366 Pyrrhus,

177 385 344 429 natum
403 385 512 429 ante
566 395 653 426 ora
698 382 885 439 patris,
932 384 1128 439 patrem
1182 383 1266 440 qui
1320 382 1572 428 obtruncat
1617 383 1682 428 acl
1729 397 1871 433 aras:

180 457 298 516 quia
355 456 718 515 contempserat
772 469 916 500 senex
964 456 1013 501 et
1060 454 1235 502 debilis
1289 455 1501 501 salutem
1557 470 1718 514 suam,
1771 471 1869 502 non

180 531 281 577 eius
321 531 518 576 tantum
555 528 660 575 fore
700 528 977 588 periculum
1011 528 1208 588 dicitur,
1242 529 1327 575 sed
1358 530 1615 590 proposito
1649 529 1872 590 exemplo

180 604 237 650 de
283 603 355 648 fili
403 617 598 663 quoque
644 605 802 648 morte
849 603 1084 661 terretur,
1138 619 1199 649 ne
1246 603 1373 649 forte
1420 603 1498 650 vel
1547 603 1641 650 1100
1695 616 1870 666 genere
1918 620 1939 653 5

179 680 343 738 posset
382 676 580 723 inflecti.
659 691 867 737 cumque
906 676 998 722 hoc
1039 677 1298 735 adseritur,
1339 678 1490 723 etiam
1528 676 1653 723 illud
1699 677 1870 737 procul

178 750 327 797 dubio
374 750 601 811 intellegi
647 752 835 811 potest,
883 765 980 796 non
1032 751 1194 817 solum
1231 750 1464 797 interitus
1506 750 1581 797 sui
1621 751 1871 798 Anchisen

180 824 448 883 admoneri,
488 840 659 871 verum
699 825 852 871 etiam
891 823 978 883 fili,
1017 839 1170 871 nurus
1211 827 1260 871 et
1299 824 1510 885 nepotis,
1542 841 1602 871 ne
1635 825 1763 872 forte
1795 828 1871 872 tot

178 898 596 945 necessitudinum
635 898 856 958 periculo
896 898 1222 961 frangeretur.
1293 897 1444 945 datur
1482 899 1672 946 interea
1713 914 1870 945 exem-

177 973 316 1033 plum
363 971 691 1018 crudelissimi
736 971 892 1019 hostis
942 974 992 1019 et
1039 974 1142 1019 eius
1193 973 1279 1033 qui
1326 972 1497 1020 divina
1553 975 1602 1020 et
1654 973 1871 1020 humana
1899 991 1942 1022 ιο

177 1046 287 1093 iura
327 1046 613 1107 despiceret,
653 1045 802 1092 datur
841 1046 1119 1107 exemplum
1158 1061 1396 1107 personae
1427 1046 1624 1094 hostilis
1658 1050 1708 1093 et
1738 1047 1872 1094 ultra

176 1120 409 1168 hostilem
454 1119 655 1167 modum
703 1121 991 1180 saevientis,
1040 1120 1190 1167 datur
1229 1122 1278 1167 et
1316 1121 1452 1168 facti.
1529 1122 1654 1181 iam,
1693 1121 1871 1181 inquit,

179 1193 340 1241 aderit
377 1193 612 1255 Pyrrhus,
647 1196 762 1255 post
801 1194 1088 1242 effusionem
1126 1197 1374 1242 recentem
1407 1195 1662 1258 sanguinis
1693 1194 1872 1242 Politis

179 1271 226 1315 et
249 1267 452 1315 Priami.
507 1269 651 1315 novit
673 1268 760 1314 ille
786 1268 1008 1315 ordinem
1040 1268 1263 1328 feriendi,
1287 1270 1428 1316 novit
1460 1267 1873 1330 quemadmodum

177 1344 344 1404 patres
383 1341 655 1389 liberorum
694 1342 949 1389 funeribus
982 1342 1202 1406 adfligat,
1235 1359 1506 1404 numquam
1538 1343 1623 1390 ille
1655 1343 1872 1404 percutit
1899 1359 1942 1392 15

176 1419 359 1478 patres,
398 1416 496 1463 nisi
534 1417 696 1478 primo
737 1416 968 1464 cecidisse
1008 1416 1226 1464 viderint
1263 1417 1444 1464 liberos
1484 1432 1619 1480 suos,
1658 1417 1745 1464 ille
1785 1432 1873 1464 nec

178 1491 486 1538 occasionem
513 1490 731 1538 faciendi
760 1490 926 1552 perdit
957 1506 1046 1538 nec
1078 1491 1188 1538 loca
1218 1491 1272 1537 in
1305 1491 1482 1551 quibus
1515 1492 1669 1538 faciat
1700 1491 1873 1538 habita
1960 1499 1971 1533 ’-

178 1564 572 1612 consideratione
621 1564 878 1625 discernit,
924 1567 1060 1612 totus
1099 1566 1321 1612 intentus
1360 1565 1412 1611 in
1453 1565 1640 1612 factum
1679 1564 1874 1626 perficit
1955 1556 2001 1627 >fg

177 1638 391 1698 caedem,
432 1639 629 1686 etiamsi
661 1653 798 1686 sacer
828 1639 964 1686 locus
997 1654 1055 1686 ac
1086 1639 1395 1687 venerandus
1429 1641 1668 1686 occurrat.
1722 1639 1871 1686 aliam
1948 1630 1957 1677 ’-
1986 1626 1990 1636 ’

176 1712 228 1758 111
259 1714 473 1759 matrem
505 1728 700 1775 quoque
732 1713 974 1760 invidiam
1007 1714 1239 1774 concitat,
1264 1714 1404 1760 salva
1437 1714 1637 1774 quidem
1659 1715 1874 1760 materni
1897 1702 1987 1762 ρκ’

176 1787 392 1834 11011111113
430 1788 724 1834 reverentia.
786 1787 879 1834 hoc
917 1803 1015 1834 non
1055 1790 1113 1834 ut
1149 1788 1407 1850 ingratum
1440 1787 1669 1836 ostendat
1698 1787 1872 1846 filium,
1973 1787 1981 1798 ”

178 1861 263 1908 sed
301 1863 358 1908 ut
394 1863 636 1908 terrorem
673 1862 832 1922 patris
873 1862 1165 1909 accumulet.
1223 1862 1310 1909 hoc
1349 1865 1465 1917 erat,
1506 1863 1640 1909 alma
1670 1875 1872 1920 parens,
1954 1882 1958 1887 -

89 1939 175 1979 665
193 1935 319 1994 quod
364 1949 438 1982 me
475 1950 570 1994 per
615 1936 731 1991 tela,
769 1950 864 1994 per
907 1937 1037 1995 iynis
1084 1937 1252 1994 eripis,
1298 1939 1353 1983 ut
1395 1936 1568 1983 mediis
1605 1936 1781 1982 hostem
1818 1937 1873 1982 ‘in
1988 1926 1992 1955 ³

169 2008 504 2067 penetralibus
541 2012 685 2068 utque
723 2007 1089 2069 Ascaniumque
1117 2013 1404 2069 patremque
1441 2025 1600 2058 meum
1645 2011 1875 2068 iuxtaque
1947 2063 1949 2066 ¹
1988 2009 1992 2069 ζ

182 2082 417 2130 Creusam
462 2084 670 2130 alterum
715 2085 770 2130 in
817 2083 1020 2131 alterius
1068 2087 1301 2132 mactatos
1353 2086 1592 2144 sanquine
1645 2084 1873 2131 cernam?
1896 2100 1919 2132 s

177 2171 322 2204 versa
369 2159 505 2216 sunt,
551 2157 739 2219 inquit,
785 2157 838 2204 in
884 2157 1155 2219 perniciem
1192 2173 1369 2218 meam,
1408 2160 1590 2218 mater,
1637 2157 1872 2205 beneficia
1927 2150 1949 2195 s

178 2231 279 2277 tua.
360 2230 479 2291 quid
524 2231 726 2292 prodest
773 2231 905 2293 quod
955 2233 1090 2280 evasi
1136 2231 1330 2295 gladios
1377 2235 1426 2279 et
1471 2234 1610 2280 tutus
1660 2233 1872 2279 transivi
1950 2257 1954 2259 Δ
1988 2222 1991 2267 ἱ

177 2319 266 2366 per
310 2302 571 2351 flammas?
649 2305 769 2366 quid
814 2305 1018 2367 prodest
1065 2305 1197 2367 quod
1245 2305 1307 2352 ad
1358 2305 1495 2354 sedes
1550 2307 1745 2353 nostras
1799 2305 1871 2352 in·
1945 2314 1947 2318 ’
1988 2358 1991 2366 ,

179 2377 387 2425 0011111113
424 2381 474 2425 te
515 2378 788 2426 auxiliante
827 2377 1066 2440 perveni?
1121 2394 1208 2427 cur
1246 2394 1356 2427 sum
1393 2379 1615 2427 redditus
1648 2379 1872 2426 dulcibus
1988 2373 1990 2388 '

179 2451 521 2513 conspectibus
551 2451 745 2514 patris?
795 2469 894 2501 non
928 2469 1066 2501 amor
1097 2456 1173 2503 est
1203 2455 1314 2514 iste,
1338 2453 1422 2501 sed
1453 2453 1651 2502 inmane
1684 2453 1871 2515 suppli-
1925 2481 1929 2492 ι-
1991 2481 1993 2495 1

298 2626 324 2665 5
356 2623 424 2666 vel
455 2635 543 2665 om.
572 2622 643 2667 ed.
788 2628 842 2666 12
872 2626 918 2668 ei
946 2625 1064 2678 facti
1091 2624 1128 2667 L
1163 2625 1261 2669 eius
1291 2625 1327 2679 f.
1359 2625 1402 2667 R
1432 2629 1474 2668 et
1503 2625 1679 2678 factum
1710 2624 1782 2668 ed.

181 2685 234 2724 13
268 2681 461 2738 Polytae
492 2681 563 2725 ed.
719 2687 774 2726 14
805 2683 879 2727 illi
908 2682 1007 2727 LR.
1166 2688 1220 2727 15
1245 2688 1451 2740 pereutet
1479 2682 1567 2726 LR
1596 2684 1821 2739 percutiet
1849 2697 1873 2724 r

179 2742 256 2784 -tit
287 2740 358 2785 ed.
483 2744 538 2784 16
563 2741 718 2797 primo
749 2741 837 2784 LR
862 2743 1000 2798 prius
1030 2742 1101 2786 ed.
1146 2745 1152 2799 Ι
1193 2743 1361 2788 viderit
1391 2742 1461 2786 ed.
1587 2746 1642 2786 17
1673 2742 1874 2796 faciebat

178 2799 249 2843 ed.
365 2804 422 2844 22
454 2804 622 2844 terrore
653 2800 724 2844 ed.
848 2805 904 2844 23
935 2802 1076 2846 hostis
1106 2801 1194 2845 LR
1225 2802 1296 2846 011.
1329 2803 1458 2859 iynes
1488 2801 1559 2845 ed.
1593 2803 1712 2858 post.
1747 2801 1872 2844 recte
1937 2855 1939 2857 Ι
1986 2845 1989 2854 ⁴

178 2860 370 2915 propter
390 2859 600 2915 flammas
622 2858 1039 2916 interpretationis.
1141 2865 1198 2904 24
1230 2861 1468 2905 ascanium
1492 2860 1591 2904 LR.
1685 2865 1741 2903 25
1765 2873 1870 2904 sam-
1939 2870 1942 2873 ’

175 2918 361 2974 quinem
390 2917 490 2961 LR.
648 2922 704 2961 27
735 2923 857 2963 totus
888 2919 986 2963 LR.
1131 2923 1188 2964 30
1218 2919 1467 2987 immanes]
1491 2919 1534 2962 R
1564 2921 1806 2963 inmanem
1835 2917 1871 2960 L
1924 2935 1939 2942 ⁴·

179 2977 421 3022 imminens
443 2977 514 3021 ed.
541 2978 742 3032 inmane,
768 2977 894 3033 quod
917 2977 956 3020 r'
979 2991 1064 3035 per
1085 2991 1298 3023 rasuram
1322 2977 1530 3023 effec1sse
1553 2979 1684 3035 puto,
1699 2977 1869 3034 recepi:
