2014 3226
790 158 1094 203 AENEIDOS
1127 159 1168 202 Π
1719 161 1826 212 235

127 300 324 358 pedem,
367 300 575 358 qcm‘tor,
625 302 666 346 te
704 312 849 357 posse
896 299 1055 346 relicto
1094 301 1332 358 sperasti?
1373 302 1650 359 tantumque
1688 302 1828 359 nefas

130 373 294 432 patrio
342 372 514 420 excidit
559 372 672 419 ore?
748 372 996 419 invidiosa
1054 373 1251 433 quidem
1307 373 1483 434 dictio,
1541 373 1627 422 sed
1681 374 1828 435 plena

135 447 338 507 pietatis
379 447 428 492 et
468 462 526 493 ex
565 445 761 493 adfectu
800 446 1033 509 religioso
1075 447 1384 507 descendens,
1417 447 1601 496 habens
1633 448 1686 494 in
1716 463 1828 509 pro-

135 519 415 568 nominibus
456 519 806 582 gravissimum
837 520 1028 580 pondus
1051 523 1113 567 ‘et
1145 522 1266 568 satis
1300 521 1521 568 validum
1554 523 1602 568 et
1633 523 1686 568 in
1717 523 1829 583 ipsa

91 610 110 641 5
138 593 377 642 brevitate
431 595 647 641 retinens
701 593 1001 642 latissimam
1056 610 1230 642 causae
1280 597 1538 643 rationem.
1615 597 1669 642 in
1715 611 1828 657 pro-

135 667 415 715 nominibus
456 667 547 715 sic:
602 683 758 728 mene,
797 667 977 728 inquit,
1017 670 1067 714 et
1104 670 1168 715 te.
1246 685 1386 715 mene
1426 669 1517 717 hoc
1557 675 1632 717 est
1669 669 1829 716 filium

135 745 276 789 tuum
316 743 454 789 cuius
494 743 749 803 pietatem,
782 741 957 804 officia·
983 742 1372 804 religionemque
1406 744 1591 804 optime
1624 759 1828 805 conpro-

135 815 278 864 basti.
358 818 405 862 te
454 817 543 876 qui
589 817 654 863 sis
702 818 845 877 pater
891 831 1051 876 meus,
1103 817 1189 876 qui
1235 816 1355 863 bene
1404 818 1535 865 nosti
1584 817 1703 878 quid
1741 834 1828 879 pa-

135 891 295 938 rentes
336 890 545 937 debeant
584 889 769 950 liberis,
812 889 931 950 quid
969 888 1062 936 filii
1099 890 1401 951 parentibus,
1433 893 1482 938 te
1515 893 1603 952 qui
1632 893 1830 953 praeter

70 981 111 1012 ιο
136 964 416 1011 naturalem
457 963 707 1011 adfectum
747 965 812 1011 sis
853 978 1012 1023 senex,
1053 965 1118 1011 sis
1152 966 1275 1012 vitio
1310 965 1527 1025 corporis
1560 965 1828 1027 inpeditus,

136 1041 183 1085 te
232 1054 376 1099 quem
424 1038 697 1086 amaverim
745 1053 936 1099 semper
983 1053 1271 1099 semperque
1327 1039 1576 1086 coluerim.
1654 1039 1829 1087 deinde

131 1110 244 1174 'ipsa
283 1127 433 1160 causa
466 1128 616 1173 quam
648 1113 831 1174 gravis,
865 1127 1015 1173 quam
1046 1113 1303 1173 inpietatis
1337 1112 1625 1160 criminibus
1656 1113 1828 1175 plena!

136 1186 271 1233 abire
321 1186 424 1234 sine
471 1188 638 1248 patre,
686 1185 822 1234 abire
862 1187 966 1234 sine
1008 1189 1205 1234 auctore
1244 1187 1474 1247 propriae
1514 1187 1715 1247 salutis,
1754 1204 1829 1234 re-

24 1313 36 1321 ⁸,
136 1261 362 1322 linquere
409 1276 574 1308 senem
621 1276 678 1308 30
726 1259 939 1308 debilem
983 1260 1073 1308 illo
1121 1262 1341 1322 tempore
1390 1264 1539 1322 atque
1578 1261 1666 1308 1110
1706 1262 1829 1322 1000,

68 1350 110 1382 15
137 1334 223 1382 ubi
260 1334 416 1383 hostis
455 1334 615 1382 victor
653 1335 818 1382 fuerat
857 1349 1101 1396 superque
1142 1334 1419 1395 discrimen,
1460 1335 1545 1382 ubi
1586 1335 1829 1398 fiammae,

136 1408 221 1456 ubi
261 1411 550 1470 supererant
589 1409 762 1471 gladii,
801 1409 888 1455 ubi
925 1423 1057 1455 mors
1099 1411 1186 1455 aut
1226 1408 1516 1456 detestanda
1564 1409 1829 1470 captivitas

135 1482 422 1530 inminebat.
478 1498 634 1543 mene,
666 1484 848 1544 inquit,
882 1481 1135 1530 abiturum
1167 1484 1273 1530 sine
1303 1485 1353 1530 te
1385 1484 1611 1545 sperasti,
1644 1483 1830 1545 optime

134 1559 291 1618 pater,
332 1558 420 1604 aut
460 1557 627 1618 aliquo
667 1556 843 1619 pedem
882 1555 1172 1604 moturum?
1248 1559 1298 1604 et
1336 1558 1502 1618 potuit
1536 1557 1632 1604 tibi
1663 1558 1829 1605 venire

135 1630 187 1678 in
239 1633 457 1678 mentem
511 1633 615 1678 tam
670 1631 834 1678 dirum
886 1632 1091 1692 tamque
1144 1630 1337 1692 inpium
1399 1631 1557 1692 nefas,
1619 1632 1832 1692 potuisti

66 1722 113 1754 20
137 1706 355 1769 cogitare
411 1705 542 1766 quod
598 1705 830 1753 abhorret
885 1721 914 1752 a
967 1704 1186 1754 moribus
1241 1702 1396 1752 meis?
1483 1706 1694 1766 potuisti
1747 1721 1830 1753 ore

136 1781 343 1840 paterno
398 1795 622 1842 promere
672 1779 804 1840 quod
849 1795 927 1826 me
975 1779 1163 1826 faceret
1208 1777 1543 1840 parricidam?
1620 1781 1662 1826 si
1707 1779 1831 1828 nihil

138 1867 193 1900 ex
238 1857 373 1900 tanta
421 1855 614 1914 superis
651 1854 815 1913 placet
858 1855 978 1902 urbe
1023 1854 1231 1913 relinqui
1278 1855 1321 1900 et
1364 1854 1493 1900 sedet
1528 1853 1615 1900 hoe
1653 1855 1816 1901 auimo
1834 1854 1919 1894 660

132 1929 472 1986 perituraeque
511 1927 688 1976 addere
730 1928 906 1976 Troiae
949 1930 1082 1987 teque
1128 1931 1324 1985 tuosque
1369 1928 1529 1983 iuvat,
1566 1930 1704 1987 patet
1748 1929 1832 1975 isti

38 2046 42 2047 ⁷
139 2002 291 2049 ianua
331 2003 442 2048 leto:
483 2001 752 2050 artificiosa
788 2002 941 2050 dictio
975 2002 1194 2063 satisque
1227 2000 1440 2060 subtilis,
1473 2002 1748 2049 consentire
1780 2017 1831 2050 se

31 2095 35 2099 ·
66 2091 114 2124 25
138 2074 341 2123 simulat
373 2075 478 2123 eius
511 2076 764 2124 voluntati
788 2079 837 2124 et
859 2077 1029 2123 tamen
1052 2075 1181 2122 hunc
1206 2075 1636 2123 vehementissime
1663 2076 1831 2136 terret,

137 2164 198 2197 ne
235 2150 289 2196 in
329 2149 500 2198 eadem
539 2149 766 2199 cessandi
802 2151 1053 2212 pravitate
1092 2148 1338 2211 perduret.
1417 2150 1462 2196 si
1499 2149 1612 2211 hoc,
1652 2149 1831 2211 inquit,

138 2223 330 2284 placuit
367 2225 573 2286 superis,
612 2226 670 2272 ut
709 2223 768 2272 de
807 2239 992 2287 magna
1031 2223 1150 2270 urbe
1190 2223 1358 2270 nullae
1389 2223 1630 2285 reliquiae
1663 2239 1831 2284 super-

72 2325 75 2329 ·
138 2298 252 2358 sint,
290 2297 441 2359 idque
480 2299 530 2345 et
567 2299 624 2345 tu
662 2298 844 2360 probas
886 2297 1017 2358 quod
1049 2296 1346 2345 adversariis
1379 2299 1580 2360 gratum
1612 2299 1701 2356 est,
1733 2313 1831 2345 non

138 2371 274 2419 deest
297 2371 524 2420 omnibus
548 2372 691 2420 nobis
716 2373 907 2420 occasio
932 2371 1190 2432 moriendi,
1207 2370 1297 2419 fiat
1320 2371 1455 2418 istud
1481 2387 1595 2418 cum
1613 2371 1833 2420 hostium

257 2496 303 2542 δ’
318 2503 458 2542 mente
488 2499 570 2542 hoe
600 2503 664 2542 est
694 2497 730 2540 L
762 2497 914 2556 mens]
940 2498 982 2541 h.
1016 2511 1050 2541 e.
1083 2497 1137 2541 R.
1280 2501 1303 2540 7
1335 2497 1503 2552 officiis
1533 2497 1833 2554 religioneque

28 2530 47 2614 ᾗ,
139 2556 209 2599 ed.
336 2562 389 2600 12
422 2557 721 2613 impietatibus
752 2556 794 2599 R
826 2570 939 2600 corr.
974 2571 1007 2600 r.
1134 2560 1188 2599 13
1221 2557 1348 2601 abire
1378 2556 1476 2600 sine
1501 2561 1637 2612 patre
1670 2569 1757 2599 om.
1791 2554 1834 2599 R,

38 2638 46 2644 *
139 2615 245 2659 add.
277 2631 301 2659 1
324 2638 381 2653 =
406 2616 454 2660 L.
549 2621 605 2661 15
636 2630 856 2673 superque
880 2615 965 2659 LR
988 2629 1334 2672 supremumque
1364 2613 1400 2659 1·’
1425 2615 1582 2659 nescio
1608 2627 1668 2658 an
1691 2615 1830 2659 recte.

53 2723 55 2726 Α
229 2680 284 2718 16
315 2681 538 2732 superant
566 2675 603 2719 L
637 2675 708 2719 ed.
739 2680 950 2731 seperant
978 2674 1021 2718 R
1052 2688 1166 2719 corr.
1193 2689 1215 2717 1·
1232 2696 1288 2727 τ-
1305 2673 1340 2717 L
1372 2678 1640 2731 supererant
1672 2687 1771 2718 nos.

52 2784 59 2791 .<
142 2737 195 2777 17
227 2734 494 2780 habiturum
523 2734 612 2778 LR
642 2747 757 2778 corr.
789 2747 825 2776 r.
971 2738 1028 2777 22
1059 2733 1176 2779 sedit
1206 2733 1307 2777 LR.
1454 2737 1508 2776 23
1535 2734 1832 2789 perituraque

139 2791 227 2851 LE.
258 2807 372 2837 corr.
404 2809 439 2837 r.
484 2797 490 2850 Ι
540 2799 665 2851 teque
693 2806 863 2850 uosque
894 2792 929 2835 L
961 2797 1089 2849 teque
1119 2807 1286 2849 uosque
1317 2793 1359 2836 R
1391 2798 1432 2837 te
1462 2805 1636 2848 quoque
1665 2805 1833 2847 nosque

79 2895 82 2897 Α
140 2851 212 2896 ed.
245 2857 371 2908 teque
400 2857 586 2910 tuosque
616 2867 652 2897 r.
805 2856 861 2896 25
894 2856 1028 2897 terret
1057 2851 1144 2895 LR
1174 2857 1291 2896 tenet
1320 2851 1392 2896 ed.
1538 2855 1595 2895 26
1626 2850 1835 2896 cessandi

57 2919 61 2922 ·
141 2909 228 2954 LE,
266 2912 493 2956 crescendi
530 2912 602 2956 ed.
785 2915 840 2954 27
873 2911 1080 2967 superbis
1109 2910 1144 2954 L
1183 2924 1320 2968 super
1348 2911 1421 2955 his
1450 2910 1493 2953 R
1529 2911 1708 2966 superis
1736 2923 1772 2954 r.

142 2973 198 3026 29
229 2970 314 3024 fiat
342 2969 430 3014 LR
461 2985 600 3027 quum
631 2971 716 3026 fiat
747 2969 818 3014 ed.
