2014 3226
191 153 300 205 520
659 152 891 196 DONATI
920 152 985 195 ΙΝ
990 152 1201 197 TERPR.
1237 151 1412 196 VERG.

190 308 288 354 qua
338 295 412 340 est
461 292 686 354 Thybris.
764 294 808 339 si
857 307 1079 340 concessa
1125 295 1261 352 peto,
1315 295 1359 340 31
1413 293 1534 340 dant
1584 308 1638 340 ea
1693 296 1884 341 moenia

188 368 402 414 Pareae:
459 382 556 413 non
605 366 892 413 dubitanter
939 368 1107 428 posuit
1153 369 1216 427 si,
1273 366 1358 414 sed
1404 369 1460 413 ut
1507 382 1557 414 se
1605 367 1887 415 ostenderet

189 442 329 488 licita
379 455 578 501 cupere,
627 456 752 501 quae
805 440 1063 487 constabat
1101 441 1390 502 Neptunum
1436 455 1592 488 nosse.
1671 442 1721 488 et
1758 441 1886 488 illud

191 516 387 577 egregie
428 513 614 561 dictum
654 514 803 561 liceat
842 516 954 561 tuta
992 515 1103 561 vela
1153 514 1270 561 dare
1318 514 1434 574 tibi,
1482 516 1538 561 ut
1584 530 1683 561 non
1723 516 1883 562 ventis

193 591 278 635 aut
325 587 577 648 fluctibus,
634 589 721 648 qui
775 603 967 649 semper
1012 589 1192 635 incerti
1238 590 1377 647 sunt,
1432 588 1516 635 sed
1569 589 1669 649 ipsi
1718 589 1883 650 potius
1930 604 1952 638 5

188 663 424 723 Neptuno
465 661 575 709 vela
615 662 941 709 crederentur.

306 736 430 782 Tum
475 735 741 783 Saturnius
786 736 903 784 haec
949 737 1154 783 domitor
1199 737 1354 783 maris
1402 736 1550 783 edidit
1595 736 1706 783 alti:
1768 738 1887 796 quia

189 809 442 871 placidum
479 826 613 856 mare
652 810 761 871 ipso
801 811 1024 870 tempore
1064 809 1416 870 quaerebatur,
1463 811 1595 857 recte
1641 810 1733 858 hoc
1776 810 1886 857 loco

101 887 186 927 800
204 884 466 944 Neptunus
513 884 663 931 maiis
687 883 927 934 domitor
974 884 1134 931 dictus
1183 886 1268 931 est.
1345 885 1427 944 fas
1473 897 1610 931 omsne
1657 886 1744 940 est,
1795 883 1884 945 Gy-

190 959 364 1012 thei-ea,
405 959 523 1004 meis
564 961 605 1005 te
643 930 793 1016 sidere
832 959 1010 1018 reynis,
1049 958 1178 1005 unde
1211 972 1366 1018 yenus
1406 958 1565 1005 ducis:
1612 957 1771 1020 debes,
1810 959 1884 1004 in—
1912 940 1985 1035 ²⁰3²

191 1033 321 1092 quit,
367 1031 547 1078 habere
594 1031 826 1078 fiduciam
872 1033 1014 1094 regni
1059 1033 1179 1092 mei,
1225 1033 1306 1079 vel
1351 1033 1563 1079 maxime
1612 1033 1728 1092 quia
1771 1031 1885 1079 111ᾶο
1957 1065 1976 1114 5,

189 1107 430 1168 originem
487 1106 637 1153 ducis.
715 1108 873 1153 merui
919 1121 1128 1166 quoque:
1189 1121 1275 1152 cur
1321 1106 1447 1153 dixit
1501 1121 1718 1167 quoque,
1776 1122 1886 1154 cum

188 1180 382 1226 nullum
438 1179 597 1227 adhuc
653 1181 1051 1227 commemorarit
1105 1195 1154 1227 se
1206 1181 1514 1242 praestitisse
1560 1178 1888 1227 beneficium?
1959 1173 1968 1219 T·

190 1253 281 1302 hoc
321 1255 378 1300 ut
418 1254 708 1316 corrigatur,
741 1255 987 1315 posterius
1029 1253 1258 1301 ordinata
1298 1255 1459 1316 prima
1496 1254 1724 1315 ponenda
1756 1255 1886 1318 sunt,

188 1329 246 1375 ut
286 1329 352 1375 sit
390 1328 635 1389 posterius
672 1329 830 1375 merui
863 1343 1059 1390 quoque
1093 1328 1141 1374 et
1173 1329 1239 1375 sit
1269 1329 1487 1389 primum
1519 1342 1662 1387 saepe
1692 1328 1886 1387 furores
1911 1339 1978 1374 154

190 1403 434 1461 conpressi
459 1404 502 1449 et
522 1403 706 1449 rabiem
730 1405 917 1450 tantam
942 1402 1152 1462 caelique
1175 1404 1434 1461 marisque.
1479 1401 1761 1449 ordinemus
1785 1402 1885 1449 iam
1973 1393 1989 1464 ’ξ

190 1475 337 1523 31111111
376 1477 564 1522 totum:
605 1491 751 1537 saepe
791 1476 981 1524 furores
1022 1476 1292 1537 conpressi,
1334 1491 1480 1538 saepe
1520 1477 1771 1538 conpressi
1808 1491 1885 1522 ra·
1967 1465 1989 1541 1

190 1549 323 1597 biem
364 1550 503 1611 caeli,
543 1565 688 1611 saepe
730 1551 980 1612 conpressi
1014 1550 1204 1597 rabiem
1235 1551 1401 1610 maris,
1433 1565 1563 1598 nunc
1592 1565 1774 1612 ponere
1806 1549 1887 1596 de-

188 1623 359 1672 bemus
391 1625 551 1670 merui
583 1639 796 1685 quoque,
819 1624 912 1672 hoc
945 1626 1020 1672 est
1049 1623 1276 1672 laboravi
1300 1640 1495 1686 quoque
1519 1639 1609 1685 pro
1633 1625 1746 1672 tuis.
1801 1639 1887 1672 nec

188 1699 348 1745 minor
386 1699 440 1745 in
479 1700 621 1745 terris
661 1696 941 1758 (Xanthum
971 1698 1309 1758 Simoentaque
1348 1698 1512 1758 testor)
1542 1697 1737 1746 Aeneae
1769 1699 1886 1746 mihi
1910 1711 1956 1744 20

189 1787 310 1820 cura
338 1773 433 1819 tui:
466 1773 586 1833 quia
618 1771 805 1820 sciebat
837 1787 887 1820 se
920 1774 1092 1819 contra
1117 1773 1319 1820 Troiam
1350 1773 1529 1832 nisum,
1554 1772 1688 1820 iurat
1718 1774 1886 1819 tamen

190 1861 239 1893 se
281 1861 371 1908 pro
403 1844 573 1893 Aenea
613 1846 896 1908 specialiter
934 1846 1121 1894 fecisse.
1191 1846 1314 1893 dicit
1346 1848 1394 1893 et
1425 1848 1637 1908 tempus,
1670 1846 1889 1894 ostendit

191 1922 240 1967 et
282 1920 470 1980 locum,
518 1920 747 1983 designat
793 1920 1016 1981 pericula
1061 1921 1171 1982 ipsa
1219 1922 1268 1968 et
1316 1922 1452 1967 cuius
1501 1937 1612 1968 eum
1659 1919 1886 1968 manibus
1964 1943 1966 1947 ·

100 1997 187 2036 805
206 1994 490 2055 eripuisset:
561 2009 670 2042 eum
730 1995 881 2042 Troia
934 1993 1148 2042 Achilles
1211 1995 1490 2042 exanimata
1549 2009 1750 2053 sequens
1812 1996 1885 2041 in-

181 2069 405 2127 pinyeret
443 2070 642 2127 aymina
680 2070 852 2124 muris,
892 2070 1025 2129 tunc,
1063 2069 1244 2130 inquit,
1285 2084 1394 2116 cum
1428 2068 1646 2115 Troiana
1685 2068 1886 2130 agmina
1909 2081 1954 2115 25
2008 2127 2009 2131 Ἰ

191 2141 400 2189 infestus
448 2141 667 2189 Achilles
723 2143 940 2205 agitaret
994 2143 1234 2190 exanimis
1280 2157 1576 2204 persequens
1625 2143 1674 2189 et
1720 2141 1885 2203 oppri—
2008 2138 2009 2144 ’

189 2231 326 2263 1110113
366 2215 603 2278 fugientis
639 2216 851 2263 Teucros
891 2232 1049 2278 neque
1090 2232 1171 2264 eos
1211 2217 1504 2278 permittens
1537 2215 1598 2262 ad
1630 2231 1887 2263 murorum

189 2290 302 2336 tuta
354 2291 624 2351 pervenire.
709 2292 848 2338 milia
901 2291 1056 2338 multa
1110 2291 1250 2338 daret
1301 2291 1414 2338 leto:
1474 2292 1592 2337 tunc
1647 2305 1760 2336 cum
1810 2289 1886 2336 in-

190 2379 397 2410 numera
458 2364 715 2410 hominum
777 2363 919 2412 milia
980 2366 1236 2412 mactaret.
1328 2367 1658 2426 gemerentque
1718 2363 1885 2423 repleti
2012 2426 2014 2431 Ι

191 2451 358 2485 amnes
395 2451 482 2484 nee
519 2439 731 2497 reperire
769 2440 902 2486 viam
941 2442 1083 2498 atque
1123 2439 1332 2486 evolvere
1369 2441 1535 2497 posset
1570 2439 1625 2485 in
1661 2451 1798 2485 mare
1835 2451 1884 2485 se
1907 2451 1958 2484 aov
2012 2442 2014 2464 ³

192 2510 445 2558 Xanthus:
498 2513 616 2558 tunc
663 2526 774 2558 cum
820 2511 1028 2559 flumina
1068 2513 1234 2560 omnia
1273 2514 1477 2560 onerata
1516 2526 1770 2560 caesorum
1807 2511 1883 2558 fu-

189 2584 390 2632 neribus
429 2586 696 2648 gemerent,
727 2584 953 2647 inpedita
992 2575 1180 2634 scilicet
1219 2587 1269 2634 01
1308 2585 1525 2646 obclusa,
1557 2585 1633 2633 ve]
1671 2584 1883 2632 maxime

1960 1151 1973 1170 -J
1957 1098 1966 1115 ¹*

1977 1021 1987 1196 vem-Q.—

309 2787 335 2826 ὅ
368 2784 462 2840 ipse
493 2783 580 2827 LR
610 2785 703 2841 ipsi
731 2799 755 2828 r
786 2785 857 2829 ed.
968 2789 1022 2829 12
1055 2786 1178 2830 dixit
1207 2799 1295 2830 om.
1321 2785 1363 2828 R
1395 2785 1502 2828 add.
1527 2799 1562 2828 r.
1681 2788 1734 2828 13
1767 2797 1883 2828 eom-

190 2843 452 2887 memoravit
482 2842 568 2886 LR
599 2843 670 2888 ed.
704 2857 817 2888 corr.
853 2844 923 2888 ed.
957 2846 1078 2901 post.
1242 2849 1296 2888 14
1327 2845 1560 2900 posterius
1598 2857 1694 2887 om..
1720 2843 1790 2886 ed.
1964 2858 1997 2867 ⁸

192 2906 247 2944 16
279 2906 457 2946 tantam
489 2916 577 2946 om.
604 2902 702 2947 LR.
837 2907 894 2946 20
926 2905 1042 2948 mihi
1071 2917 1160 2948 om.
1186 2903 1228 2947 R
1260 2903 1366 2946 add.
1392 2918 1427 2946 r.
1559 2906 1615 2946 28
1647 2907 1756 2947 tune
1787 2907 1885 2946 tum·

190 2959 276 3003 LR
308 2974 422 3004 corr.
454 2975 478 3004 1
509 2960 579 3006 ed.
704 2967 758 3006 29
790 2963 1024 3007 hominum
1055 2962 1142 3006 LR
1171 2963 1368 3007 hostium
1400 2962 1471 3007 ed.

1940 3124 2014 3226 Q]
