2014 3226
206 185 314 252 418
674 183 906 227 DONATI
937 182 1216 226 INTERPR.
1250 182 1428 226 VERG.

205 341 384 374 nomen
432 324 563 386 quod
607 323 790 371 idcirco
839 323 989 370 alicui
1037 322 1325 383 adponitur,
1372 323 1429 369 ut
1469 339 1523 370 eo
1566 322 1626 369 ab
1668 324 1898 370 extrariis

205 400 463 447 vocitetur.
550 413 660 444 cum
713 397 870 459 igitur
932 397 1154 458 aliquam
1215 412 1475 458 personam
1537 397 1899 444 necessitudine

208 473 523 520 coniunctam
562 486 796 518 vocamus
837 473 924 517 aut
964 486 1075 517 cum
1115 486 1172 517 ea
1211 470 1476 530 loquimur,
1515 471 1714 517 nomine
1754 472 1898 516 natu·
1968 466 1971 468 ’

206 547 301 594 rali
349 562 457 591 eam
506 545 758 606 appellare
806 544 1035 591 debemus
1083 545 1192 604 ipso
1241 544 1443 591 docente
1484 544 1729 607 Vergilio,
1782 544 1899 604 quia

207 622 279 667 ait
321 613 429 684 (10,
467 614 556 684 18)
599 634 656 679 „o
696 621 861 679 pater,
912 634 938 665 o
978 619 1234 664 hominum
1272 633 1532 679 rerumque
1574 620 1775 665 aeterna
1812 633 1898 679 po·
1964 607 1985 669 Ξ

205 691 403 752 testas“,
454 686 527 757 (9,
563 687 655 756 94)
704 708 762 753 „o
810 690 1068 755 genetrix?
1119 707 1214 752 quo
1263 692 1369 738 fata
1415 690 1596 738 vocas?
1646 694 1735 738 aut
1780 691 1900 752 quid
1971 683 1977 690 ’

205 767 332 828 petis
365 765 539 814 istis?“
602 768 724 812 item
763 759 837 832 (1,
869 762 996 828 664)
1039 767 1197 825 „nate,
1229 781 1368 811 meae
1400 765 1543 825 vires,
1576 781 1686 812 mea
1717 781 1902 828 magna

206 839 486 904 potentia“3
543 833 616 906 (5,
653 834 781 905 724)
825 842 985 900 „nate,
1023 839 1147 885 mihi
1187 841 1294 886 vita
1335 839 1599 899 quondam,
1639 839 1755 885 dum
1793 841 1900 886 vita
1972 831 1982 891 ’ἶ

206 914 451 975 manebat,
486 929 595 961 care
627 912 830 977 magis“.
886 915 1010 960 item
1049 907 1159 979 (12,
1188 907 1317 978 632)
1353 928 1410 973 „o
1444 929 1595 973 soror,
1627 915 1683 959 ut
1715 912 1900 959 dudum

139 1027 153 1040 .,
207 990 403 1050 agnovi,
447 1004 559 1035 cum
597 989 760 1049 prima
799 1003 887 1049 per
927 989 1084 1034 artem
1122 987 1323 1034 foedera
1353 986 1612 1034 turbasti“.
1676 987 1899 1048 exempla
1924 991 1987 1039 11²»,

206 1063 303 1110 ista
335 1061 586 1110 sufficiant
618 1062 789 1122 doctis,
816 1062 1027 1109 aliarum
1057 1077 1382 1123 personarum
1407 1061 1614 1124 legendo
1639 1060 1897 1122 reperient.
1981 1054 1989 1069 ³

206 1139 396 1183 interea
442 1136 702 1183 redeamus
751 1135 814 1182 ad
861 1135 1035 1182 Annae
1081 1135 1362 1182 consilium:
1419 1135 1590 1181 debuit
1629 1135 1759 1182 enim
1796 1150 1898 1181 mo·
1972 1128 1974 1130 ’

205 1212 418 1258 rientem
466 1225 729 1272 germanae
777 1211 974 1256 nomine
1015 1209 1290 1270 appellare,
1336 1211 1393 1255 ut
1433 1209 1639 1256 sentiret
1685 1224 1902 1256 sororem

208 1301 348 1332 suam
403 1299 505 1331 esse
559 1286 912 1345 praesentem.'
964 1299 1079 1346 ergo
1137 1284 1345 1344 apparet
1399 1285 1530 1330 recte
1584 1282 1804 1344 positum
1852 1285 1902 1329 et
1974 1331 1979 1347 ι,

205 1360 499 1405 morientem
544 1359 742 1404 nomine
793 1358 977 1405 clamat
1018 1359 1065 1403 et
1103 1359 1235 1404 recte
1275 1359 1590 1404 consecutum
1628 1357 1721 1403 hoc
1759 1356 1899 1416 illud,
1925 1375 1985 1410 1⁷

207 1447 464 1496 germana,
512 1430 643 1478 fuit?
719 1447 793 1479 me
838 1432 1018 1491 fraude
1055 1432 1277 1490 petebas,
1324 1431 1410 1491 hoc
1454 1445 1600 1490 rogus
1642 1432 1730 1478 iste
1767 1431 1898 1486 mihi,
1970 1421 2002 1482 ’,

205 1508 290 1557 hoe
335 1508 469 1565 igmes
516 1519 726 1564 araeque
763 1506 1051 1565 parabant?
1126 1505 1248 1552 haec
1296 1504 1471 1564 dictio,
1518 1519 1647 1565 quae
1688 1504 1900 1552 dolentis

208 1583 256 1627 et
301 1580 550 1641 repentini
597 1594 739 1627 casus
796 1579 976 1627 scelere
1031 1581 1304 1626 commotae
1360 1581 1454 1638 est,
1510 1580 1744 1626 continua
1797 1594 1899 1626 esse
1975 1592 1980 1603 ¹

205 1670 304 1702 non
335 1653 514 1715 potuit.
571 1653 782 1715 denique
816 1669 918 1700 sese
950 1668 1050 1700 non
1083 1653 1328 1714 sequitur:
1369 1652 1441 1699 ait
1474 1652 1604 1698 enim
1634 1653 1728 1699 hoc
1758 1651 1900 1713 illud,

207 1743 458 1792 germana,
489 1727 586 1774 fuit
626 1730 675 1774 et
713 1743 813 1776 non
852 1727 977 1774 dixit
1013 1726 1135 1788 quid
1165 1726 1336 1773 fuerit:
1375 1726 1584 1787 parebat
1616 1727 1748 1774 enim
1780 1726 1899 1787 quid
1925 1744 1979 1791 ει,

206 1801 333 1848 illud
382 1805 509 1850 esset
556 1801 691 1863 quod
739 1803 791 1848 in
839 1801 1111 1862 querellam
1157 1800 1409 1863 veniebat,
1462 1799 1577 1847 inde
1616 1801 1798 1848 transit
1838 1800 1900 1847 ad
1970 1826 1978 1838 2

209 1875 365 1923 aliud:
420 1891 498 1922 me
545 1875 719 1923 fraude
765 1873 1003 1936 petebas?
1059 1874 1243 1935 decipit
1296 1875 1544 1921 hominem
1595 1875 1679 1934 qui
1726 1874 1900 1922 fraude
1964 1920 1966 1922 ,

209 1950 429 2011 aliquem
466 1951 616 2010 petit3
658 1949 868 2011 denique
909 1949 1211 2010 deceptionis
1251 1948 1407 2009 ipsius
1447 1949 1605 2009 partis
1646 1950 1695 1995 et
1727 1963 1900 1996 causas
1975 1951 1978 1955 ’

206 2024 338 2070 infra
386 2024 615 2071 ostendit.
691 2023 785 2071 hoc
829 2038 979 2086 rogus
1026 2023 1120 2071 iste
1167 2022 1311 2083 mihi,
1362 2023 1454 2069 hoc
1500 2022 1638 2084 ignes
1687 2037 1900 2083 araeque
1967 2015 1981 2079 's-

206 2095 488 2159 parabant?
533 2097 650 2158 huc,
697 2097 884 2159 inquit,
931 2096 1166 2144 tendebat
1211 2111 1383 2158 rogus,
1429 2097 1559 2159 ignis
1609 2098 1657 2143 et
1701 2111 1900 2143 ararum
1923 2113 1955 2144 2
1978 2116 1992 2160 j

207 2169 562 2233 praeparatio?
638 2171 753 2218 inde
808 2186 859 2219 se
914 2170 978 2217 ad
1035 2170 1173 2218 aliud
1232 2171 1493 2218 transtulit
1554 2169 1720 2217 dicens
1783 2169 1901 2228 quid

198 2247 422 2305 primum
459 2245 648 2293 deserta
687 2245 899 2304 querar?
969 2244 1164 2292 deserta
1203 2246 1306 2291 sine
1347 2243 1529 2291 sororis
1569 2243 1768 2304 solacio,
1806 2244 1900 2291 hoc
1962 2234 1971 2287 [ss

211 2320 286 2366 est
325 2318 590 2382 singularis
631 2320 680 2366 et
719 2319 848 2366 sola:
886 2321 1054 2380 partes
1096 2320 1212 2366 sunt
1248 2319 1374 2366 istae
1413 2317 1731 2379 deceptionis,
1779 2333 1898 2379 qua·
1958 2317 1964 2331 ³

208 2409 321 2445 rum
350 2394 512 2454 prima
543 2391 642 2439 fuit
671 2394 723 2439 in
758 2408 856 2454 qua
887 2393 1067 2440 sororis
1101 2391 1339 2440 solacium
1369 2393 1514 2453 perit.
1568 2391 1745 2453 incipit
1777 2391 1899 2438 alia:
1951 2395 1978 2452 j

209 2464 514 2527 [comitemne
551 2480 764 2513 sororem
802 2468 1025 2526 sprevisti
1062 2466 1304 2513 moriens?
1299 2464 1335 2526 ]
1374 2466 1539 2513 eadem
1575 2480 1650 2512 me
1689 2466 1755 2513 ad
1791 2466 1900 2524 fata

210 2554 441 2588 vocasses,
518 2539 742 2603 remotis,
787 2541 879 2601 ait,
927 2539 1053 2588 dolis
1093 2539 1214 2602 quid
1253 2539 1534 2601 disponeres
1574 2538 1731 2586 sorori
1771 2553 1898 2586 esses
1967 2552 1975 2596 *g

331 2699 356 2738 5
389 2708 625 2751 rerumque
659 2693 747 2737 LR
784 2697 838 2738 ut
878 2699 948 2749 10,
977 2699 1030 2738 18
1061 2694 1104 2739 V
1144 2694 1200 2738 cf.
1233 2694 1378 2751 praef.
1531 2699 1556 2737 6
1595 2693 1748 2737 locum
1786 2692 1900 2737 noni
1944 2727 1963 2733 ..

211 2753 419 2810 corrupit
451 2753 521 2797 ed.
675 2757 700 2795 9
742 2767 843 2797 osor
880 2759 932 2797 ut
962 2753 1049 2796 LR
1087 2754 1233 2809 (locus
1267 2753 1398 2797 deest
1426 2753 1477 2796 in
1507 2752 1608 2809 XII)
1648 2767 1672 2796 ο
1702 2766 1830 2797 soror
1857 2757 1901 2797 et
1940 2752 1942 2754 ’

209 2813 349 2870 Verg.
381 2812 504 2856 libri.
659 2817 713 2855 16
753 2826 883 2870 royos
913 2813 1000 2856 LR.
1038 2826 1152 2857 corr.
1183 2827 1220 2856 r.
1279 2814 1284 2869 Ι
1341 2813 1423 2856 iste
1461 2812 1547 2855 LR
1585 2812 1660 2856 ille
1699 2811 1807 2855 edF.

213 2876 268 2916 18
299 2876 518 2916 commota
540 2870 628 2914 LR
651 2870 724 2915 ed.
749 2877 842 2915 -tae
871 2885 969 2915 nos.
1103 2877 1159 2915 20
1184 2873 1379 2928 parebat
1408 2871 1494 2914 LR
1517 2871 1708 2926 patebat
1737 2870 1807 2914 ed.

210 2932 266 2974 21
300 2931 462 2974 deinde
493 2930 565 2974 ed.
686 2933 742 2973 30
774 2931 1032 2975 comitemne
1050 2931 1317 2975 —moriens
1348 2930 1480 2974 deest
1509 2930 1559 2972 in
1583 2930 1682 2985 LR,
1707 2929 1788 2972 sed
1820 2941 1897 2974 ex·
1933 2928 1970 2978 J

210 2989 380 3046 plicari
410 2989 608 3044 videtur,
642 2987 860 3048 added.>
968 2994 1022 3032 31
1054 2990 1234 3034 remotis
1264 2989 1350 3032 LR
1379 2989 1422 3033 si
1451 3003 1487 3033 r.
1522 2989 1592 3033 ed.
1859 2987 1866 2993 '
1930 3003 1936 3009 ‘⁴
