<?xml version="1.0" encoding="UTF-8"?>
<!DOCTYPE html PUBLIC "-//W3C//DTD XHTML 1.0 Transitional//EN"
    "http://www.w3.org/TR/xhtml1/DTD/xhtml1-transitional.dtd">
<html xmlns="http://www.w3.org/1999/xhtml" xml:lang="en" lang="en">
 <head>
  <title>
</title>
<meta http-equiv="Content-Type" content="text/html;charset=utf-8" />
  <meta name='ocr-system' content='tesseract 3.04.00' />
  <meta name='ocr-capabilities' content='ocr_page ocr_carea ocr_par ocr_line ocrx_word'/>
</head>
<body>
  <div class='ocr_page' id='page_1' title='image "./interpretationes01donauoft_0301.png"; bbox 0 0 2014 3226; ppageno 0'>
   <div class='ocr_carea' id='block_1_1' title="bbox 797 147 1832 201">
    <p class='ocr_par' dir='ltr' id='par_1_1' title="bbox 797 147 1832 201">
     <span class='ocr_line' id='line_1_1' title="bbox 797 147 1832 201; baseline -0.001 -11"><span class='ocrx_word' id='word_1_1' title='bbox 797 147 1102 191; x_wconf 77' lang='lat' dir='ltr'>AENEIDos</span> <span class='ocrx_word' id='word_1_2' title='bbox 1136 148 1176 190; x_wconf 88' lang='lat'>11</span> <span class='ocrx_word' id='word_1_3' title='bbox 1730 151 1832 201; x_wconf 75' lang='lat'>251</span> 
     </span>
    </p>
   </div>
   <div class='ocr_carea' id='block_1_2' title="bbox 28 287 1922 2347">
    <p class='ocr_par' dir='ltr' id='par_1_2' title="bbox 28 287 1922 2347">
     <span class='ocr_line' id='line_1_2' title="bbox 142 287 1837 351; baseline 0 -15"><span class='ocrx_word' id='word_1_4' title='bbox 142 290 438 348; x_wconf 72' lang='lat' dir='ltr'>conyeritur:</span> <span class='ocrx_word' id='word_1_5' title='bbox 500 287 743 350; x_wconf 85' lang='lat' dir='ltr'>singulari</span> <span class='ocrx_word' id='word_1_6' title='bbox 789 303 994 334; x_wconf 90' lang='lat' dir='ltr'>numero</span> <span class='ocrx_word' id='word_1_7' title='bbox 1043 303 1141 334; x_wconf 89' lang='lat' dir='ltr'>non</span> <span class='ocrx_word' id='word_1_8' title='bbox 1190 289 1438 348; x_wconf 90' lang='lat' dir='ltr'>omnibus,</span> <span class='ocrx_word' id='word_1_9' title='bbox 1493 288 1579 335; x_wconf 87' lang='lat' dir='ltr'>sed</span> <span class='ocrx_word' id='word_1_10' title='bbox 1629 290 1837 351; x_wconf 88' lang='lat' dir='ltr'>singulis</span> 
     </span>
     <span class='ocr_line' id='line_1_3' title="bbox 144 360 1835 425; baseline -0.001 -16"><span class='ocrx_word' id='word_1_11' title='bbox 144 362 368 410; x_wconf 91' lang='lat' dir='ltr'>absolute</span> <span class='ocrx_word' id='word_1_12' title='bbox 414 360 691 422; x_wconf 73' lang='lat' dir='ltr'>respondit,</span> <span class='ocrx_word' id='word_1_13' title='bbox 738 363 794 408; x_wconf 92' lang='lat' dir='ltr'>ut</span> <span class='ocrx_word' id='word_1_14' title='bbox 834 361 898 408; x_wconf 92' lang='lat' dir='ltr'>sit</span> <span class='ocrx_word' id='word_1_15' title='bbox 938 361 1032 408; x_wconf 90' lang='lat' dir='ltr'>huc</span> <span class='ocrx_word' id='word_1_16' title='bbox 1072 362 1356 425; x_wconf 74' lang='lat' dir='ltr'>congeritur</span> <span class='ocrx_word' id='word_1_17' title='bbox 1396 362 1632 423; x_wconf 88' lang='lat' dir='ltr'>quicquid</span> <span class='ocrx_word' id='word_1_18' title='bbox 1671 364 1724 408; x_wconf 91' lang='lat' dir='ltr'>in</span> <span class='ocrx_word' id='word_1_19' title='bbox 1765 364 1835 409; x_wconf 86' lang='lat' dir='ltr'>di-</span> 
     </span>
     <span class='ocr_line' id='line_1_4' title="bbox 142 435 1838 499; baseline 0.001 -16"><span class='ocrx_word' id='word_1_20' title='bbox 142 437 296 484; x_wconf 87' lang='lat' dir='ltr'>versis</span> <span class='ocrx_word' id='word_1_21' title='bbox 345 435 596 498; x_wconf 89' lang='lat' dir='ltr'>speciebus</span> <span class='ocrx_word' id='word_1_22' title='bbox 643 435 755 482; x_wconf 87' lang='lat' dir='ltr'>fuit.</span> <span class='ocrx_word' id='word_1_23' title='bbox 833 437 998 496; x_wconf 90' lang='lat' dir='ltr'>potest</span> <span class='ocrx_word' id='word_1_24' title='bbox 1046 439 1094 482; x_wconf 90' lang='lat' dir='ltr'>et</span> <span class='ocrx_word' id='word_1_25' title='bbox 1141 437 1231 495; x_wconf 89' lang='lat' dir='ltr'>sic,</span> <span class='ocrx_word' id='word_1_26' title='bbox 1279 439 1335 483; x_wconf 92' lang='lat' dir='ltr'>ut</span> <span class='ocrx_word' id='word_1_27' title='bbox 1382 438 1666 499; x_wconf 76' lang='lat' dir='ltr'>congeritur</span> <span class='ocrx_word' id='word_1_28' title='bbox 1708 439 1838 484; x_wconf 89' lang='lat' dir='ltr'>vesti</span> 
     </span>
     <span class='ocr_line' id='line_1_5' title="bbox 51 508 1837 570; baseline 0.001 -13"><span class='ocrx_word' id='word_1_29' title='bbox 51 515 58 521; x_wconf 77' lang='grc'><strong><em>’</em></strong></span> <span class='ocrx_word' id='word_1_30' title='bbox 140 509 486 558; x_wconf 83' lang='lat' dir='ltr'>tantummodo</span> <span class='ocrx_word' id='word_1_31' title='bbox 526 508 756 556; x_wconf 88' lang='lat' dir='ltr'>videatur</span> <span class='ocrx_word' id='word_1_32' title='bbox 795 508 1091 570; x_wconf 90' lang='lat' dir='ltr'>adpositum.</span> <span class='ocrx_word' id='word_1_33' title='bbox 1162 508 1331 569; x_wconf 70' lang='lat' dir='ltr'>[pueri</span> <span class='ocrx_word' id='word_1_34' title='bbox 1371 514 1413 557; x_wconf 73' lang='lat' dir='ltr'>et</span> <span class='ocrx_word' id='word_1_35' title='bbox 1442 511 1659 570; x_wconf 73' lang='lat' dir='ltr'>pavidae</span> <span class='ocrx_word' id='word_1_36' title='bbox 1697 512 1837 570; x_wconf 72' lang='lat' dir='ltr'>lonyo</span> 
     </span>
     <span class='ocr_line' id='line_1_6' title="bbox 99 582 1835 646; baseline -0.001 -14"><span class='ocrx_word' id='word_1_37' title='bbox 99 599 120 633; x_wconf 85' lang='lat'><strong>5</strong></span> <span class='ocrx_word' id='word_1_38' title='bbox 145 585 314 631; x_wconf 72' lang='lat' dir='ltr'>ordine</span> <span class='ocrx_word' id='word_1_39' title='bbox 350 582 559 644; x_wconf 76' lang='lat' dir='ltr'>matres]</span> <span class='ocrx_word' id='word_1_40' title='bbox 597 586 728 630; x_wconf 76' lang='lat' dir='ltr'>stant</span> <span class='ocrx_word' id='word_1_41' title='bbox 766 585 969 630; x_wconf 74' lang='lat' dir='ltr'>circam:</span> <span class='ocrx_word' id='word_1_42' title='bbox 1024 599 1198 644; x_wconf 88' lang='lat' dir='ltr'>parum</span> <span class='ocrx_word' id='word_1_43' title='bbox 1239 585 1336 631; x_wconf 87' lang='lat' dir='ltr'>fuit</span> <span class='ocrx_word' id='word_1_44' title='bbox 1375 586 1638 632; x_wconf 83' lang='lat' dir='ltr'>accessisse</span> <span class='ocrx_word' id='word_1_45' title='bbox 1678 600 1835 646; x_wconf 88' lang='lat' dir='ltr'>usque</span> 
     </span>
     <span class='ocr_line' id='line_1_7' title="bbox 142 656 1835 719; baseline 0.001 -14"><span class='ocrx_word' id='word_1_46' title='bbox 142 657 205 705; x_wconf 91' lang='lat' dir='ltr'>ad</span> <span class='ocrx_word' id='word_1_47' title='bbox 243 658 406 719; x_wconf 92' lang='lat' dir='ltr'>ipsum</span> <span class='ocrx_word' id='word_1_48' title='bbox 446 658 608 705; x_wconf 91' lang='lat' dir='ltr'>locum</span> <span class='ocrx_word' id='word_1_49' title='bbox 639 657 728 703; x_wconf 91' lang='lat' dir='ltr'>ubi</span> <span class='ocrx_word' id='word_1_50' title='bbox 758 656 944 718; x_wconf 89' lang='lat' dir='ltr'>praeda</span> <span class='ocrx_word' id='word_1_51' title='bbox 977 658 1261 718; x_wconf 85' lang='lat' dir='ltr'>captivique</span> <span class='ocrx_word' id='word_1_52' title='bbox 1294 658 1604 718; x_wconf 89' lang='lat' dir='ltr'>tenebantur,</span> <span class='ocrx_word' id='word_1_53' title='bbox 1636 658 1723 705; x_wconf 90' lang='lat' dir='ltr'>ubi</span> <span class='ocrx_word' id='word_1_54' title='bbox 1755 674 1835 706; x_wconf 89' lang='lat' dir='ltr'>cu-</span> 
     </span>
     <span class='ocr_line' id='line_1_8' title="bbox 139 730 1837 792; baseline -0.001 -12"><span class='ocrx_word' id='word_1_55' title='bbox 139 731 511 780; x_wconf 88' lang='lat' dir='ltr'>stodiendorum</span> <span class='ocrx_word' id='word_1_56' title='bbox 543 730 763 778; x_wconf 90' lang='lat' dir='ltr'>omnium</span> <span class='ocrx_word' id='word_1_57' title='bbox 796 746 943 779; x_wconf 88' lang='lat' dir='ltr'>causa</span> <span class='ocrx_word' id='word_1_58' title='bbox 980 731 1300 792; x_wconf 81' lang='lat' dir='ltr'>praefuerant</span> <span class='ocrx_word' id='word_1_59' title='bbox 1331 732 1551 779; x_wconf 81' lang='lat' dir='ltr'>Phoenix</span> <span class='ocrx_word' id='word_1_60' title='bbox 1585 734 1634 779; x_wconf 91' lang='lat' dir='ltr'>et</span> <span class='ocrx_word' id='word_1_61' title='bbox 1665 732 1837 780; x_wconf 84' lang='lat' dir='ltr'>Ulixes</span> 
     </span>
     <span class='ocr_line' id='line_1_9' title="bbox 138 804 1834 854; baseline -0.001 -1"><span class='ocrx_word' id='word_1_62' title='bbox 138 806 291 853; x_wconf 89' lang='lat' dir='ltr'>dirus.</span> <span class='ocrx_word' id='word_1_63' title='bbox 371 805 575 852; x_wconf 91' lang='lat' dir='ltr'>dicendo</span> <span class='ocrx_word' id='word_1_64' title='bbox 624 805 758 852; x_wconf 90' lang='lat' dir='ltr'>dirus</span> <span class='ocrx_word' id='word_1_65' title='bbox 807 804 977 851; x_wconf 84' lang='lat' dir='ltr'>Ulixes</span> <span class='ocrx_word' id='word_1_66' title='bbox 1023 805 1177 852; x_wconf 89' lang='lat' dir='ltr'>talem</span> <span class='ocrx_word' id='word_1_67' title='bbox 1224 806 1441 853; x_wconf 87' lang='lat' dir='ltr'>ostendit</span> <span class='ocrx_word' id='word_1_68' title='bbox 1488 808 1639 853; x_wconf 90' lang='lat' dir='ltr'>etiam</span> <span class='ocrx_word' id='word_1_69' title='bbox 1679 806 1834 854; x_wconf 92' lang='lat' dir='ltr'>Phoe-</span> 
     </span>
     <span class='ocr_line' id='line_1_10' title="bbox 138 878 1833 941; baseline 0.001 -15"><span class='ocrx_word' id='word_1_70' title='bbox 138 879 297 927; x_wconf 82' lang='lat' dir='ltr'>m‘cem</span> <span class='ocrx_word' id='word_1_71' title='bbox 338 879 514 940; x_wconf 81' lang='lat' dir='ltr'>fuisse3</span> <span class='ocrx_word' id='word_1_72' title='bbox 563 879 626 926; x_wconf 89' lang='lat' dir='ltr'>ad</span> <span class='ocrx_word' id='word_1_73' title='bbox 664 895 819 926; x_wconf 90' lang='lat' dir='ltr'>unum</span> <span class='ocrx_word' id='word_1_74' title='bbox 861 880 1044 940; x_wconf 88' lang='lat' dir='ltr'>quippe</span> <span class='ocrx_word' id='word_1_75' title='bbox 1084 878 1303 926; x_wconf 87' lang='lat' dir='ltr'>officium</span> <span class='ocrx_word' id='word_1_76' title='bbox 1345 880 1573 941; x_wconf 85' lang='lat' dir='ltr'>aequales</span> <span class='ocrx_word' id='word_1_77' title='bbox 1614 880 1833 928; x_wconf 89' lang='lat' dir='ltr'>moribus</span> 
     </span>
     <span class='ocr_line' id='line_1_11' title="bbox 71 953 1836 1016; baseline -0.001 -14"><span class='ocrx_word' id='word_1_78' title='bbox 71 970 115 1003; x_wconf 82' lang='grc' dir='ltr'>ιο</span> <span class='ocrx_word' id='word_1_79' title='bbox 138 954 341 1001; x_wconf 88' lang='lat' dir='ltr'>fuerunt</span> <span class='ocrx_word' id='word_1_80' title='bbox 365 953 628 1016; x_wconf 79' lang='lat' dir='ltr'>deligendi.</span> <span class='ocrx_word' id='word_1_81' title='bbox 670 967 823 1000; x_wconf 78' lang='lat' dir='ltr'>ausas</span> <span class='ocrx_word' id='word_1_82' title='bbox 840 955 958 1012; x_wconf 76' lang='lat' dir='ltr'>quin</span> <span class='ocrx_word' id='word_1_83' title='bbox 975 954 1120 1001; x_wconf 76' lang='lat' dir='ltr'>etiam</span> <span class='ocrx_word' id='word_1_84' title='bbox 1135 967 1270 1001; x_wconf 79' lang='lat' dir='ltr'>voces</span> <span class='ocrx_word' id='word_1_85' title='bbox 1287 956 1469 1001; x_wconf 79' lang='lat' dir='ltr'>iactare</span> <span class='ocrx_word' id='word_1_86' title='bbox 1477 969 1571 1013; x_wconf 70' lang='lat' dir='ltr'>per</span> <span class='ocrx_word' id='word_1_87' title='bbox 1586 955 1836 1002; x_wconf 77' lang='lat' dir='ltr'>umbram:</span> 
     </span>
     <span class='ocr_line' id='line_1_12' title="bbox 138 1026 1834 1089; baseline 0.001 -14"><span class='ocrx_word' id='word_1_88' title='bbox 138 1028 254 1075; x_wconf 88' lang='lat' dir='ltr'>licet</span> <span class='ocrx_word' id='word_1_89' title='bbox 292 1027 636 1089; x_wconf 90' lang='lat' dir='ltr'>praesentibus</span> <span class='ocrx_word' id='word_1_90' title='bbox 677 1026 962 1074; x_wconf 72' lang='lat' dir='ltr'>execrandis</span> <span class='ocrx_word' id='word_1_91' title='bbox 1003 1027 1287 1075; x_wconf 89' lang='lat' dir='ltr'>custodibus</span> <span class='ocrx_word' id='word_1_92' title='bbox 1327 1030 1509 1087; x_wconf 88' lang='lat' dir='ltr'>tamen,</span> <span class='ocrx_word' id='word_1_93' title='bbox 1541 1029 1721 1089; x_wconf 89' lang='lat' dir='ltr'>inquit,</span> <span class='ocrx_word' id='word_1_94' title='bbox 1754 1044 1834 1076; x_wconf 91' lang='lat' dir='ltr'>ac-</span> 
     </span>
     <span class='ocr_line' id='line_1_13' title="bbox 138 1101 1833 1162; baseline -0.001 -12"><span class='ocrx_word' id='word_1_95' title='bbox 138 1101 284 1162; x_wconf 85' lang='lat' dir='ltr'>cessi,</span> <span class='ocrx_word' id='word_1_96' title='bbox 330 1103 383 1148; x_wconf 93' lang='lat' dir='ltr'>in</span> <span class='ocrx_word' id='word_1_97' title='bbox 430 1103 628 1149; x_wconf 88' lang='lat' dir='ltr'>tantum</span> <span class='ocrx_word' id='word_1_98' title='bbox 673 1103 730 1148; x_wconf 92' lang='lat' dir='ltr'>ut</span> <span class='ocrx_word' id='word_1_99' title='bbox 776 1117 854 1148; x_wconf 89' lang='lat' dir='ltr'>me</span> <span class='ocrx_word' id='word_1_100' title='bbox 903 1103 1095 1149; x_wconf 91' lang='lat' dir='ltr'>constet</span> <span class='ocrx_word' id='word_1_101' title='bbox 1138 1104 1187 1148; x_wconf 93' lang='lat' dir='ltr'>et</span> <span class='ocrx_word' id='word_1_102' title='bbox 1225 1101 1462 1162; x_wconf 87' lang='lat' dir='ltr'>praedam</span> <span class='ocrx_word' id='word_1_103' title='bbox 1500 1102 1681 1149; x_wconf 90' lang='lat' dir='ltr'>vidisse</span> <span class='ocrx_word' id='word_1_104' title='bbox 1721 1117 1833 1150; x_wconf 89' lang='lat' dir='ltr'>con-</span> 
     </span>
     <span class='ocr_line' id='line_1_14' title="bbox 138 1175 1833 1239; baseline 0 -16"><span class='ocrx_word' id='word_1_105' title='bbox 138 1177 330 1239; x_wconf 86' lang='lat' dir='ltr'>gestam</span> <span class='ocrx_word' id='word_1_106' title='bbox 363 1177 412 1224; x_wconf 84' lang='lat' dir='ltr'>et</span> <span class='ocrx_word' id='word_1_107' title='bbox 442 1177 590 1237; x_wconf 89' lang='lat' dir='ltr'>rapta</span> <span class='ocrx_word' id='word_1_108' title='bbox 621 1175 957 1223; x_wconf 87' lang='lat' dir='ltr'>considerasse</span> <span class='ocrx_word' id='word_1_109' title='bbox 989 1191 1078 1236; x_wconf 90' lang='lat' dir='ltr'>per</span> <span class='ocrx_word' id='word_1_110' title='bbox 1109 1177 1295 1236; x_wconf 89' lang='lat' dir='ltr'>species</span> <span class='ocrx_word' id='word_1_111' title='bbox 1329 1178 1379 1223; x_wconf 85' lang='lat' dir='ltr'>et</span> <span class='ocrx_word' id='word_1_112' title='bbox 1410 1178 1558 1224; x_wconf 89' lang='lat' dir='ltr'>scisse</span> <span class='ocrx_word' id='word_1_113' title='bbox 1591 1176 1833 1224; x_wconf 91' lang='lat' dir='ltr'>custodes.</span> 
     </span>
     <span class='ocr_line' id='line_1_15' title="bbox 34 1249 1834 1313; baseline 0 -16"><span class='ocrx_word' id='word_1_114' title='bbox 34 1300 38 1302; x_wconf 60' lang='grc'>,</span> <span class='ocrx_word' id='word_1_115' title='bbox 138 1249 347 1297; x_wconf 90' lang='lat' dir='ltr'>ducebat</span> <span class='ocrx_word' id='word_1_116' title='bbox 401 1249 533 1297; x_wconf 89' lang='lat' dir='ltr'>enim</span> <span class='ocrx_word' id='word_1_117' title='bbox 589 1251 807 1297; x_wconf 88' lang='lat' dir='ltr'>amentia</span> <span class='ocrx_word' id='word_1_118' title='bbox 860 1249 1087 1311; x_wconf 86' lang='lat' dir='ltr'>perditae</span> <span class='ocrx_word' id='word_1_119' title='bbox 1142 1251 1366 1313; x_wconf 89' lang='lat' dir='ltr'>coniugis</span> <span class='ocrx_word' id='word_1_120' title='bbox 1422 1266 1478 1297; x_wconf 92' lang='lat' dir='ltr'>eo</span> <span class='ocrx_word' id='word_1_121' title='bbox 1534 1249 1619 1297; x_wconf 91' lang='lat' dir='ltr'>ubi</span> <span class='ocrx_word' id='word_1_122' title='bbox 1665 1251 1834 1297; x_wconf 83' lang='lat' dir='ltr'>venire</span> 
     </span>
     <span class='ocr_line' id='line_1_16' title="bbox 71 1323 1834 1386; baseline -0.001 -13"><span class='ocrx_word' id='word_1_123' title='bbox 71 1339 114 1373; x_wconf 78' lang='lat'>15</span> <span class='ocrx_word' id='word_1_124' title='bbox 136 1325 304 1386; x_wconf 90' lang='lat' dir='ltr'>posset</span> <span class='ocrx_word' id='word_1_125' title='bbox 348 1325 402 1371; x_wconf 88' lang='lat' dir='ltr'>in</span> <span class='ocrx_word' id='word_1_126' title='bbox 447 1339 623 1371; x_wconf 91' lang='lat' dir='ltr'>manus</span> <span class='ocrx_word' id='word_1_127' title='bbox 672 1339 841 1372; x_wconf 90' lang='lat' dir='ltr'>eorum</span> <span class='ocrx_word' id='word_1_128' title='bbox 893 1325 979 1386; x_wconf 89' lang='lat' dir='ltr'>qui</span> <span class='ocrx_word' id='word_1_129' title='bbox 1032 1323 1256 1371; x_wconf 84' lang='lat' dir='ltr'>misereri</span> <span class='ocrx_word' id='word_1_130' title='bbox 1308 1340 1408 1372; x_wconf 89' lang='lat' dir='ltr'>non</span> <span class='ocrx_word' id='word_1_131' title='bbox 1462 1327 1676 1372; x_wconf 90' lang='lat' dir='ltr'>nossent.</span> <span class='ocrx_word' id='word_1_132' title='bbox 1754 1324 1834 1372; x_wconf 86' lang='lat' dir='ltr'>hic</span> 
     </span>
     <span class='ocr_line' id='line_1_17' title="bbox 135 1397 1834 1460; baseline -0.001 -14"><span class='ocrx_word' id='word_1_133' title='bbox 135 1414 290 1460; x_wconf 91' lang='lat' dir='ltr'>prope</span> <span class='ocrx_word' id='word_1_134' title='bbox 336 1398 528 1445; x_wconf 90' lang='lat' dir='ltr'>nullum</span> <span class='ocrx_word' id='word_1_135' title='bbox 577 1399 705 1446; x_wconf 90' lang='lat' dir='ltr'>esset</span> <span class='ocrx_word' id='word_1_136' title='bbox 750 1398 947 1446; x_wconf 87' lang='lat' dir='ltr'>Aeneae</span> <span class='ocrx_word' id='word_1_137' title='bbox 1002 1399 1258 1458; x_wconf 91' lang='lat' dir='ltr'>meritum,</span> <span class='ocrx_word' id='word_1_138' title='bbox 1314 1399 1357 1446; x_wconf 90' lang='lat' dir='ltr'>si</span> <span class='ocrx_word' id='word_1_139' title='bbox 1403 1398 1504 1446; x_wconf 90' lang='lat' dir='ltr'>alia</span> <span class='ocrx_word' id='word_1_140' title='bbox 1550 1414 1648 1445; x_wconf 88' lang='lat' dir='ltr'>non</span> <span class='ocrx_word' id='word_1_141' title='bbox 1696 1397 1834 1445; x_wconf 78' lang='lat' dir='ltr'>addi-</span> 
     </span>
     <span class='ocr_line' id='line_1_18' title="bbox 137 1472 1832 1534; baseline 0.001 -15"><span class='ocrx_word' id='word_1_142' title='bbox 137 1472 308 1531; x_wconf 83' lang='lat' dir='ltr'>disset3</span> <span class='ocrx_word' id='word_1_143' title='bbox 377 1487 468 1534; x_wconf 92' lang='lat' dir='ltr'>per</span> <span class='ocrx_word' id='word_1_144' title='bbox 522 1475 719 1520; x_wconf 89' lang='lat' dir='ltr'>noctem</span> <span class='ocrx_word' id='word_1_145' title='bbox 781 1473 967 1534; x_wconf 91' lang='lat' dir='ltr'>quippe</span> <span class='ocrx_word' id='word_1_146' title='bbox 1021 1472 1178 1519; x_wconf 89' lang='lat' dir='ltr'>latere</span> <span class='ocrx_word' id='word_1_147' title='bbox 1232 1474 1399 1534; x_wconf 91' lang='lat' dir='ltr'>potuit</span> <span class='ocrx_word' id='word_1_148' title='bbox 1454 1475 1502 1519; x_wconf 89' lang='lat' dir='ltr'>et</span> <span class='ocrx_word' id='word_1_149' title='bbox 1556 1472 1832 1520; x_wconf 88' lang='lat' dir='ltr'>occultatus</span> 
     </span>
     <span class='ocr_line' id='line_1_19' title="bbox 135 1546 1829 1608; baseline -0.001 -13"><span class='ocrx_word' id='word_1_150' title='bbox 135 1546 350 1595; x_wconf 85' lang='lat' dir='ltr'>tenebris</span> <span class='ocrx_word' id='word_1_151' title='bbox 390 1563 490 1595; x_wconf 90' lang='lat' dir='ltr'>non</span> <span class='ocrx_word' id='word_1_152' title='bbox 529 1546 700 1594; x_wconf 86' lang='lat' dir='ltr'>videri.</span> <span class='ocrx_word' id='word_1_153' title='bbox 781 1547 903 1608; x_wconf 91' lang='lat' dir='ltr'>quin</span> <span class='ocrx_word' id='word_1_154' title='bbox 943 1547 1110 1606; x_wconf 89' lang='lat' dir='ltr'>etiam,</span> <span class='ocrx_word' id='word_1_155' title='bbox 1150 1547 1329 1608; x_wconf 92' lang='lat' dir='ltr'>inquit,</span> <span class='ocrx_word' id='word_1_156' title='bbox 1363 1562 1511 1594; x_wconf 89' lang='lat' dir='ltr'>ausus</span> <span class='ocrx_word' id='word_1_157' title='bbox 1544 1562 1655 1594; x_wconf 93' lang='lat' dir='ltr'>sum</span> <span class='ocrx_word' id='word_1_158' title='bbox 1686 1561 1829 1594; x_wconf 90' lang='lat' dir='ltr'>voces</span> 
     </span>
     <span class='ocr_line' id='line_1_20' title="bbox 134 1619 1832 1682; baseline -0.001 -15"><span class='ocrx_word' id='word_1_159' title='bbox 134 1621 322 1668; x_wconf 89' lang='lat' dir='ltr'>iactare</span> <span class='ocrx_word' id='word_1_160' title='bbox 367 1637 456 1682; x_wconf 92' lang='lat' dir='ltr'>per</span> <span class='ocrx_word' id='word_1_161' title='bbox 501 1621 744 1668; x_wconf 88' lang='lat' dir='ltr'>umbram.</span> <span class='ocrx_word' id='word_1_162' title='bbox 822 1636 970 1682; x_wconf 90' lang='lat' dir='ltr'>quem</span> <span class='ocrx_word' id='word_1_163' title='bbox 1016 1619 1373 1669; x_wconf 87' lang='lat' dir='ltr'>subtrahebant</span> <span class='ocrx_word' id='word_1_164' title='bbox 1419 1621 1573 1668; x_wconf 91' lang='lat' dir='ltr'>oculis</span> <span class='ocrx_word' id='word_1_165' title='bbox 1613 1620 1832 1668; x_wconf 92' lang='lat' dir='ltr'>hostium</span> 
     </span>
     <span class='ocr_line' id='line_1_21' title="bbox 28 1693 1831 1756; baseline -0.001 -14"><span class='ocrx_word' id='word_1_166' title='bbox 28 1739 30 1742; x_wconf 78' lang='grc'>,</span> <span class='ocrx_word' id='word_1_167' title='bbox 68 1709 113 1743; x_wconf 71' lang='lat'>20</span> <span class='ocrx_word' id='word_1_168' title='bbox 134 1694 366 1742; x_wconf 88' lang='lat' dir='ltr'>tenebrae</span> <span class='ocrx_word' id='word_1_169' title='bbox 414 1693 622 1756; x_wconf 89' lang='lat' dir='ltr'>prodere</span> <span class='ocrx_word' id='word_1_170' title='bbox 669 1697 868 1756; x_wconf 91' lang='lat' dir='ltr'>poterat</span> <span class='ocrx_word' id='word_1_171' title='bbox 913 1696 1104 1743; x_wconf 89' lang='lat' dir='ltr'>sonitus</span> <span class='ocrx_word' id='word_1_172' title='bbox 1151 1696 1308 1755; x_wconf 84' lang='lat' dir='ltr'>vocis,</span> <span class='ocrx_word' id='word_1_173' title='bbox 1356 1710 1467 1742; x_wconf 90' lang='lat' dir='ltr'>cum</span> <span class='ocrx_word' id='word_1_174' title='bbox 1506 1694 1570 1742; x_wconf 91' lang='lat' dir='ltr'>ad</span> <span class='ocrx_word' id='word_1_175' title='bbox 1607 1696 1831 1755; x_wconf 90' lang='lat' dir='ltr'>ipsorum</span> 
     </span>
     <span class='ocr_line' id='line_1_22' title="bbox 133 1768 1832 1832; baseline -0.001 -15"><span class='ocrx_word' id='word_1_176' title='bbox 133 1770 442 1830; x_wconf 83' lang='lat' dir='ltr'>pervenisset</span> <span class='ocrx_word' id='word_1_177' title='bbox 474 1769 685 1817; x_wconf 72' lang='lat' dir='ltr'>auditus</span> <span class='ocrx_word' id='word_1_178' title='bbox 739 1770 922 1829; x_wconf 73' lang='lat' dir='ltr'>inplevi</span> <span class='ocrx_word' id='word_1_179' title='bbox 945 1769 1153 1817; x_wconf 82' lang='lat' dir='ltr'>elamore</span> <span class='ocrx_word' id='word_1_180' title='bbox 1179 1770 1311 1817; x_wconf 83' lang='lat' dir='ltr'>vias:</span> <span class='ocrx_word' id='word_1_181' title='bbox 1342 1769 1663 1832; x_wconf 88' lang='lat' dir='ltr'>augmentum</span> <span class='ocrx_word' id='word_1_182' title='bbox 1695 1768 1832 1816; x_wconf 82' lang='lat' dir='ltr'>dedit</span> 
     </span>
     <span class='ocr_line' id='line_1_23' title="bbox 133 1842 1831 1905; baseline 0 -15"><span class='ocrx_word' id='word_1_183' title='bbox 133 1843 232 1904; x_wconf 89' lang='lat' dir='ltr'>ipsi</span> <span class='ocrx_word' id='word_1_184' title='bbox 270 1844 427 1904; x_wconf 90' lang='lat' dir='ltr'>facto,</span> <span class='ocrx_word' id='word_1_185' title='bbox 474 1843 592 1890; x_wconf 90' lang='lat' dir='ltr'>dum</span> <span class='ocrx_word' id='word_1_186' title='bbox 631 1842 753 1891; x_wconf 91' lang='lat' dir='ltr'>dicit</span> <span class='ocrx_word' id='word_1_187' title='bbox 789 1843 980 1905; x_wconf 86' lang='lat' dir='ltr'>inplevi</span> <span class='ocrx_word' id='word_1_188' title='bbox 1023 1843 1236 1890; x_wconf 90' lang='lat' dir='ltr'>clamore</span> <span class='ocrx_word' id='word_1_189' title='bbox 1283 1843 1405 1890; x_wconf 90' lang='lat' dir='ltr'>vias.</span> <span class='ocrx_word' id='word_1_190' title='bbox 1483 1858 1604 1902; x_wconf 92' lang='lat' dir='ltr'>uno,</span> <span class='ocrx_word' id='word_1_191' title='bbox 1651 1842 1831 1904; x_wconf 90' lang='lat' dir='ltr'>inquit,</span> 
     </span>
     <span class='ocr_line' id='line_1_24' title="bbox 133 1916 1829 1978; baseline 0 -14"><span class='ocrx_word' id='word_1_192' title='bbox 133 1916 186 1964; x_wconf 90' lang='lat' dir='ltr'>in</span> <span class='ocrx_word' id='word_1_193' title='bbox 231 1917 340 1966; x_wconf 91' lang='lat' dir='ltr'>loco</span> <span class='ocrx_word' id='word_1_194' title='bbox 388 1917 660 1966; x_wconf 90' lang='lat' dir='ltr'>consistens</span> <span class='ocrx_word' id='word_1_195' title='bbox 706 1918 891 1965; x_wconf 90' lang='lat' dir='ltr'>multas</span> <span class='ocrx_word' id='word_1_196' title='bbox 939 1917 1237 1965; x_wconf 89' lang='lat' dir='ltr'>clamoribus</span> <span class='ocrx_word' id='word_1_197' title='bbox 1292 1916 1415 1965; x_wconf 91' lang='lat' dir='ltr'>meis</span> <span class='ocrx_word' id='word_1_198' title='bbox 1471 1918 1576 1964; x_wconf 88' lang='lat' dir='ltr'>vias</span> <span class='ocrx_word' id='word_1_199' title='bbox 1626 1916 1829 1978; x_wconf 85' lang='lat' dir='ltr'>inplevi,</span> 
     </span>
     <span class='ocr_line' id='line_1_25' title="bbox 133 1990 1830 2050; baseline -0.001 -12"><span class='ocrx_word' id='word_1_200' title='bbox 133 1991 226 2039; x_wconf 94' lang='lat' dir='ltr'>hoc</span> <span class='ocrx_word' id='word_1_201' title='bbox 265 1994 339 2039; x_wconf 92' lang='lat' dir='ltr'>est</span> <span class='ocrx_word' id='word_1_202' title='bbox 375 1993 484 2040; x_wconf 88' lang='lat' dir='ltr'>tam</span> <span class='ocrx_word' id='word_1_203' title='bbox 514 1992 672 2040; x_wconf 86' lang='lat' dir='ltr'>claras</span> <span class='ocrx_word' id='word_1_204' title='bbox 705 2006 848 2039; x_wconf 91' lang='lat' dir='ltr'>voces</span> <span class='ocrx_word' id='word_1_205' title='bbox 879 1993 933 2038; x_wconf 90' lang='lat' dir='ltr'>in</span> <span class='ocrx_word' id='word_1_206' title='bbox 965 1990 1216 2039; x_wconf 90' lang='lat' dir='ltr'>doloribus</span> <span class='ocrx_word' id='word_1_207' title='bbox 1248 1992 1371 2038; x_wconf 89' lang='lat' dir='ltr'>meis</span> <span class='ocrx_word' id='word_1_208' title='bbox 1403 1991 1558 2050; x_wconf 87' lang='lat' dir='ltr'>emisi,</span> <span class='ocrx_word' id='word_1_209' title='bbox 1590 1993 1646 2038; x_wconf 90' lang='lat' dir='ltr'>ut</span> <span class='ocrx_word' id='word_1_210' title='bbox 1678 1992 1830 2038; x_wconf 92' lang='lat' dir='ltr'>etiam</span> 
     </span>
     <span class='ocr_line' id='line_1_26' title="bbox 67 2064 1829 2126; baseline 0 -14"><span class='ocrx_word' id='word_1_211' title='bbox 67 2077 111 2112; x_wconf 71' lang='lat' dir='ltr'>ss</span> <span class='ocrx_word' id='word_1_212' title='bbox 135 2065 197 2112; x_wconf 80' lang='lat' dir='ltr'>ad</span> <span class='ocrx_word' id='word_1_213' title='bbox 237 2066 364 2113; x_wconf 87' lang='lat' dir='ltr'>alias</span> <span class='ocrx_word' id='word_1_214' title='bbox 403 2067 512 2114; x_wconf 91' lang='lat' dir='ltr'>vias</span> <span class='ocrx_word' id='word_1_215' title='bbox 550 2066 643 2114; x_wconf 90' lang='lat' dir='ltr'>hoc</span> <span class='ocrx_word' id='word_1_216' title='bbox 683 2068 759 2114; x_wconf 91' lang='lat' dir='ltr'>est</span> <span class='ocrx_word' id='word_1_217' title='bbox 797 2068 848 2113; x_wconf 93' lang='lat' dir='ltr'>et</span> <span class='ocrx_word' id='word_1_218' title='bbox 887 2066 950 2113; x_wconf 91' lang='lat' dir='ltr'>ad</span> <span class='ocrx_word' id='word_1_219' title='bbox 990 2065 1116 2112; x_wconf 90' lang='lat' dir='ltr'>alios</span> <span class='ocrx_word' id='word_1_220' title='bbox 1155 2064 1290 2113; x_wconf 89' lang='lat' dir='ltr'>vicos</span> <span class='ocrx_word' id='word_1_221' title='bbox 1329 2080 1423 2112; x_wconf 89' lang='lat' dir='ltr'>vox</span> <span class='ocrx_word' id='word_1_222' title='bbox 1461 2080 1573 2112; x_wconf 90' lang='lat' dir='ltr'>mea</span> <span class='ocrx_word' id='word_1_223' title='bbox 1611 2066 1682 2112; x_wconf 90' lang='lat' dir='ltr'>sic</span> <span class='ocrx_word' id='word_1_224' title='bbox 1720 2081 1829 2126; x_wconf 88' lang='lat' dir='ltr'>per-</span> 
     </span>
     <span class='ocr_line' id='line_1_27' title="bbox 133 2139 1828 2202; baseline -0.001 -15"><span class='ocrx_word' id='word_1_225' title='bbox 133 2140 371 2200; x_wconf 89' lang='lat' dir='ltr'>venisset,</span> <span class='ocrx_word' id='word_1_226' title='bbox 420 2141 565 2202; x_wconf 90' lang='lat' dir='ltr'>quasi</span> <span class='ocrx_word' id='word_1_227' title='bbox 611 2139 664 2187; x_wconf 92' lang='lat' dir='ltr'>in</span> <span class='ocrx_word' id='word_1_228' title='bbox 703 2139 932 2188; x_wconf 89' lang='lat' dir='ltr'>omnibus</span> <span class='ocrx_word' id='word_1_229' title='bbox 971 2154 1205 2201; x_wconf 87' lang='lat' dir='ltr'>praesens</span> <span class='ocrx_word' id='word_1_230' title='bbox 1246 2139 1526 2187; x_wconf 88' lang='lat' dir='ltr'>clamarem.</span> <span class='ocrx_word' id='word_1_231' title='bbox 1603 2139 1704 2186; x_wconf 87' lang='lat' dir='ltr'>alia</span> <span class='ocrx_word' id='word_1_232' title='bbox 1742 2154 1828 2200; x_wconf 95' lang='lat' dir='ltr'>po-</span> 
     </span>
     <span class='ocr_line' id='line_1_28' title="bbox 133 2211 1831 2275; baseline -0.001 -14"><span class='ocrx_word' id='word_1_233' title='bbox 133 2214 276 2262; x_wconf 87' lang='lat' dir='ltr'>tioris</span> <span class='ocrx_word' id='word_1_234' title='bbox 317 2213 500 2262; x_wconf 90' lang='lat' dir='ltr'>doloris</span> <span class='ocrx_word' id='word_1_235' title='bbox 544 2214 923 2275; x_wconf 88' lang='lat' dir='ltr'>demonstratio,</span> <span class='ocrx_word' id='word_1_236' title='bbox 973 2229 1070 2275; x_wconf 81' lang='lat' dir='ltr'>qua</span> <span class='ocrx_word' id='word_1_237' title='bbox 1109 2229 1290 2275; x_wconf 83' lang='lat' dir='ltr'>purum</span> <span class='ocrx_word' id='word_1_238' title='bbox 1331 2214 1381 2260; x_wconf 89' lang='lat' dir='ltr'>et</span> <span class='ocrx_word' id='word_1_239' title='bbox 1418 2213 1622 2274; x_wconf 92' lang='lat' dir='ltr'>plenum</span> <span class='ocrx_word' id='word_1_240' title='bbox 1659 2211 1831 2260; x_wconf 87' lang='lat' dir='ltr'>mariti</span> 
     </span>
     <span class='ocr_line' id='line_1_29' title="bbox 64 2286 1922 2347; baseline -0.002 -13"><span class='ocrx_word' id='word_1_241' title='bbox 64 2311 66 2313; x_wconf 96' lang='lat'>·</span> <span class='ocrx_word' id='word_1_242' title='bbox 135 2286 495 2336; x_wconf 88' lang='lat' dir='ltr'>demonstravit</span> <span class='ocrx_word' id='word_1_243' title='bbox 541 2288 813 2336; x_wconf 86' lang='lat' dir='ltr'>adfectum:</span> <span class='ocrx_word' id='word_1_244' title='bbox 866 2290 1172 2347; x_wconf 78' lang='lat' dir='ltr'>maestusque</span> <span class='ocrx_word' id='word_1_245' title='bbox 1215 2286 1451 2335; x_wconf 80' lang='lat' dir='ltr'>Creusam</span> <span class='ocrx_word' id='word_1_246' title='bbox 1495 2287 1814 2346; x_wconf 76' lang='lat' dir='ltr'>nequicquam</span> <span class='ocrx_word' id='word_1_247' title='bbox 1834 2291 1922 2331; x_wconf 82' lang='lat'>770</span> 
     </span>
    </p>
   </div>
   <div class='ocr_carea' id='block_1_3' title="bbox 134 2380 490 2388">
    <p class='ocr_par' dir='ltr' id='par_1_3' title="bbox 134 2380 490 2388">
     <span class='ocr_line' id='line_1_30' title="bbox 134 2380 490 2388; baseline 0 0"><span class='ocrx_word' id='word_1_248' title='bbox 134 2380 490 2388; x_wconf 95' lang='lat' dir='ltr'> </span> 
     </span>
    </p>
   </div>
   <div class='ocr_carea' id='block_1_4' title="bbox 130 2427 1831 3007">
    <p class='ocr_par' dir='ltr' id='par_1_4' title="bbox 130 2427 1831 3007">
     <span class='ocr_line' id='line_1_31' title="bbox 256 2427 1830 2488; baseline -0.002 -15"><span class='ocrx_word' id='word_1_249' title='bbox 256 2435 278 2473; x_wconf 94' lang='lat'>1</span> <span class='ocrx_word' id='word_1_250' title='bbox 311 2435 575 2488; x_wconf 76' lang='lat' dir='ltr'>conqeretur</span> <span class='ocrx_word' id='word_1_251' title='bbox 605 2429 704 2474; x_wconf 87' lang='lat' dir='ltr'>LR.</span> <span class='ocrx_word' id='word_1_252' title='bbox 741 2431 747 2486; x_wconf 87' lang='grc' dir='ltr'>Ι</span> <span class='ocrx_word' id='word_1_253' title='bbox 783 2429 995 2486; x_wconf 78' lang='lat' dir='ltr'>pueri—</span> <span class='ocrx_word' id='word_1_254' title='bbox 1013 2429 1184 2472; x_wconf 80' lang='lat' dir='ltr'>circum</span> <span class='ocrx_word' id='word_1_255' title='bbox 1213 2427 1427 2472; x_wconf 84' lang='lat' dir='ltr'>lemmati</span> <span class='ocrx_word' id='word_1_256' title='bbox 1460 2427 1567 2471; x_wconf 86' lang='lat' dir='ltr'>add.</span> <span class='ocrx_word' id='word_1_257' title='bbox 1594 2428 1681 2482; x_wconf 86' lang='lat' dir='ltr'>ed.,</span> <span class='ocrx_word' id='word_1_258' title='bbox 1706 2427 1830 2470; x_wconf 86' lang='lat' dir='ltr'>infra</span> 
     </span>
     <span class='ocr_line' id='line_1_32' title="bbox 132 2486 1831 2546; baseline -0.001 -14"><span class='ocrx_word' id='word_1_259' title='bbox 132 2487 335 2534; x_wconf 87' lang='lat' dir='ltr'>inserere</span> <span class='ocrx_word' id='word_1_260' title='bbox 373 2489 520 2533; x_wconf 80' lang='lat' dir='ltr'>malui</span> <span class='ocrx_word' id='word_1_261' title='bbox 553 2490 662 2532; x_wconf 83' lang='lat' dir='ltr'>ante</span> <span class='ocrx_word' id='word_1_262' title='bbox 693 2493 830 2533; x_wconf 76' lang='lat' dir='ltr'>stant.</span> <span class='ocrx_word' id='word_1_263' title='bbox 889 2489 895 2546; x_wconf 83' lang='grc' dir='ltr'>Ι</span> <span class='ocrx_word' id='word_1_264' title='bbox 959 2487 1037 2532; x_wconf 83' lang='lat' dir='ltr'>sed</span> <span class='ocrx_word' id='word_1_265' title='bbox 1066 2488 1265 2543; x_wconf 75' lang='lat' dir='ltr'>sinyulis</span> <span class='ocrx_word' id='word_1_266' title='bbox 1294 2486 1382 2530; x_wconf 87' lang='lat' dir='ltr'>LR</span> <span class='ocrx_word' id='word_1_267' title='bbox 1413 2487 1508 2540; x_wconf 84' lang='lat' dir='ltr'>ed.;</span> <span class='ocrx_word' id='word_1_268' title='bbox 1542 2501 1602 2531; x_wconf 85' lang='lat' dir='ltr'>an</span> <span class='ocrx_word' id='word_1_269' title='bbox 1632 2487 1831 2544; x_wconf 75' lang='lat' dir='ltr'>sinyulis</span> 
     </span>
     <span class='ocr_line' id='line_1_33' title="bbox 130 2545 1825 2605; baseline -0.002 -13"><span class='ocrx_word' id='word_1_270' title='bbox 130 2549 243 2592; x_wconf 79' lang='lat' dir='ltr'>sed?</span> <span class='ocrx_word' id='word_1_271' title='bbox 364 2553 390 2592; x_wconf 84' lang='lat'><strong>3</strong></span> <span class='ocrx_word' id='word_1_272' title='bbox 410 2553 673 2605; x_wconf 42' lang='lat' dir='ltr'>potest-44</span> <span class='ocrx_word' id='word_1_273' title='bbox 697 2548 959 2604; x_wconf 79' lang='lat' dir='ltr'>adpositam</span> <span class='ocrx_word' id='word_1_274' title='bbox 992 2561 1080 2590; x_wconf 88' lang='lat' dir='ltr'>om.</span> <span class='ocrx_word' id='word_1_275' title='bbox 1107 2546 1178 2590; x_wconf 88' lang='lat' dir='ltr'>ed.</span> <span class='ocrx_word' id='word_1_276' title='bbox 1208 2548 1214 2603; x_wconf 80' lang='grc'>1</span> <span class='ocrx_word' id='word_1_277' title='bbox 1249 2547 1293 2590; x_wconf 82' lang='lat' dir='ltr'>ei</span> <span class='ocrx_word' id='word_1_278' title='bbox 1320 2546 1386 2590; x_wconf 83' lang='lat' dir='ltr'>sic</span> <span class='ocrx_word' id='word_1_279' title='bbox 1416 2545 1458 2588; x_wconf 89' lang='lat' dir='ltr'>R</span> <span class='ocrx_word' id='word_1_280' title='bbox 1489 2549 1531 2590; x_wconf 81' lang='lat' dir='ltr'>et</span> <span class='ocrx_word' id='word_1_281' title='bbox 1559 2561 1595 2591; x_wconf 80' lang='lat' dir='ltr'>s.</span> <span class='ocrx_word' id='word_1_282' title='bbox 1620 2561 1715 2589; x_wconf 91' lang='lat' dir='ltr'>r=</span> <span class='ocrx_word' id='word_1_283' title='bbox 1734 2546 1782 2588; x_wconf 91' lang='lat' dir='ltr'>L.</span> <span class='ocrx_word' id='word_1_284' title='bbox 1819 2545 1825 2603; x_wconf 75' lang='grc' dir='ltr'>Ι</span> 
     </span>
     <span class='ocr_line' id='line_1_34' title="bbox 131 2605 1829 2666; baseline -0.002 -14"><span class='ocrx_word' id='word_1_285' title='bbox 131 2609 337 2666; x_wconf 64' lang='lat' dir='ltr'>congeris</span> <span class='ocrx_word' id='word_1_286' title='bbox 366 2608 557 2653; x_wconf 78' lang='lat' dir='ltr'>turuisti</span> <span class='ocrx_word' id='word_1_287' title='bbox 586 2607 674 2650; x_wconf 82' lang='lat' dir='ltr'>LR</span> <span class='ocrx_word' id='word_1_288' title='bbox 704 2607 963 2664; x_wconf 75' lang='lat' dir='ltr'>co‘nyeritur</span> <span class='ocrx_word' id='word_1_289' title='bbox 992 2607 1105 2650; x_wconf 79' lang='lat' dir='ltr'>vesti</span> <span class='ocrx_word' id='word_1_290' title='bbox 1133 2620 1168 2650; x_wconf 90' lang='lat' dir='ltr'>r.</span> <span class='ocrx_word' id='word_1_291' title='bbox 1270 2609 1297 2648; x_wconf 86' lang='lat'>4</span> <span class='ocrx_word' id='word_1_292' title='bbox 1327 2605 1529 2650; x_wconf 80' lang='lat' dir='ltr'>videaris</span> <span class='ocrx_word' id='word_1_293' title='bbox 1559 2605 1646 2648; x_wconf 88' lang='lat' dir='ltr'>LR</span> <span class='ocrx_word' id='word_1_294' title='bbox 1676 2605 1829 2649; x_wconf 82' lang='lat' dir='ltr'>videa-</span> 
     </span>
     <span class='ocr_line' id='line_1_35' title="bbox 134 2663 1830 2723; baseline -0.002 -13"><span class='ocrx_word' id='word_1_295' title='bbox 134 2671 212 2710; x_wconf 69' lang='lat' dir='ltr'>tur</span> <span class='ocrx_word' id='word_1_296' title='bbox 241 2681 277 2711; x_wconf 87' lang='lat' dir='ltr'>r.</span> <span class='ocrx_word' id='word_1_297' title='bbox 427 2670 454 2710; x_wconf 83' lang='lat'>5</span> <span class='ocrx_word' id='word_1_298' title='bbox 482 2681 653 2723; x_wconf 78' lang='lat' dir='ltr'>parum</span> <span class='ocrx_word' id='word_1_299' title='bbox 683 2665 770 2709; x_wconf 84' lang='lat' dir='ltr'>LR</span> <span class='ocrx_word' id='word_1_300' title='bbox 807 2679 902 2710; x_wconf 70' lang='lat' dir='ltr'>‘non</span> <span class='ocrx_word' id='word_1_301' title='bbox 934 2679 983 2721; x_wconf 80' lang='lat' dir='ltr'>p.</span> <span class='ocrx_word' id='word_1_302' title='bbox 1017 2665 1134 2708; x_wconf 85' lang='lat' dir='ltr'>edF:</span> <span class='ocrx_word' id='word_1_303' title='bbox 1183 2663 1301 2708; x_wconf 93' lang='lat' dir='ltr'>Don.</span> <span class='ocrx_word' id='word_1_304' title='bbox 1334 2665 1506 2709; x_wconf 77' lang='lat' dir='ltr'>ciream</span> <span class='ocrx_word' id='word_1_305' title='bbox 1544 2664 1606 2707; x_wconf 85' lang='lat' dir='ltr'>ad</span> <span class='ocrx_word' id='word_1_306' title='bbox 1636 2663 1830 2708; x_wconf 76' lang='lat' dir='ltr'>Aenean</span> 
     </span>
     <span class='ocr_line' id='line_1_36' title="bbox 134 2722 1830 2780; baseline -0.002 -10"><span class='ocrx_word' id='word_1_307' title='bbox 134 2724 291 2780; x_wconf 79' lang='lat' dir='ltr'>refert,</span> <span class='ocrx_word' id='word_1_308' title='bbox 322 2727 378 2770; x_wconf 89' lang='lat' dir='ltr'>ut</span> <span class='ocrx_word' id='word_1_309' title='bbox 409 2725 491 2770; x_wconf 83' lang='lat' dir='ltr'>sit:</span> <span class='ocrx_word' id='word_1_310' title='bbox 523 2739 617 2770; x_wconf 91' lang='lat' dir='ltr'>non</span> <span class='ocrx_word' id='word_1_311' title='bbox 641 2725 819 2770; x_wconf 79' lang='lat' dir='ltr'>accessi</span> <span class='ocrx_word' id='word_1_312' title='bbox 842 2726 1043 2779; x_wconf 83' lang='lat' dir='ltr'>tantum,</span> <span class='ocrx_word' id='word_1_313' title='bbox 1069 2724 1152 2769; x_wconf 86' lang='lat' dir='ltr'>sed</span> <span class='ocrx_word' id='word_1_314' title='bbox 1175 2724 1226 2767; x_wconf 91' lang='lat' dir='ltr'>in</span> <span class='ocrx_word' id='word_1_315' title='bbox 1249 2722 1418 2768; x_wconf 81' lang='lat' dir='ltr'>mediis</span> <span class='ocrx_word' id='word_1_316' title='bbox 1441 2722 1534 2776; x_wconf 78' lang='lat' dir='ltr'>fui;</span> <span class='ocrx_word' id='word_1_317' title='bbox 1565 2723 1692 2779; x_wconf 84' lang='lat' dir='ltr'>quod</span> <span class='ocrx_word' id='word_1_318' title='bbox 1716 2722 1830 2778; x_wconf 78' lang='lat' dir='ltr'>quia</span> 
     </span>
     <span class='ocr_line' id='line_1_37' title="bbox 133 2781 1831 2841; baseline -0.001 -14"><span class='ocrx_word' id='word_1_319' title='bbox 133 2797 229 2828; x_wconf 84' lang='lat' dir='ltr'>non</span> <span class='ocrx_word' id='word_1_320' title='bbox 258 2784 506 2840; x_wconf 81' lang='lat' dir='ltr'>intellexit,</span> <span class='ocrx_word' id='word_1_321' title='bbox 538 2798 634 2829; x_wconf 77' lang='lat' dir='ltr'>non</span> <span class='ocrx_word' id='word_1_322' title='bbox 663 2783 969 2841; x_wconf 86' lang='lat' dir='ltr'>interpolavit</span> <span class='ocrx_word' id='word_1_323' title='bbox 992 2782 1040 2826; x_wconf 80' lang='lat' dir='ltr'>F.</span> <span class='ocrx_word' id='word_1_324' title='bbox 1136 2787 1160 2826; x_wconf 82' lang='lat'><strong>7</strong></span> <span class='ocrx_word' id='word_1_325' title='bbox 1186 2783 1495 2840; x_wconf 76' lang='lat' dir='ltr'>praefuerant</span> <span class='ocrx_word' id='word_1_326' title='bbox 1523 2781 1609 2825; x_wconf 87' lang='lat' dir='ltr'>LR</span> <span class='ocrx_word' id='word_1_327' title='bbox 1639 2782 1831 2836; x_wconf 76' lang='lat' dir='ltr'>fuerant</span> 
     </span>
     <span class='ocr_line' id='line_1_38' title="bbox 134 2841 1831 2901; baseline -0.002 -14"><span class='ocrx_word' id='word_1_328' title='bbox 134 2842 208 2888; x_wconf 84' lang='lat' dir='ltr'>ed.</span> <span class='ocrx_word' id='word_1_329' title='bbox 347 2849 401 2888; x_wconf 86' lang='lat'>13</span> <span class='ocrx_word' id='word_1_330' title='bbox 433 2849 618 2901; x_wconf 82' lang='lat' dir='ltr'>raptam</span> <span class='ocrx_word' id='word_1_331' title='bbox 649 2844 720 2888; x_wconf 88' lang='lat' dir='ltr'>ed.</span> <span class='ocrx_word' id='word_1_332' title='bbox 765 2844 771 2901; x_wconf 92' lang='grc' dir='ltr'>Ι</span> <span class='ocrx_word' id='word_1_333' title='bbox 817 2857 901 2899; x_wconf 80' lang='lat' dir='ltr'>per</span> <span class='ocrx_word' id='word_1_334' title='bbox 930 2842 1018 2885; x_wconf 80' lang='lat' dir='ltr'>LR</span> <span class='ocrx_word' id='word_1_335' title='bbox 1048 2847 1090 2886; x_wconf 84' lang='lat' dir='ltr'>et</span> <span class='ocrx_word' id='word_1_336' title='bbox 1111 2857 1163 2899; x_wconf 78' lang='lat' dir='ltr'>p.</span> <span class='ocrx_word' id='word_1_337' title='bbox 1197 2842 1269 2886; x_wconf 90' lang='lat' dir='ltr'>ed.</span> <span class='ocrx_word' id='word_1_338' title='bbox 1309 2844 1317 2900; x_wconf 93' lang='grc' dir='ltr'>Ι</span> <span class='ocrx_word' id='word_1_339' title='bbox 1363 2843 1497 2887; x_wconf 77' lang='lat' dir='ltr'>scisse</span> <span class='ocrx_word' id='word_1_340' title='bbox 1527 2841 1615 2884; x_wconf 85' lang='lat' dir='ltr'>LR</span> <span class='ocrx_word' id='word_1_341' title='bbox 1644 2846 1687 2885; x_wconf 84' lang='lat' dir='ltr'>et</span> <span class='ocrx_word' id='word_1_342' title='bbox 1715 2854 1773 2885; x_wconf 84' lang='lat' dir='ltr'>sc.</span> <span class='ocrx_word' id='word_1_343' title='bbox 1806 2854 1831 2883; x_wconf 91' lang='lat' dir='ltr'>r</span> 
     </span>
     <span class='ocr_line' id='line_1_39' title="bbox 133 2900 1831 2959; baseline -0.003 -11"><span class='ocrx_word' id='word_1_344' title='bbox 133 2904 310 2948; x_wconf 73' lang='lat' dir='ltr'>novisse</span> <span class='ocrx_word' id='word_1_345' title='bbox 341 2903 412 2948; x_wconf 85' lang='lat' dir='ltr'>ed.</span> <span class='ocrx_word' id='word_1_346' title='bbox 537 2908 592 2948; x_wconf 83' lang='lat'>15</span> <span class='ocrx_word' id='word_1_347' title='bbox 618 2916 751 2959; x_wconf 75' lang='lat' dir='ltr'>posse</span> <span class='ocrx_word' id='word_1_348' title='bbox 782 2902 882 2946; x_wconf 81' lang='lat' dir='ltr'>LR.</span> <span class='ocrx_word' id='word_1_349' title='bbox 1004 2906 1058 2945; x_wconf 80' lang='lat'>21</span> <span class='ocrx_word' id='word_1_350' title='bbox 1093 2901 1307 2946; x_wconf 76' lang='lat' dir='ltr'>auditum</span> <span class='ocrx_word' id='word_1_351' title='bbox 1337 2900 1409 2946; x_wconf 88' lang='lat' dir='ltr'>ed.</span> <span class='ocrx_word' id='word_1_352' title='bbox 1526 2904 1582 2944; x_wconf 80' lang='lat'>23</span> <span class='ocrx_word' id='word_1_353' title='bbox 1613 2900 1831 2944; x_wconf 79' lang='lat' dir='ltr'>clamores</span> 
     </span>
     <span class='ocr_line' id='line_1_40' title="bbox 134 2959 1745 3007; baseline 0 -3"><span class='ocrx_word' id='word_1_354' title='bbox 134 2959 222 3004; x_wconf 85' lang='lat' dir='ltr'>LR</span> <span class='ocrx_word' id='word_1_355' title='bbox 252 2975 366 3007; x_wconf 87' lang='lat' dir='ltr'>corr.</span> <span class='ocrx_word' id='word_1_356' title='bbox 399 2962 472 3007; x_wconf 86' lang='lat' dir='ltr'>ed.</span> <span class='ocrx_word' id='word_1_357' title='bbox 594 2967 653 3006; x_wconf 79' lang='lat'>24</span> <span class='ocrx_word' id='word_1_358' title='bbox 683 2963 779 3007; x_wconf 79' lang='lat' dir='ltr'>iam</span> <span class='ocrx_word' id='word_1_359' title='bbox 809 2960 898 3004; x_wconf 84' lang='lat' dir='ltr'>LR</span> <span class='ocrx_word' id='word_1_360' title='bbox 926 2966 1021 3006; x_wconf 88' lang='lat' dir='ltr'>tam</span> <span class='ocrx_word' id='word_1_361' title='bbox 1050 2975 1076 3004; x_wconf 88' lang='lat' dir='ltr'>r</span> <span class='ocrx_word' id='word_1_362' title='bbox 1105 2960 1178 3004; x_wconf 88' lang='lat' dir='ltr'>ed.</span> <span class='ocrx_word' id='word_1_363' title='bbox 1301 2964 1357 3004; x_wconf 76' lang='lat'>25</span> <span class='ocrx_word' id='word_1_364' title='bbox 1387 2960 1456 3005; x_wconf 79' lang='lat' dir='ltr'>sic</span> <span class='ocrx_word' id='word_1_365' title='bbox 1485 2959 1572 3003; x_wconf 83' lang='lat' dir='ltr'>LR</span> <span class='ocrx_word' id='word_1_366' title='bbox 1600 2961 1645 3004; x_wconf 79' lang='lat' dir='ltr'>si</span> <span class='ocrx_word' id='word_1_367' title='bbox 1673 2959 1745 3004; x_wconf 84' lang='lat' dir='ltr'>ed.</span> 
     </span>
    </p>
   </div>
   <div class='ocr_carea' id='block_1_5' title="bbox 0 0 61 3226">
    <p class='ocr_par' dir='ltr' id='par_1_5' title="bbox 0 0 61 3226">
     <span class='ocr_line' id='line_1_41' title="bbox 0 0 61 3226; baseline 0 0"><span class='ocrx_word' id='word_1_368' title='bbox 0 0 61 3226; x_wconf 95' lang='lat' dir='ltr'> </span> 
     </span>
    </p>
   </div>
  </div>
 </body>
</html>
