2014 3226
158 158 223 209 78
620 155 850 198 DONATI
882 154 1161 197 INTERPRJ.
1196 153 1373 197 VERG.

154 299 331 344 ‹thaeus
379 297 561 358 fugam.
640 295 896 356 proposita
943 294 1237 341 necessitate
1276 293 1500 356 fugiendi
1540 294 1732 341 addidit
1772 295 1842 341 fa-

153 372 393 418 cilitatem
445 369 649 416 dicendo
698 368 1029 426 aemiliamque
1074 370 1183 414 ‘odae
1220 372 1399 415 veteres
1438 369 1603 415 tellure
1641 368 1845 415 recludit

154 447 454 498 thensauros,
505 446 719 502 igynotam
771 444 958 502 amenti
997 443 1195 501 pondus
1246 446 1289 489 et
1334 444 1460 489 auri.
1539 442 1670 503 quod
1718 441 1844 488 dixit

154 525 339 565 veteres
386 518 678 564 thensauros
731 515 781 563 et
834 518 1064 579 ignotum
1118 517 1314 579 argenti
1367 516 1558 577 pondus
1615 518 1664 563 et
1719 517 1842 575 auri,

152 592 404 639 ostendere
446 591 608 637 voluit
648 590 938 637 sufficientis
980 589 1043 636 ad
1082 589 1357 636 subsidium
1397 588 1573 652 fugae,
1593 590 1679 651 qui
1710 590 1842 636 tanti
1889 605 1908 638 5

150 668 362 725 fuerunt,
402 668 457 711 ut
498 680 666 711 eorum
704 664 896 725 pondus
927 665 1270 727 ignoraverint
1302 665 1505 710 extrarii
1537 665 1586 710 et
1619 663 1840 724 Sychaeo

152 743 199 786 et
238 742 333 800 ipsi
375 740 517 784 uxori
556 738 742 784 fuerint
780 739 1036 800 incogniti.
1116 737 1405 784 consulendi
1445 752 1561 799 ergo
1601 738 1653 783 in
1700 753 1840 797 prae-

151 815 279 860 senti
318 811 541 875 fugiendi
579 812 870 859 mandatum
911 812 1009 858 fuit
1049 813 1098 858 et
1135 811 1469 872 prospiciendi
1516 812 1568 857 in
1615 812 1841 858 futurum

62 893 146 930 300
163 888 540 934 thensaurorum
587 888 852 946 praecepta
899 886 1179 933 translatio⁴
1255 886 1331 932 liis
1385 889 1615 932 commota
1669 886 1841 944 fnyani

148 962 279 1007 Dido
307 962 549 1018 sociosque
572 962 815 1019 parabat:
846 959 1100 1021 publicato
1127 959 1307 1006 scelere
1333 961 1484 1020 atque
1510 961 1614 1006 eius
1641 960 1840 1007 auctore
1865 976 1907 1007 10

148 1051 235 1096 per
281 1034 525 1081 Didonem
579 1034 777 1096 prodito
834 1035 954 1081 socii
1009 1033 1156 1095 fugae
1212 1035 1478 1094 coeperunt
1533 1034 1838 1095 congregari.

147 1125 244 1155 non
292 1110 398 1155 erat
445 1108 575 1155 enim
623 1108 884 1156 consilium
926 1110 1093 1168 petere
1134 1107 1391 1154 mulierem
1431 1107 1535 1154 sine
1575 1107 1838 1155 comitibus

148 1183 331 1244 fugam,
371 1182 450 1229 vel
490 1183 702 1229 maxime
743 1199 868 1243 quae
907 1181 1134 1243 fugitura
1175 1197 1286 1227 cum
1323 1181 1605 1228 thensauris
1653 1182 1838 1241 fuerat3

146 1256 457 1303 metuebatur
497 1258 628 1304 enim
660 1256 972 1319 Pygmalion,
1011 1272 1071 1302 ne
1112 1258 1296 1302 amissa
1336 1271 1421 1316 spe
1459 1255 1838 1302 thensaurorum

147 1333 431 1391 sequeretur
470 1333 519 1378 et
558 1331 610 1376 in
650 1332 927 1393 peregrinis
967 1329 1153 1376 faceret
1193 1329 1326 1391 quod
1363 1331 1416 1375 in
1457 1329 1654 1376 sedibus
1688 1330 1836 1376 occisi
1863 1345 1904 1377 15

146 1405 370 1466 conplere
403 1420 501 1451 non
531 1406 711 1466 potuit.
783 1405 1071 1451 conveniunt
1108 1404 1282 1462 quibus
1321 1407 1407 1450 aut
1445 1404 1610 1450 odium
1649 1404 1838 1450 crudele

145 1481 343 1537 tyranni
390 1482 477 1525 ant
520 1482 673 1525 metas
720 1493 831 1525 acer
879 1482 1004 1525 erat:
1058 1477 1154 1525 duo
1204 1493 1385 1540 genera
1430 1477 1686 1525 hominum
1723 1493 1836 1538 pro-

145 1553 312 1612 posuit
357 1552 608 1615 fugiturae
647 1552 834 1600 Didoni
882 1567 984 1600 esse
1020 1553 1243 1612 sociata,
1286 1568 1441 1598 unum
1481 1551 1612 1613 quod
1651 1551 1838 1598 odisset

144 1626 534 1688 Pygmalionem,
575 1627 788 1674 alterum
828 1627 960 1688 quod
997 1627 1218 1674 timeret:
1274 1625 1443 1673 odium
1482 1625 1713 1673 debemus
1758 1640 1835 1672 ac·

145 1701 306 1761 cipere
346 1716 513 1748 eorum
553 1701 705 1748 fuisse
745 1701 832 1762 qui
869 1701 1122 1748 nonnullis
1161 1700 1351 1748 viribus
1392 1701 1436 1747 ei
1475 1700 1702 1747 resistere
1748 1715 1835 1760 po·
1860 1716 1903 1747 20

143 1775 373 1833 tuissent,
411 1778 597 1822 metum
637 1790 754 1822 vero
795 1789 964 1822 eorum
1004 1775 1091 1836 qui
1127 1773 1180 1820 in
1219 1773 1452 1821 inferiore
1492 1774 1600 1822 loco
1641 1775 1690 1821 et
1735 1774 1835 1820 for-

143 1851 266 1894 tuna
314 1850 594 1910 constituti,
643 1864 753 1896 cum
799 1849 949 1896 reniti
997 1850 1146 1910 atque
1193 1848 1441 1896 obluctari
1478 1863 1579 1895 non
1616 1849 1834 1909 possent,

145 1921 339 1969 facilius
394 1937 444 1969 se
498 1923 787 1970 interituros
844 1922 1230 1970 arbitrabantur.
1316 1923 1405 1970 alii
1459 1936 1575 1985 ergo
1629 1923 1835 1983 propter

145 1995 314 2042 odium
359 1995 599 2044 iuvabant
645 1997 854 2045 Didonis
901 1997 1266 2057 necessitatem,
1313 2012 1375 2043 ne
1414 1995 1711 2059 Pygmalion
1750 1994 1832 2042 ob-

143 2069 324 2116 tineret
363 2069 494 2130 quod
539 2070 740 2118 volebat
786 2073 835 2118 et
879 2071 1161 2119 thensauris
1210 2071 1400 2119 invasis
1451 2069 1590 2117 fieret
1640 2069 1831 2130 fortior,
1856 2084 1899 2116 25

144 2142 233 2190 alii
262 2146 466 2205 propter
496 2146 696 2205 metum,
737 2144 914 2206 quibus
952 2145 1252 2193 offerebatur
1283 2143 1489 2203 occasio,
1521 2146 1578 2190 ut
1610 2145 1833 2226 carerent

143 2217 356 2264 hominis
396 2218 672 2265 saevissimi
711 2218 1061 2267 dominatione.
1122 2220 1267 2266 navis
1305 2233 1428 2278 quae
1457 2220 1589 2277 forte
1618 2220 1832 2283 paratae

144 2292 425 2350 corripiunt,
466 2291 558 2339 hoc
598 2295 672 2340 est
710 2307 891 2356 magna
931 2293 1278 2354 properatione
1316 2293 1370 2339 in
1402 2308 1555 2338 unum
1588 2291 1832 2354 colligunt

143 2365 285 2412 navis
325 2380 451 2426 quae
490 2366 617 2413 forte
656 2367 708 2412 in
747 2367 998 2428 praesenti
1035 2367 1234 2414 fuerant
1278 2367 1506 2428 paratae:
1560 2380 1659 2412 non
1698 2365 1829 2413 enim

142 2439 258 2486 talis
298 2438 566 2499 quaerebat
603 2439 868 2488 necessitas
908 2455 1036 2502 quae
1076 2439 1412 2488 desiderarent
1456 2438 1697 2486 fabricam
1744 2441 1832 2486 aut
1854 2454 1898 2488 30

142 2512 421 2574 indigerent
460 2512 710 2574 aliquibus
750 2514 1084 2575 armamentis,
1116 2514 1200 2562 sed
1240 2529 1366 2576 quae
1406 2514 1569 2562 essent
1605 2514 1826 2574 paratae.

144 2587 187 2633 si
232 2587 362 2633 enim
407 2585 658 2634 videretur
704 2587 894 2649 aliquid
939 2589 1114 2636 novari
1158 2589 1213 2635 in
1258 2587 1473 2650 navigiis
1522 2588 1611 2634 aut
1656 2585 1828 2634 eadem

142 2659 394 2707 nonnullis
449 2660 654 2720 instrui,
709 2660 920 2708 dabatur
973 2664 1150 2723 aperta
1203 2662 1440 2723 suspicio,
1495 2660 1628 2722 quod
1681 2659 1828 2723 fugae

1920 2718 1960 2740 κέ

261 2790 287 2827 3
319 2786 513 2842 quod—
529 2790 557 2828 4
581 2786 689 2829 auri
720 2799 808 2829 om.
826 2786 897 2830 ed.
989 2791 1015 2829 5
1046 2787 1302 2832 subsidium
1324 2786 1410 2830 LR
1442 2786 1671 2830 auxilium
1695 2784 1766 2830 ed..

143 2849 170 2888 6
201 2845 408 2888 extranei
438 2845 509 2889 ed.
569 2846 574 2900 Ι
632 2844 832 2902 Sychaeo
862 2844 949 2888 LR
980 2845 1051 2890 ed.
1086 2846 1383 2905 qumalioni
1412 2845 1592 2902 Hoppe.
1727 2848 1754 2888 8
1787 2848 1841 2888 et·

142 2905 253 2947 ante
282 2904 494 2961 fuyiendi
521 2902 738 2959 intel-pol.
765 2904 837 2947 ed.
983 2909 1036 2948 11
1068 2910 1308 2962 coeperunt
1338 2904 1424 2948 LR
1448 2908 1665 2960 poterant
1692 2903 1766 2948 ed.

142 2966 197 3005 27
230 2962 584 3007 dominationem
614 2961 711 3005 LR.
1535 3003 1539 3006 .
