2014 3226
204 199 312 252 416
672 199 905 242 DONATI
936 198 1216 242 INTERPR.
1249 197 1428 243 VERG.

202 341 457 386 reservari.
521 340 722 386 hauriat
749 339 877 386 hunc
908 339 1058 385 ocutis
1088 341 1248 398 ‘ss'gynem
1287 339 1496 386 crudetis
1537 340 1596 386 ab
1638 339 1732 386 alto
1764 341 1898 387 Dar-
1985 361 1989 372 ·

203 415 387 460 danus:
443 427 573 474 pars,
612 413 791 472 inquit,
832 413 1040 459 ultionis
1081 415 1169 472 est,
1213 413 1255 460 si
1293 413 1525 460 recedens
1565 413 1721 460 hostis
1761 429 1897 462 meus

202 487 311 550 rogi
350 489 447 533 mei
486 487 711 533 flammas
754 487 977 547 aspiciat.
1057 490 1099 532 et
1135 490 1330 534 nostrae
1369 501 1529 534 secum
1568 488 1697 543 ferat
1734 489 1897 538 omina
1985 482 1991 541 ἒ

202 562 382 614 mortis,
423 561 514 607 hoc
555 562 629 607 est
667 559 893 607 tristibus
934 559 1180 607 ominibus
1221 561 1438 623 naviget.
1510 561 1714 616 dimmat,
1757 564 1897 620 atque
1987 564 1991 614 ἑ

201 635 340 682 illam
386 634 546 681 media
592 636 718 681 inter
764 635 886 681 talia
932 635 1063 692 ferro
1107 635 1389 693 conlapsam
1429 637 1672 694 aspiciunt
1709 637 1898 682 comites
1943 634 1992 684 5ἐ

114 713 198 751 665
218 723 466 766 ensemque
512 722 680 755 eruore
726 711 1030 767 spumantem
1077 722 1373 767 sparsasque
1417 723 1620 756 manus:
1672 724 1771 756 non
1810 709 1897 765 de·
1988 703 1989 708 ’

203 783 401 843 scripsit
447 784 599 828 ictum
652 796 748 842 quo
796 781 925 828 Dido
976 783 1203 829 confossa
1251 785 1346 841 est,
1395 782 1479 828 sed
1526 798 1652 844 quae
1699 782 1896 830 fecisset

202 856 576 914 demonstravit,
616 859 672 902 ut
713 855 993 903 ostenderet
1033 856 1340 902 celeritatem
1379 856 1523 916 facti,
1577 872 1693 903 nam
1731 857 1896 906 nullus

201 929 329 976 vidit
374 930 756 990 percutientem,
805 929 889 976 sed
936 929 1194 977 cadentem
1233 933 1284 977 et
1321 930 1507 977 ferrum
1554 945 1784 991 spumare
1823 930 1896 977 in-

203 1003 471 1050 undatione
520 1004 792 1066 sanguinis.
869 1006 1012 1051 tanta
1060 1006 1226 1051 autem
1266 1005 1342 1051 vis
1381 1003 1498 1064 fuit,
1546 1007 1603 1050 ut
1650 1004 1896 1052 exanimes
1922 1021 1993 1052 101

201 1093 376 1124 manus
416 1077 690 1125 defectione
731 1078 988 1125 celerrima
1029 1081 1394 1140 spargerentur.

312 1152 364 1198 It
408 1153 589 1199 clamor
636 1153 702 1199 ad
749 1152 850 1199 atta
905 1153 1056 1207 atria,
1110 1166 1392 1199 concussam
1446 1152 1706 1200 bacchatur
1758 1153 1898 1211 fama

192 1240 286 1284 per
338 1226 527 1280 urbem,
583 1226 807 1273 lamentis
857 1227 1127 1285 yemituque
1182 1229 1225 1274 et
1276 1228 1483 1286 femineo
1537 1226 1730 1273 ululatu
1779 1229 1897 1286 tecta

199 1301 436 1358 fremunt,
493 1302 690 1347 resonat
748 1302 941 1359 maqnis
992 1301 1316 1359 planyom‘bus
1378 1301 1561 1348 aether:
1630 1299 1895 1361 descriptio

202 1373 366 1420 acerbi
405 1375 454 1420 et
492 1374 740 1435 repentini
779 1374 965 1422 funeris
1006 1375 1226 1434 potentis
1265 1389 1528 1435 personae,
1569 1390 1693 1435 quae
1732 1375 1894 1435 primo
1919 1389 1960 1422 15
1990 1400 1992 1405 v

199 1449 332 1494 intra
371 1449 586 1509 parietes
620 1463 730 1494 cum
763 1447 1060 1495 clamoribus
1101 1448 1456 1512 plangebatur3
1498 1464 1554 1495 ex
1590 1449 1691 1496 illis
1725 1451 1894 1496 exorta

200 1521 335 1568 fama
381 1537 471 1583 per
516 1521 690 1568 urbem
739 1523 1046 1582 cucurrerat,
1100 1522 1322 1569 ululatus
1374 1522 1520 1570 simul
1577 1525 1626 1569 et
1679 1523 1892 1585 gemitus

198 1595 531 1656 lacrimaeque
570 1611 660 1657 per
698 1598 845 1656 tecta,
887 1595 1039 1644 donec
1077 1597 1188 1657 ipsa
1229 1596 1391 1643 sidera
1428 1597 1582 1644 variis
1622 1597 1894 1643 clamorum

200 1669 460 1733 generibus
507 1670 788 1717 ferirentur.
867 1670 1133 1717 ferirentur
1177 1671 1270 1718 hoc
1317 1670 1564 1734 significat
1616 1670 1747 1731 quod
1793 1670 1892 1718 alio

199 1743 308 1792 loco
355 1736 430 1808 (3,
464 1737 596 1810 423)
646 1746 725 1804 „et
765 1744 927 1791 sidera
966 1745 1195 1792 verberat
1233 1743 1412 1804 unda“,
1465 1744 1574 1791 vult
1614 1746 1744 1791 enim
1781 1747 1891 1791 tan·
1916 1760 1960 1792 2⁰

198 1819 306 1864 tum
345 1818 560 1866 valuisse
599 1817 714 1866 illas
753 1833 896 1866 voces
937 1819 1066 1866 sicut
1104 1818 1208 1865 illic
1246 1819 1426 1878 undas,
1473 1822 1529 1865 ut
1573 1819 1780 1866 ulterius
1819 1819 1891 1866 ire

198 1891 497 1953 potuissent,
550 1893 649 1939 nisi
703 1892 920 1940 siderum
967 1891 1186 1940 obiectus
1234 1892 1467 1940 obstaret.
1545 1895 1678 1940 terra
1725 1894 1892 1940 autem

201 1967 250 2012 et
289 1965 464 2013 civitas
505 1967 663 2013 omnis
702 1966 922 2028 planctu,
961 1966 1238 2014 ululatibus
1279 1968 1329 2013 et
1368 1968 1586 2013 omnium
1627 1966 1891 2030 gemitibus

199 2039 499 2101 personabat
553 2041 603 2087 et
657 2055 805 2088 sonus
861 2042 1019 2088 omnis
1074 2039 1395 2102 perveniebat
1441 2040 1505 2088 ad
1550 2041 1742 2087 caelum
1793 2053 1892 2087 non

113 2116 199 2156 670
217 2113 358 2160 aliter
397 2129 543 2173 quam
581 2115 625 2161 si
661 2115 878 2162 inmissis
914 2118 1033 2162 ruat
1067 2115 1282 2162 hostibus
1319 2116 1476 2162 omnis
1518 2113 1760 2174 Carthayo
1807 2117 1894 2162 aut
1916 2129 1958 2161 25

201 2189 406 2246 antiqua
447 2187 607 2247 Tyrus
646 2189 965 2247 flammaeque
1001 2189 1218 2247 furentes
1263 2187 1479 2236 culsmina
1515 2202 1701 2248 perque
1741 2189 1892 2236 homi-

199 2275 321 2308 num
359 2261 618 2309 volvantur
646 2277 832 2322 perque
869 2263 1093 2310 deorum:
1147 2263 1218 2310 sic
1257 2263 1415 2310 omnis
1456 2260 1704 2325 Carthago
1751 2262 1892 2310 luctu

199 2336 402 2397 reginae
450 2350 687 2383 concussa
733 2338 828 2396 est,
875 2339 932 2383 ut
972 2338 1058 2398 qui
1095 2338 1263 2384 tantos
1301 2336 1523 2383 ululatus
1565 2338 1615 2383 et
1653 2336 1890 2384 clamores
1980 2351 1989 2379 ι’

201 2408 419 2456 audisset
457 2412 657 2470 putaret
693 2409 850 2458 hostis
890 2425 1154 2472 occupasse
1196 2408 1547 2474 Carthaginem
1585 2412 1674 2457 aut
1703 2410 1892 2471 Tyrum

200 2482 414 2530 deletam
455 2485 544 2530 aut
582 2482 786 2530 deorum
833 2484 1050 2532 culmina
1096 2499 1200 2532 esse
1249 2484 1496 2532 subversa.
1574 2484 1756 2531 audiit:
1809 2483 1891 2532 hic
1914 2422 1990 2536 zoi

199 2555 602 2619 distinguendum
649 2559 744 2617 est,
791 2556 967 2606 dehinc
1014 2557 1294 2606 addendum
1341 2559 1579 2606 ewamimis
1617 2557 1892 2617 trepidoque
1978 2564 1989 2651 Ξ

319 2717 345 2755 3
378 2718 558 2757 nostras
589 2713 638 2756 L.
739 2716 767 2754 4
797 2713 1058 2758 hominibus
1088 2713 1174 2756 LR
1205 2727 1318 2756 corr.
1344 2727 1379 2756 r.
1485 2717 1508 2756 7
1542 2713 1748 2766 confessa
1779 2712 1828 2769 L.
1866 2763 1871 2767 .

202 2775 256 2814 12
289 2777 330 2815 et
367 2785 452 2828 pro
489 2772 529 2816 it
566 2771 663 2815 LR.
820 2776 873 2814 16
909 2772 1252 2830 planyebantwr
1281 2771 1368 2814 LR
1399 2771 1480 2816 edI
1517 2784 1632 2815 corr.
1665 2787 1688 2814 r
1718 2771 1828 2814 edF.

201 2835 256 2873 19
285 2831 536 2884 ferirentur
565 2830 640 2875 bis
665 2830 750 2874 LR
782 2829 982 2874 alterum
1012 2845 1102 2876 om.
1121 2831 1209 2885 ed.,
1234 2833 1440 2875 ceterum
1462 2829 1579 2874 Don.
1605 2829 1726 2874 falso
1758 2843 1891 2874 suam

198 2887 635 2946 interpretationem
666 2903 750 2946 pro
782 2889 1002 2933 lemmate
1032 2890 1207 2946 repetit
1237 2892 1291 2933 ut
1323 2895 1364 2945 5,
1391 2893 1458 2934 78.
1590 2893 1765 2933 19-20
1796 2890 1889 2934 alio

199 2947 293 2992 loco
326 2948 410 2992 LR
441 2949 564 2993 dixit
594 2949 701 2992 add.
727 2947 799 2993 ed.
939 2954 995 2992 24
1023 2948 1300 3004 personabat
1330 2949 1418 2992 LR
1448 2948 1518 2992 ed.
1548 2949 1888 3004 personabant?
1948 2992 1950 2995 ,

289 3011 346 3051 30
376 3009 590 3052 delectam
620 3007 707 3052 LR
737 3008 928 3053 deletam
958 3022 980 3050 r
1012 3007 1083 3051 ed.
1119 3007 1126 3067 Ι
1168 3021 1259 3061 esse
1288 3021 1376 3052 om.
1404 3007 1474 3051 ed.
