2014 3226
188 165 295 216 252
655 164 886 207 DONATI
916 163 1196 206 INTERPR.
1230 163 1406 208 VERG.

186 307 493 364 iuycminans
531 306 798 363 iterumque
835 305 1102 362 iterumque
1139 306 1320 351 vocavi.
1397 320 1458 351 110
1497 305 1660 364 illam,
1698 305 1876 366 inquit,
1962 328 1968 332 ·

186 380 314 426 forte
354 379 404 424 in
445 378 727 441 longinquis
768 378 993 438 partibus
1031 378 1247 438 positam
1292 379 1536 441 generalis
1584 378 1875 427 exclamatio

187 453 356 499 mariti
395 452 590 498 falleret
630 454 679 498 et
719 451 782 497 ad
823 452 954 498 auris
988 451 1091 498 eius
1124 452 1350 513 quamvis
1384 453 1519 499 clara
1548 467 1644 499 vox
1675 453 1875 500 veniens
1949 467 1958 476 ·

186 528 446 588 putaretur
494 525 678 585 aliena,
725 526 922 572 nomine
971 540 1078 572 eam
1124 526 1326 586 proprio
1374 541 1473 573 non
1515 527 1663 572 timui
1701 541 1877 574 vocare

189 599 422 647 Creusam
469 600 777 659 frequentius
816 601 1065 660 repetens,
1115 599 1245 660 quod
1284 600 1447 660 ipsum
1487 615 1684 661 quoque
1722 600 1877 660 pluri-
1921 617 1944 651 5

186 675 279 720 mis
327 673 528 720 vocibus
578 675 627 720 et
673 673 820 720 claris
868 671 1133 720 admodum
1183 689 1239 720 ac
1286 674 1482 735 saepius
1530 675 1579 720 et
1617 674 1787 722 multis
1826 673 1878 720 in
1980 675 1982 680 ’

187 749 306 794 10015
355 748 580 807 repetitis
629 747 815 794 frustra
855 749 930 794 est
967 747 1178 807 factum3
1232 747 1358 793 nihil
1398 749 1528 794 enim
1567 748 1728 795 valuit
1766 763 1877 808 pro-

186 823 353 869 venire
394 820 525 881 quod
566 820 748 868 doloris
788 822 887 868 mei
925 820 1150 868 flammas
1192 822 1513 884 extingueret.

300 895 558 954 Quaerenti
598 898 641 942 et
678 897 807 942 tectis
844 895 982 942 urbis
1020 897 1125 942 siue
1163 896 1261 953 fine
1298 896 1482 954 furenti
1519 896 1692 955 infelix
1729 897 1878 943 simu·
1983 906 1986 949 ’ᾗ

187 969 375 1017 lacrum
415 973 555 1028 atque
594 970 751 1028 *ipsius
788 970 963 1016 umbra
1008 968 1219 1016 Creusae
1256 971 1366 1017 visa
1403 970 1523 1017 mihi
1564 973 1676 1017 ante
1721 970 1879 1017 oeulos
1903 987 1949 1020 ιο
1983 959 1987 968 ⁴

189 1047 230 1090 et
266 1046 381 1089 uota
419 1045 580 1090 maior
618 1045 803 1103 imayo:
858 1043 1118 1091 ordinatur
1157 1059 1325 1091 sensus
1366 1044 1458 1091 sic:
1512 1044 1687 1090 infelix
1731 1045 1879 1091 simu-

186 1118 374 1164 lacrum
416 1118 465 1164 et
502 1116 680 1163 umbra
713 1116 925 1165 Creusae
967 1119 1016 1164 et
1053 1120 1173 1165 nota
1211 1118 1371 1165 maior
1408 1117 1573 1180 imago
1613 1118 1722 1165 visa
1757 1117 1880 1165 mihi

187 1194 301 1239 ante
343 1191 526 1251 oculos,
565 1193 622 1238 ut
660 1191 768 1239 visa
806 1194 982 1238 neutro
1021 1191 1208 1252 plurali
1247 1191 1427 1239 dixerit
1474 1193 1523 1238 et
1568 1207 1666 1239 non
1713 1193 1879 1253 imago
1967 1230 1985 1255 ,¹

184 1267 383 1313 tantum
422 1265 488 1312 sit
526 1266 649 1326 visa,
690 1265 775 1313 sed
815 1266 995 1325 omnia,
1035 1265 1224 1313 scilicet
1264 1267 1382 1327 quia
1421 1266 1518 1312 fuit
1562 1266 1881 1313 simulacrum
1966 1243 1985 1314 3.

185 1340 379 1402 generis
411 1341 589 1386 neutri.
646 1342 695 1387 et
724 1339 960 1387 inferiore
992 1340 1045 1386 in
1077 1342 1219 1400 parte
1251 1339 1481 1387 similiter
1512 1341 1682 1400 posuit
1714 1285 1988 1421 dicens-1⁶}

187 1414 320 1474 „illic
359 1429 436 1461 res
476 1413 637 1461 laetae
676 1429 981 1477 regnumque
1022 1415 1072 1460 et
1109 1414 1249 1476 regia
1289 1414 1500 1461 coniunx
1541 1416 1689 1474 parta
1734 1412 1879 1460 tibi“:
1959 1410 1989 1474 ’1ζέ

187 1489 304 1548 quia
351 1487 578 1534 feminini
625 1489 818 1550 generis
867 1487 989 1534 duas
1039 1489 1225 1548 species
1273 1487 1398 1535 dixit
1446 1490 1494 1534 et
1544 1490 1775 1535 neutrum
1828 1488 1880 1534 in
1988 1543 1989 1557 ¹

185 1561 363 1621 medio,
394 1560 577 1608 idcirco
611 1562 838 1608 omnibus
871 1563 1047 1610 neutro
1079 1562 1265 1623 plurali
1295 1561 1565 1623 respondit.
1629 1563 1680 1609 et
1709 1562 1879 1609 multis
1946 1564 1990 1622 ,tf

187 1636 299 1683 aliis
345 1636 468 1682 locis
515 1636 610 1683 tali
654 1651 771 1684 usus
821 1637 896 1683 est
943 1638 1062 1683 arte.
1139 1636 1247 1696 ille,
1301 1635 1487 1697 inquit,
1543 1635 1640 1683 fuit
1687 1635 1751 1683 ad
1801 1651 1880 1682 ex·

183 1712 399 1757 tremum
421 1711 521 1756 mei
544 1710 729 1757 laboris
756 1710 972 1770 effectus,
995 1709 1170 1757 infelix
1203 1711 1261 1757 ut
1290 1725 1380 1772 pro
1411 1709 1652 1758 incolumi
1683 1725 1740 1757 ac
1763 1723 1880 1757 vera
1966 1735 1988 1762 ,-

185 1783 467 1831 miseranda
513 1783 701 1846 effigies
750 1785 854 1831 eius
902 1799 959 1832 ac
1006 1783 1240 1832 deformis
1280 1786 1569 1831 occurreret.
1647 1783 1880 1831 deformis

187 1857 358 1904 oblata
411 1860 486 1905 est
540 1859 695 1906 0011115
748 1858 893 1918 111015,
949 1861 1157 1906 auctura
1209 1859 1376 1920 potius
1433 1873 1586 1919 quam
1630 1859 1881 1905 remotura

185 1931 416 1979 lacrimas
462 1947 612 1979 meas.
690 1933 904 1980 occurrit
943 1931 1199 1993 deformis,
1247 1931 1463 1980 occurrit
1500 1947 1651 1994 quam
1687 1947 1881 1978 mecum

185 2021 415 2053 revocare
462 2021 563 2053 non
606 2021 823 2068 possem,
869 2005 962 2054 hoc
1009 2006 1170 2054 solum
1214 2008 1383 2053 tamen
1428 2006 1703 2067 inquirenti
1739 2020 1879 2066 prae-
1972 2051 1998 2074 ,Η

187 2079 321 2126 stitit
358 2079 449 2126 illa
487 2079 744 2141 veniendo,
782 2083 840 2127 ut
879 2080 1056 2127 saltem
1095 2095 1268 2127 causas
1307 2079 1532 2141 perditae
1576 2079 1877 2138 didicissem3
1902 2097 1924 2129 8
1974 2081 1987 2139 ⁴,

188 2154 401 2201 occurrit
455 2155 586 2200 enim
640 2156 748 2215 pia,
803 2155 1018 2202 occurrit
1072 2153 1287 2216 amplior
1346 2154 1508 2201 forma
1565 2168 1716 2215 quam
1769 2168 1879 2200 cum
1968 2141 1989 2205 '³'

309 2313 332 2352 1
365 2309 615 2365 iterumque
646 2309 790 2353 semel
813 2309 900 2352 LR
922 2310 1087 2354 iterum
1117 2311 1367 2366 iterumque
1395 2308 1446 2353 r'.
1541 2313 1567 2352 5
1597 2309 1883 2365 frequentius

187 2367 275 2410 LR
304 2368 488 2424 saepius
520 2367 591 2411 ed.
685 2372 711 2411 8
743 2369 940 2424 flammis
966 2368 1054 2412 LR
1085 2383 1198 2412 corr.
1223 2383 1247 2411 r
1271 2368 1342 2412 ed.
1438 2373 1492 2412 13
1525 2373 1567 2412 et
1595 2381 1690 2412 nou
1714 2367 1800 2411 LR
1829 2372 1883 2412 ut

186 2440 282 2470 ‘nou
311 2441 348 2470 r.
474 2431 530 2471 14
560 2432 741 2471 tautum
773 2427 906 2472 deest
935 2427 986 2471 in
1016 2427 1103 2471 LR
1136 2427 1242 2472 add.
1269 2427 1340 2472 ed..
1370 2429 1376 2482 Ι
1411 2427 1497 2472 tibi
1525 2441 1640 2484 quae
1669 2427 1765 2482 fuit
1793 2426 1880 2470 LR.

186 2487 276 2530 sibi
308 2499 422 2529 corr.
456 2500 529 2542 qu.
554 2487 589 2539 f.
617 2499 719 2542 exp.
743 2501 768 2530 r
799 2501 914 2543 quae
943 2487 1012 2532 ibi
1041 2491 1175 2532 erant
1205 2486 1274 2531 ed.
1307 2487 1477 2531 scilicet
1507 2488 1619 2542 quia
1648 2487 1744 2541 fuit
1771 2499 1877 2530 nos:

186 2560 345 2615 potest
373 2559 422 2602 in
452 2559 578 2604 arch.
601 2561 665 2604 ecl
694 2559 853 2616 fuisse,
887 2560 1014 2616 quod
1039 2565 1079 2616 1,
1098 2564 1183 2604 679
1216 2560 1418 2605 occurrit
1447 2560 1498 2604 in
1521 2559 1570 2603 L.
1673 2564 1727 2603 16
1760 2560 1880 2604 laeta

188 2618 274 2661 LR
307 2631 420 2662 corr.
446 2633 481 2662 r.
522 2619 529 2675 Ι
579 2619 664 2663 tibi
693 2619 742 2662 in
773 2620 840 2663 ibi
870 2620 1020 2664 abrae.
1045 2619 1099 2664 R.
1225 2624 1278 2663 17
1312 2633 1427 2676 quae
1457 2619 1494 2663 L
1525 2633 1571 2675 q,·
1594 2640 1651 2655 =
1675 2628 1768 2675 que
1796 2631 1880 2675 per

185 2691 275 2722 ras,
293 2677 336 2720 R
359 2678 471 2734 quia
493 2691 591 2722 nos.
685 2681 742 2721 20
766 2692 821 2722 ac
842 2692 951 2723 vera
974 2692 1062 2722 om.
1081 2679 1152 2723 ed.
1246 2683 1300 2723 21
1334 2683 1535 2724 oceumet
1556 2677 1610 2722 R.
1703 2681 1878 2722 21—22

187 2736 404 2791 deformis
433 2737 561 2781 oblae
590 2736 642 2791 L,
682 2737 765 2781 sed
795 2738 1012 2792 deformis
1043 2751 1144 2795 exp.
1178 2737 1282 2794 ipse
1311 2738 1402 2794 def.
1433 2738 1587 2782 oblata
1617 2741 1683 2781 est
1710 2736 1750 2779 R
1787 2735 1878 2792 def.

187 2795 278 2840 del.
303 2810 326 2838 r
357 2809 446 2840 om.
472 2795 543 2840 ed.
575 2796 735 2841 nescio
767 2808 829 2840 an
859 2798 999 2840 recte.
1122 2801 1178 2841 26
1210 2798 1409 2842 occurrit
1438 2797 1645 2852 ‹mimpia
1675 2795 1761 2839 LR
1791 2808 1877 2840 occ.

187 2856 308 2899 enim
331 2856 382 2900 ia
403 2870 427 2898 r
451 2868 538 2899 om.
557 2854 602 2898 Η
627 2854 698 2898 011.
724 2856 844 2899 enim
868 2856 957 2912 pia
982 2855 1034 2910 Ο,
1059 2869 1197 2912 quam
1225 2855 1603 2901 emendationem
1634 2854 1879 2899 deficiente
1940 2911 1942 2913 Ι

186 2913 378 2957 meliore
409 2913 568 2971 recepi
596 2914 833 2968 dubitans,
858 2914 1080 2970 quoniam
1105 2916 1204 2971 pia,
1230 2914 1319 2959 etsi
1339 2914 1488 2959 latine
1513 2913 1608 2958 dici
1632 2914 1691 2959 de
1713 2912 1880 2957 umbra
1930 2931 1943 2966 '1

186 2974 358 3029 potest,
391 2973 454 3017 ad
484 2974 640 3018 cetera
670 2973 951 3030 quibuscum
985 2972 1064 3017 hic
1102 2973 1405 3032 coniungitur
1441 2986 1610 3031 pamm
1649 2971 1884 3018 convenit?
1939 2993 1943 2997 Δ
