2014 3226
781 180 1083 226 AENEmos
1117 183 1157 225 v
1714 191 1820 243 429

133 321 258 368 vitio
291 319 452 367 malae
486 319 823 381 navigationis
857 336 1058 381 errasse,
1090 325 1148 369 ut
1173 323 1382 371 Acesten
1417 326 1594 373 iterum
1629 329 1819 376 videam

132 396 183 441 et
212 395 396 441 terram
428 393 525 439 mei
557 394 715 454 patris
749 393 986 454 reliquias
1019 398 1366 445 continentem.
1418 400 1532 446 haec
1562 401 1646 448 ubi
1678 403 1819 451 dicta.

123 471 299 527 petunt
327 470 524 526 portus:
578 467 698 514 haec
738 466 931 514 Aeneas
972 468 1110 527 dixit,
1150 487 1247 516 non
1288 474 1452 519 tamen
1493 474 1665 535 Erycis
1707 477 1820 523 fecit

133 541 445 589 mentionem.
504 541 596 588 hoc
639 542 823 602 quippe
864 557 1041 589 nomen
1082 546 1263 603 omisit,
1298 548 1532 605 quoniam
1567 548 1696 608 quod
1731 549 1819 595 Pa-

87 630 107 662 5
132 615 325 662 linurus
367 613 492 661 dixit
524 614 764 675 replicare
796 631 896 662 non
929 615 1111 662 debuit.
1174 618 1367 665 addidit
1400 623 1563 667 tamen
1596 621 1819 670 Palinuri

131 688 277 736 dictis
318 690 638 752 augmentum
678 688 977 736 nominando
1011 690 1220 738 Acesten
1262 694 1310 738 et
1350 698 1607 753 paternam
1641 711 1818 743 memo-

130 762 272 810 riam.
336 765 378 810 01
414 763 522 809 vela
559 762 758 810 secundi
800 763 1051 810 intendunt
1088 766 1294 824 zephyri,
1327 770 1482 824 serim·
1513 771 1606 815 eila
1633 772 1820 830 yuryite.

131 836 323 884 classis:
378 837 572 884 mutato
619 837 958 899 navigationis
1007 851 1153 884 cursu
1192 855 1480 900 prosperum
1522 843 1706 889 factum
1748 849 1817 891 est

131 909 263 972 quod
309 911 362 957 in
410 910 509 957 alia
555 910 871 957 tendentibus
922 913 1223 958 contrarium
1280 914 1395 973 fuit3
1458 916 1642 976 quippe
1698 916 1819 964 fcre—

65 1001 107 1033 10
131 984 314 1032 bantur
359 999 510 1031 naves
558 983 780 1032 cursibus
827 983 1001 1044 plenis.
1081 988 1123 1031 ct
1161 986 1351 1033 tandem
1392 989 1501 1034 laeli
1547 993 1687 1035 noim
1735 992 1817 1036 ml-

132 1061 385 1106 vertuntur
430 1059 666 1106 harenae:
729 1057 956 1104 Troianis
1001 1058 1196 1106 laetitia
1244 1060 1361 1120 fuit,
1412 1062 1541 1122 quod
1592 1063 1654 1109 ad
1702 1065 1818 1111 litus

130 1131 442 1180 intendentes
483 1131 547 1180 ad
584 1132 694 1179 loca
732 1133 902 1179 tamen
939 1134 1060 1179 nota
1098 1135 1449 1194 pervenissent.

242 1204 312 1253 At
355 1206 532 1266 procul
586 1220 642 1254 eoe
695 1206 815 1254 celso
868 1207 1076 1253 miratus
1127 1209 1297 1255 vertice
1342 1211 1515 1256 montis
1562 1209 1818 1257 adventum

27 1312 43 1322 ›
129 1281 378 1339 sociasque
422 1283 551 1328 rates
597 1277 837 1340 [occurrit
872 1278 1122 1341 AcesteSJ:
1178 1280 1352 1329 civitas
1392 1283 1444 1328 in
1483 1298 1580 1343 qua
1618 1283 1819 1332 Acestes

65 1370 105 1402 15
131 1353 534 1402 commorabatur
588 1353 686 1400 fuit
740 1355 792 1400 in
848 1354 1060 1414 excelso,
1115 1371 1214 1416 qua
1268 1370 1416 1403 causa
1468 1356 1613 1418 longe
1661 1357 1818 1404 adhuc

130 1428 318 1490 positas
359 1428 500 1476 navis
541 1428 748 1490 agnovit
788 1442 890 1475 esse
924 1428 1163 1476 Troianas
1204 1431 1253 1476 et
1293 1443 1461 1476 earum
1502 1432 1575 1477 est
1614 1430 1817 1478 miratus

131 1502 412 1550 adventum.
488 1502 677 1566 legitur
723 1503 772 1549 et
819 1502 1054 1562 accurrit,
1109 1502 1239 1564 quod
1288 1505 1362 1550 est
1408 1504 1617 1564 amplius
1669 1519 1818 1565 quam

130 1576 358 1624 occurrit.
423 1577 658 1623 occurrit:
691 1590 920 1624 occursus
952 1577 1050 1624 iste
1081 1576 1431 1637 inpatientiam
1462 1577 1674 1625 hominis
1706 1593 1817 1625 vere

130 1649 434 1714 gratulantis
467 1650 707 1698 ostendit:
740 1666 839 1698 non
872 1651 1004 1697 enim
1034 1649 1162 1697 ferre
1185 1644 1357 1711 'potuit
1389 1650 1540 1698 donec
1571 1651 1632 1698 ad
1656 1653 1818 1712 ipsum

24 1714 29 1788 1
64 1739 107 1772 ao
129 1724 249 1772 litus
305 1724 606 1772 accederent.
682 1725 912 1771 horridus
963 1725 1018 1771 in
1069 1725 1244 1772 iaculis
1299 1727 1341 1772 et
1381 1725 1508 1784 pelle.
1553 1724 1817 1785 Libystidis

24 1790 28 1846 ἶ
129 1813 290 1854 ursae,
329 1799 476 1846 Troia
512 1797 707 1847 Criniso
745 1801 1019 1858 conceptum
1050 1799 1251 1856 flumine
1279 1800 1433 1846 mater
1463 1812 1600 1856 quem
1626 1800 1818 1859 qen-uit.-

23 1849 34 1928 t
128 1873 239 1934 ipso
287 1873 420 1920 enim
466 1873 603 1920 cultu
648 1873 727 1920 uti
773 1871 945 1920 debuit
991 1872 1077 1933 qui
1126 1874 1255 1920 esset
1303 1872 1398 1919 tali
1449 1874 1653 1933 parente
1707 1887 1816 1933 pro-

130 1947 348 2010 genitus3
409 1946 617 1994 flumina
664 1945 796 1993 enim
849 1946 953 1993 sine
999 1946 1152 1994 vestis
1208 1945 1476 1993 ambitione
1529 1945 1816 2008 pinguntur.

22 2023 31 2099 ἶ
132 2020 264 2082 quod
311 2022 384 2068 ait
423 2020 573 2069 Troia
618 2022 802 2080 mater,
849 2035 949 2067 non
985 2020 1204 2081 patriam
1243 2019 1390 2079 dixit,
1429 2018 1514 2067 sed
1553 2019 1816 2067 Troianam

22 2106 106 2158 με
129 2094 400 2143 mulierem.
476 2094 682 2157 proinde
738 2109 847 2142 cum
901 2093 995 2142 hoc
1048 2092 1283 2153 dicimus,
1343 2094 1396 2140 in
1449 2092 1539 2140 tris
1600 2093 1817 2154 syllabas

131 2168 442 2216 ecferendum
489 2171 586 2231 est,
631 2170 692 2216 ut
738 2169 805 2216 sit
850 2169 929 2216 tro
976 2167 1099 2214 item
1136 2168 1156 2214 i
1192 2166 1313 2214 item
1353 2182 1397 2215 a.
1472 2170 1684 2214 veterwm
1720 2181 1814 2213 non

129 2243 364 2291 immemor
399 2242 482 2291 me
511 2245 778 2303 parentum
804 2243 1033 2302 yratatur
1063 2241 1284 2288 reduces:
1323 2240 1636 2288 considerans
1666 2255 1816 2288 unam

34 2349 38 2355 -
66 2328 70 2331 ·
131 2316 228 2364 sibi
267 2319 316 2365 et
353 2317 456 2364 illis
495 2332 600 2365 esse
639 2316 883 2379 originem
921 2316 1143 2363 veterum
1182 2313 1463 2378 gratulatus
1501 2316 1575 2362 est
1614 2328 1694 2362 eos
1726 2314 1816 2360 ite-

130 2406 240 2438 rum
287 2392 493 2439 venisse.
570 2391 718 2439 huius
765 2388 989 2438 laetitiae
1041 2387 1173 2450 quod
1225 2387 1322 2436 fuit
1374 2385 1604 2451 signum?
1675 2400 1814 2447 (γαῖα,

251 2580 274 2619 7
307 2578 455 2632 fertwr
486 2589 575 2620 om.
593 2575 694 2619 LR.
801 2579 854 2618 12
885 2578 995 2618 swnt
1024 2573 1252 2618 tendentes
1283 2572 1318 2615 L
1348 2585 1438 2615 ras.
1462 2570 1599 2615 unius
1628 2569 1815 2614 litterae

131 2636 243 2685 ante
273 2636 500 2680 tendentes
530 2634 572 2678 R
602 2634 884 2679 intendentes
913 2646 1011 2676 noe.
1164 2636 1220 2675 14
1253 2631 1449 2676 ocem-rit
1477 2631 1655 2675 Acestes
1684 2627 1815 2672 deest

131 2693 182 2738 in
213 2693 320 2749 LR,
360 2694 443 2738 sed
480 2693 755 2751 explicatur.
938 2694 993 2735 18
1026 2691 1222 2736 occurrit
1252 2689 1339 2734 LR
1376 2702 1415 2734 ο.
1447 2690 1624 2734 Acestes
1653 2686 1724 2731 ed.

122 2757 187 2798 ,21
228 2758 271 2798 et
313 2754 435 2798 troia
471 2752 571 2797 LR.
623 2753 630 2811 Ι
687 2754 923 2807 ancepv‘mm
971 2765 1001 2794 a
1039 2750 1274 2807 expuncta
1318 2750 1367 2792 et
1410 2761 1460 2793 co
1501 2744 1813 2804 superscripto

131 2811 168 2855 L
206 2811 225 2856 1
257 2825 378 2856 man.
426 2815 748 2868 aeoameptum
794 2809 848 2853 R.
1029 2813 1087 2852 26
1132 2806 1477 2863 haec-ferendum
1522 2805 1557 2849 L
1609 2803 1726 2859 hecf-
1772 2802 1813 2847 R.

41 2886 44 2891 ·
131 2871 163 2915 h
192 2870 283 2916 del.
314 2885 350 2915 r.
400 2873 407 2927 Ι
463 2876 534 2916 tro
564 2872 670 2916 item
699 2870 720 2913 i
749 2869 854 2913 item
885 2867 972 2911 LR
1001 2882 1032 2912 α
1063 2866 1172 2911 add.
1196 2882 1220 2911 r
1249 2866 1459 2924 dactylus
1491 2864 1631 2931 Trai-a
1660 2867 1702 2907 et
1731 2862 1813 2906 ad-

133 2930 363 2975 iectivum.
382 2931 558 2974 temere
596 2928 844 2973 substituit
882 2926 954 2971 ed.
986 2925 1042 2984 (O
1068 2947 1125 2964 ==
1148 2925 1235 2970 LR
1271 2923 1486 2970 lacunam
1526 2921 1814 2978 reliquerunt

131 2987 259 3046 Hm.
381 2993 436 3033 29
467 3001 611 3048 yazza
641 2987 741 3031 LR.

1850 1216 1905 1255 35

1848 2244 1904 2284 40
