2014 3226
172 156 242 207 46
635 152 866 196 DONATI
898 151 962 193 IN
967 150 1189 210 'PERPQ
1213 149 1400 199 VERG.

174 312 302 354 cam,
359 296 475 355 quia
534 294 786 340 vobiscum
842 292 963 339 haec
1016 292 1214 352 pertuli.
1305 290 1516 337 diximus
1571 306 1687 353 ergo
1745 289 1863 350 quid

174 368 415 430 significet
471 369 612 425 socii,
678 366 894 412 dicemus
953 365 1295 412 admirandam
1351 363 1639 412 consolandi
1693 364 1864 411 inven-

173 446 371 490 tionem.
448 458 564 488 nam
610 456 720 486 cum
768 441 834 486 sit
871 440 1259 486 infortuniorum
1299 438 1423 485 dura
1463 439 1863 485 commemoratio

174 527 221 563 et
277 517 613 563 discriminum
668 513 900 575 repetitio
956 513 1271 560 vehementer
1330 512 1522 572 odiosa,
1577 512 1863 559 exulcerans

173 589 329 652 magis
378 605 546 636 eorum
595 587 743 634 corda
792 587 877 647 qui
915 588 1051 648 passi
1091 589 1227 645 sunt,
1268 586 1728 633 commemorationi
1765 584 1863 646 ipsi
1910 602 1930 634 5
1975 624 1978 627 Δ

173 665 335 725 iungit
382 665 529 723 poeta
577 662 1002 722 conparationem,
1050 663 1106 709 ut
1146 660 1279 706 dicta
1318 660 1427 720 ipsa
1465 658 1737 706 medicinae
1777 674 1863 720 po-

173 739 271 784 tius
314 738 588 783 animorum
623 751 771 795 quam
805 734 1158 782 exulcerationi
1189 733 1496 795 proficerent.
1555 733 1701 780 aliter
1733 734 1864 780 enim

175 811 355 858 doloris
394 809 668 870 praesentis
710 809 952 869 asperitas
993 809 1139 855 leniri
1178 824 1276 854 non
1315 809 1498 868 posset,
1530 808 1628 854 nisi
1668 807 1863 869 gravio-

173 901 280 930 rum
320 883 564 930 malorum
602 882 807 929 inducta
847 883 1152 929 enumeratio
1193 880 1476 929 ostenderet
1515 880 1717 928 ferenda
1760 895 1863 928 esse

172 958 223 1004 in
270 958 519 1018 praesenti
567 973 692 1017 quae
739 956 895 1003 levius
937 956 1240 1003 accidissent.
1321 953 1461 1002 addit
1501 957 1549 1002 et
1588 954 1865 1002 sustinendi
1889 972 1932 1004 10

174 1031 576 1078 consuetudinem
606 1030 818 1077 nutrisse
852 1031 956 1077 sine
988 1029 1138 1076 dubio
1171 1029 1481 1090 patientiam,
1508 1028 1623 1075 dum
1658 1028 1864 1076 adsidua

173 1106 305 1152 mala
358 1104 558 1152 ferendo
610 1105 900 1151 transmissa
948 1106 1075 1152 sunt.
1153 1119 1251 1150 non
1300 1119 1415 1165 ergo
1465 1100 1731 1164 superflue,
1779 1103 1863 1150 sed

174 1179 443 1226 necessarie
482 1179 652 1239 posuit
691 1177 810 1225 duo:
850 1194 1007 1238 neque
1050 1178 1180 1224 enim
1211 1178 1378 1240 ignari
1410 1192 1578 1225 sumus
1613 1179 1730 1224 ante
1760 1192 1862 1223 ma-

175 1255 333 1300 lorum
379 1255 582 1313 propter
633 1251 821 1299 ferendi
876 1252 1304 1309 consuetudinem,
1359 1266 1387 1299 o
1441 1251 1576 1312 passi
1631 1251 1864 1313 graviora

174 1329 375 1387 propter
421 1327 665 1373 malorum
713 1327 1129 1387 conparationem.
1209 1326 1367 1372 omnis
1414 1326 1545 1372 enim
1596 1324 1862 1372 incommo-
1889 1341 1930 1376 15

175 1401 348 1447 dorum
387 1402 582 1447 novitas
624 1401 824 1463 gravius
866 1401 1056 1447 animos
1096 1400 1327 1460 percutit,
1367 1398 1557 1446 ferendi
1594 1414 1712 1446 vero
1751 1413 1864 1446 con—

176 1473 380 1522 suetudo
422 1474 660 1534 quicquid
701 1473 935 1521 acciderit
975 1474 1172 1521 facilius
1204 1473 1399 1520 tolerat.
1465 1472 1606 1520 dabit
1637 1472 1755 1520 deus
1787 1472 1864 1521 his

177 1564 370 1609 quoque
424 1547 592 1595 finem:
655 1548 787 1596 ultro
843 1547 947 1608 ipse
1001 1547 1332 1609 respondendi
1385 1548 1580 1594 ratione
1628 1547 1863 1608 occurrit,

174 1623 339 1682 potuit
393 1623 523 1668 enim
577 1621 675 1669 dici
731 1621 967 1682 quamdiu
1013 1622 1135 1669 haec
1180 1619 1463 1683 patiemur?
1539 1621 1619 1668 vel
1666 1620 1863 1683 quando

175 1696 308 1742 mala
352 1695 462 1756 ipsa
506 1695 760 1743 invenient
804 1694 985 1743 finem?
1060 1695 1239 1757 incipit
1283 1696 1386 1742 iam
1431 1694 1568 1742 facta
1618 1695 1864 1743 malorum
1888 1711 1932 1743 20

175 1771 397 1830 ipsorum
439 1770 791 1830 conparatione
832 1785 1039 1833 gravare
1078 1771 1352 1831 praeterita
1391 1771 1440 1817 et
1478 1769 1762 1831 praesentia
1791 1770 1862 1816 te-

176 1859 341 1902 nuare,
380 1845 438 1889 ut
474 1843 566 1890 hoc
607 1859 782 1906 genere
821 1843 1143 1905 persuaderet
1180 1842 1514 1891 maerentibus
1555 1842 1689 1904 quod
1730 1843 1862 1891 vole-

176 1916 276 1977 bat,
303 1919 352 1964 et
384 1932 413 1964 a
445 1917 665 1978 generali
694 1918 1034 1979 propositione
1067 1917 1130 1965 ad
1155 1917 1575 1965 enumerationem
1598 1917 1863 1978 specialem

87 1996 173 2035 200
191 1991 457 2037 transitum
488 1990 623 2038 facit.
690 2005 782 2046 c,os
822 1992 1002 2052 inquit,
1043 1994 1086 2040 et
1122 1991 1392 2053 Scyllaeam
1429 1991 1615 2039 rabiem
1643 1992 1863 2051 penitus-

177 2079 266 2123 que
318 2066 535 2111 sonantis
589 2067 783 2113 accestis
829 2066 1062 2125 scopulos,
1153 2065 1372 2127 Scyllam
1419 2080 1521 2113 esse
1569 2066 1764 2113 constat
1807 2066 1862 2112 in
1885 2079 1964 2114 2⁶

177 2138 367 2200 pelago,
408 2137 491 2184 sed
529 2153 627 2184 non
667 2139 742 2186 uti
781 2142 957 2200 poetae
997 2139 1282 2187 describunt
1318 2155 1476 2200 neque
1516 2141 1573 2186 ut
1610 2140 1717 2201 ipse
1741 2138 1863 2186 Ver-

177 2211 325 2273 gilius
357 2212 539 2272 posuit,
570 2227 723 2273 usque
764 2212 827 2260 ad
864 2213 1045 2274 pubem
1085 2213 1174 2261 sub
1213 2214 1419 2261 humani
1451 2214 1671 2275 corporis
1703 2213 1863 2260 forma

178 2287 228 2332 et
274 2284 334 2332 ab
380 2284 666 2348 inguinibus
712 2302 866 2348 usque
915 2287 978 2334 ad
1019 2287 1168 2335 finem
1214 2286 1416 2335 canibus
1465 2288 1731 2347 armatam,
1777 2286 1862 2335 sed
1961 2267 1970 2312 ³

176 2358 340 2406 locum
386 2359 544 2406 saevis
588 2359 941 2422 horrendisque
988 2362 1118 2409 saxis
1165 2361 1437 2421 obsessum,
1484 2377 1631 2422 quem
1669 2361 1780 2422 quis
1819 2361 1863 2408 si
1949 2350 1971 2402 'ia

177 2431 454 2492 incurrerit,
491 2432 634 2493 perit
697 2433 924 2482 Troianis
963 2434 1228 2498 contigisse
1252 2434 1504 2498 Vergilius
1542 2435 1711 2497 posuit
1748 2449 1859 2482 eva·
1884 2432 1971 2508 ³⁰1⁴}

178 2507 295 2554 sisse
342 2505 439 2553 loci
483 2505 619 2554 illius
665 2508 1034 2570 inmanitatem,
1082 2525 1234 2570 quam
1279 2524 1379 2557 non
1426 2508 1719 2568 evasissent,
1764 2507 1861 2556 nisi
1948 2543 1968 2574 .;.

179 2580 296 2640 quia
327 2579 626 2627 successibus
657 2583 904 2642 prosperis
938 2582 1274 2631 servabantur
1337 2582 1531 2630 addidit
1560 2581 1862 2644 penitusque
1941 2572 1969 2646 ἶ]

180 2653 399 2700 sonantis
447 2654 651 2702 accestis
698 2655 946 2716 scopulos,
991 2658 1048 2703 ut
1095 2656 1436 2704 ostenderetur
1477 2657 1716 2704 existente
1762 2655 1861 2703 for·
1929 2589 1970 2795 ἐ

297 2783 322 2820 5
355 2780 447 2834 ipsi
476 2792 564 2823 om.
598 2779 670 2823 ed
793 2784 818 2822 6
851 2781 1078 2825 medicina
1108 2781 1195 2825 LR
1226 2795 1339 2826 corr.
1373 2781 1443 2826 ed.
1569 2785 1624 2824 10
1655 2781 1790 2826 addit
1818 2786 1861 2826 et

178 2835 264 2879 LR
294 2837 477 2882 addidit
507 2838 578 2882 ed.
703 2843 755 2882 11
790 2840 972 2883 assidue
1003 2840 1072 2883 ed.
1192 2845 1245 2884 13
1277 2842 1526 2886 necessario
1558 2840 1629 2883 ed.
1747 2843 1803 2883 14
1832 2845 1861 2884 ὸ
1927 2889 1944 2895 ,γ

172 2908 303 2997 ²253&
332 2909 626 3000 tetta?
629 2898 736 3000 {13oe
768 2899 1102 3022 “531322330333
1116 2904 1277 3002 mm
1303 2898 1619 3014 {5333}th
1639 2899 1862 3001 &aaa
1935 2965 1938 2966 f
