2014 3226
797 160 1100 205 AENEmos
1134 162 1174 204 v
1729 163 1835 214 509

142 305 347 352 vitiosos
388 305 438 350 et
476 301 677 350 timidos
717 301 810 348 hoc
857 302 1033 361 sensit,
1084 303 1140 348 ut
1187 302 1338 349 fortes
1386 302 1480 349 soli
1527 300 1837 358 ducerentur,

142 393 336 425 rursum
385 378 471 438 qui
518 375 646 423 dixit
691 374 844 422 lectos
892 375 1091 423 iuvenes
1139 383 1243 423 esse
1291 375 1577 439 deligendos
1617 378 1667 423 et
1706 376 1835 424 solos

142 451 204 499 ad
240 450 441 498 Italiam
480 449 726 497 ducendos
767 449 940 510 procul
981 449 1132 496 dubio
1171 449 1292 511 quid
1331 449 1389 496 de
1429 449 1691 497 inutilibus
1730 466 1837 497 sen-

141 527 285 573 sisset
339 524 569 572 ostendit.
658 538 775 586 ergo
831 523 1036 584 pulchra
1091 523 1402 584 loquentium
1457 524 1695 583 varietas,
1751 524 1835 572 sed

96 615 116 646 5
141 600 308 646 tamen
347 615 450 646 una
496 598 759 645 sententia.
836 596 1012 658 incipit
1058 599 1301 644 rationem
1348 600 1601 658 praestare
1641 597 1837 646 consilii

143 674 234 732 sui,
273 672 406 734 quod
446 674 521 720 est
558 672 611 718 in
651 670 1053 732 persuasionibus
1087 686 1355 731 summum3
1395 672 1465 719 sic
1497 671 1628 719 enim
1660 672 1837 719 melior

142 747 342 794 effectus
382 746 629 808 provenit,
668 746 712 792 si
752 744 951 792 auditor
990 745 1300 793 commodum
1340 746 1596 807 proprium
1635 747 1687 792 in
1726 746 1836 808 ipsa

142 820 481 882 disputatione
522 819 827 882 persuasoris
861 819 1103 867 advertat.
1168 834 1301 880 qens,
1341 820 1520 881 inquit,
1560 820 1703 874 dura,
1744 820 1837 868 hoc

142 897 352 942 naturae
385 897 473 954 est,
506 897 647 954 atquc
679 908 857 952 aspera
888 894 1034 953 cultu,
1066 894 1158 940 hoc
1190 909 1398 953 morum,
1431 894 1718 942 debellanda
1750 894 1837 941 tibi

76 985 118 1017 10
144 969 292 1017 Latio
333 973 423 1016 est:
460 970 513 1015 in
554 968 864 1030 expressione
905 969 1115 1014 naturae
1154 966 1312 1015 Italae
1353 969 1514 1030 gentis
1555 970 1605 1015 et
1644 984 1838 1016 morum

142 1043 370 1090 nonnihil
409 1043 576 1104 potuit
615 1057 719 1090 esse
751 1043 971 1100 terroris,
1002 1041 1087 1088 sed
1126 1041 1286 1090 reficit
1318 1042 1599 1089 audientem
1631 1041 1837 1090 dicendo

145 1116 439 1164 debellanda
462 1117 557 1164 tibi
582 1117 677 1175 est3
718 1115 936 1163 ostendit
968 1115 1151 1177 quippe
1176 1115 1398 1163 futuram
1430 1131 1535 1163 esse
1560 1117 1836 1164 victoriam.

143 1191 309 1251 Italia,
339 1190 519 1252 inquit,
553 1189 738 1238 feroces
770 1190 982 1252 populos
1014 1188 1179 1250 habet,
1212 1189 1459 1238 domanda
1490 1189 1585 1237 tibi
1617 1193 1692 1237 est
1715 1189 1837 1237 duro

144 1265 376 1313 conflictu
414 1264 674 1324 bellorum,
714 1264 858 1312 fortis
900 1279 956 1311 eo
997 1263 1221 1312 ducenda
1261 1266 1335 1311 est
1372 1265 1609 1311 iuvenum
1646 1279 1839 1324 manus,

76 1354 117 1387 15
143 1338 403 1401 superfluis
444 1339 564 1401 quid
605 1353 728 1400 opus
768 1340 844 1386 est
880 1340 1180 1402 pugnaturo,
1220 1339 1308 1400 qui
1346 1353 1435 1386 nee
1475 1337 1570 1386 sibi
1606 1338 1838 1400 prodesse

144 1428 232 1461 nec
277 1414 378 1461 tuis
426 1412 696 1461 commodis
751 1410 977 1474 possint?
1033 1411 1325 1459 confirmata
1376 1411 1450 1459 fili
1496 1413 1743 1460 sententia
1790 1415 1840 1459 et

142 1488 345 1536 remotis
379 1486 606 1535 omnibus
640 1502 766 1548 quae
800 1487 1068 1550 cogitantis
1108 1487 1330 1534 animum
1370 1486 1714 1534 distrahebant
1752 1485 1839 1533 dat

142 1561 245 1610 filio
285 1561 539 1622 mandata,
578 1562 634 1607 ut
674 1562 822 1609 sciret
861 1576 987 1622 quae
1027 1562 1190 1608 essent
1227 1559 1450 1608 curanda
1488 1562 1538 1608 et
1570 1562 1839 1622 antequam

144 1635 336 1683 videret
374 1635 602 1683 Italiam:
652 1635 786 1682 Ditis
824 1637 985 1683 tamen
1025 1638 1134 1682 ante
1173 1636 1397 1695 infernas
1444 1634 1611 1683 accede
1649 1634 1840 1682 domos:

77 1724 122 1756 so
146 1725 255 1757 ecce
302 1726 458 1756 unum
503 1708 816 1771 inpossibile,
871 1708 1066 1756 addidit
1115 1712 1158 1756 et
1202 1706 1406 1756 Averna
1442 1723 1537 1768 per
1583 1709 1686 1756 alta
1731 1723 1840 1757 con-

139 1798 336 1844 yressus
381 1787 513 1843 pete,
566 1787 700 1838 nate,
754 1797 904 1838 meae,
962 1783 1150 1831 seilicet
1205 1782 1335 1844 quod
1393 1782 1647 1830 evidenter
1695 1783 1839 1830 vivus

143 1858 333 1919 inplere
379 1874 480 1906 non
526 1859 708 1919 posset.
785 1857 877 1904 hoc
923 1857 1031 1905 loco
1083 1859 1231 1919 poeta
1277 1858 1530 1904 mortuum
1577 1856 1699 1904 dicit
1736 1856 1840 1903 An-

145 1931 311 1981 chisen
350 1934 401 1979 et
441 1930 575 1993 apud
621 1930 805 1979 inferos
853 1930 1052 1995 degere,
1098 1946 1246 1992 quem
1292 1946 1443 1992 supra
1481 1947 1507 1977 e
1546 1930 1671 1979 caeli
1710 1932 1839 1994 regi-

145 2005 321 2054 onibus
361 2006 584 2054 adseruit
621 2005 830 2067 lapsum.
908 2005 994 2054 sed
1030 2004 1157 2052 illud
1187 2020 1276 2066 pro
1308 2020 1519 2067 persona
1550 2004 1840 2053 dormientis

79 2094 121 2127 25
145 2079 343 2128 Aeneae
380 2080 503 2127 bene
543 2079 734 2128 dictum
773 2081 862 2139 est,
901 2079 1033 2141 quod
1065 2079 1124 2127 de
1161 2078 1297 2127 caelo
1329 2078 1547 2127 venisset
1576 2078 1838 2139 Anchises;

144 2154 238 2202 hoc
284 2155 415 2202 enim
454 2155 616 2202 visum
668 2156 742 2202 est
792 2155 1024 2215 soporato
1077 2156 1127 2200 et
1175 2155 1251 2200 est
1298 2152 1474 2201 duetus
1526 2168 1690 2200 errore
1729 2153 1839 2201 dor-

146 2229 367 2276 mientis:
408 2229 514 2290 ipse
541 2230 705 2276 tamen
741 2229 992 2276 mortuum
1016 2243 1067 2275 se
1093 2227 1327 2288 adseruit,
1359 2243 1420 2275 ne
1444 2226 1642 2274 falleret
1664 2227 1847 2287 filium5

147 2302 233 2364 qui
279 2301 452 2350 debuit
489 2303 618 2350 veris
663 2301 1086 2350 insinuationibus
1135 2300 1339 2349 edoceri.
1417 2303 1586 2349 tamen
1630 2301 1684 2348 in
1729 2302 1840 2363 ipsa

19 2430 21 2433 .
146 2378 306 2424 morte
361 2375 563 2424 additur
607 2375 880 2438 plurimum
924 2375 1117 2423 meritis
1173 2376 1294 2436 eius,
1347 2390 1461 2423 cum
1508 2374 1692 2424 dicitur
1742 2389 1842 2423 non>

6 2432 22 2483 f
80 2465 125 2498 ⁸0
147 2465 221 2498 me
269 2452 412 2511 inpia
459 2465 670 2511 namque
722 2450 940 2498 Tartara
986 2444 1163 2498 habent
1214 2451 1429 2498 tristesve
1481 2448 1703 2505 umbrae,
1758 2449 1841 2498 sed

270 2626 292 2664 1
326 2622 464 2666 sensit
494 2620 582 2664 LR
610 2621 718 2676 fecit
750 2620 821 2664 ed.
983 2625 1008 2663 3
1041 2620 1098 2664 de
1127 2620 1372 2665 inutilibus
1401 2619 1444 2663 R
1473 2619 1580 2664 dein
1610 2619 1775 2664 utilius
1804 2618 1840 2662 L

148 2681 312 2725 utilius
343 2679 413 2724 ed.
568 2684 591 2724 7
625 2681 678 2724 in
708 2681 811 2736 ipsa
843 2678 930 2723 Ro
963 2680 1013 2723 in
1044 2680 1116 2724 his
1145 2679 1209 2723 ad
1239 2679 1274 2722 L
1306 2680 1359 2723 in
1387 2679 1460 2724 his
1490 2693 1521 2723 a
1551 2677 1646 2723 ΗΠ
1677 2678 1748 2722 ed.

151 2743 296 2783 9-10
328 2739 414 2783 tibi
444 2740 648 2785 latiorem
680 2739 768 2782 LR
799 2753 911 2783 corr.
945 2753 980 2782 r.
1121 2742 1175 2782 12
1208 2739 1293 2783 tibi
1322 2742 1388 2783 est
1416 2738 1504 2782 LR
1543 2742 1606 2782 est
1644 2751 1733 2781 om.
1767 2737 1838 2781 ed.

243 2802 296 2843 17
329 2799 617 2844 distrahebant
644 2797 687 2841 R
718 2811 831 2842 corr.
856 2812 880 2840 r
904 2819 959 2836 =
985 2797 1034 2841 L.
1143 2801 1198 2842 19
1230 2798 1486 2844 accedomos
1515 2796 1570 2841 R.
1678 2800 1734 2841 26
1765 2810 1839 2841 su·

144 2857 791 2972 ᾔνῖἷῗαὲηὲῗξῇοξοξέἕέἲο
802 2870 952 2961 rogos·
1012 2859 1019 2914 Ι
1039 2855 1732 2973 3ffiffffl31ilsspregtgvu2tess
1757 2858 1840 2959 εἰ

150 2980 287 3021 stesve
317 2990 341 3019 r
373 2976 608 3034 tristesque
639 2975 711 3020 ed.
1223 3014 1229 3019 .
1672 3013 1675 3017 .
