2014 3226
226 164 329 215 106
688 161 918 204 DONATI
949 160 1228 203 INTERPR.
1263 159 1441 203 VERG.

221 305 355 351 iusta
409 306 608 362 tamque
664 303 767 348 sine
822 301 1122 360 praestantis
1186 299 1495 348 detrimentis
1551 315 1800 362 expressa,
1856 303 1911 348 ut

224 379 384 438 quivis
433 377 727 423 inhumanus
777 377 825 420 et
872 375 1024 421 durus
1071 375 1307 422 facillime
1347 374 1640 422 flecteretur.
1716 375 1911 434 prohibe

222 452 453 510 infandos
494 466 525 496 α
566 450 772 496 navibus
809 450 957 508 siquis,
998 463 1150 507 parce
1184 450 1270 508 pio
1306 450 1474 507 yeneri
1513 452 1555 495 et
1583 445 1796 508 propius
1833 463 1911 496 res

224 526 383 584 aspice
421 527 635 570 woslras:
678 537 786 569 ecce
826 523 1080 582 postulata
1120 525 1235 569 sunt
1272 523 1394 569 tria:
1434 538 1495 568 ne
1533 522 1912 569 incenderentur

223 614 386 657 naves,
428 600 482 643 ut
523 596 800 644 ostenderet
839 611 888 643 se
930 598 979 643 et
1016 595 1359 644 necessitatem
1399 595 1578 643 habere
1619 596 1833 643 abeundi
1863 598 1913 644 et
1956 611 1976 645 5

224 673 527 719 voluntatem
565 674 713 730 atque
746 685 803 717 ex
835 670 928 717 hoc
959 672 1065 731 ipso
1098 669 1385 731 perdoceret
1417 685 1534 717 casu
1567 671 1732 729 potius
1763 686 1911 731 quam

225 747 286 793 ad
327 744 630 791 inserendam
670 744 961 791 violentiam
1000 745 1203 791 venisse.
1263 759 1410 804 parce
1450 745 1533 804 pio
1574 744 1761 806 generi3
1800 758 1912 791 reus

225 820 354 866 enim
393 820 503 878 pius
544 833 645 865 esse
685 819 893 878 incipiet
932 818 1018 878 qui
1057 821 1343 878 persecutus
1384 818 1536 864 fuerit
1574 819 1736 878 pium:
1787 834 1911 878 quae

225 892 476 951 sanctitas,
517 892 693 952 inquit,
734 907 789 938 eo
831 892 1043 953 amplius
1083 891 1325 938 laedenda
1364 907 1461 938 non
1503 894 1589 951 est,
1625 891 1755 952 quod
1786 892 1913 939 hanc

223 969 403 1014 natura
450 965 703 1028 sanguinis
753 968 802 1012 et
849 965 1040 1028 generis
1090 965 1249 1025 ducti,
1296 981 1394 1012 non
1442 955 1631 1026 aliqua*
1660 965 1915 1013 constricti
1939 980 1979 1014 ιο

224 1042 331 1103 lege
372 1056 639 1087 servamus.
717 1042 767 1086 et
805 1041 1008 1100 propius
1048 1054 1125 1086 res
1168 1040 1330 1101 aspice
1369 1041 1586 1087 nostras:
1641 1041 1792 1087 tertia
1830 1056 1912 1101 pe-

223 1115 333 1161 titio
381 1113 623 1177 generalis
671 1116 766 1161 est:
822 1113 1058 1175 quicquid
1104 1113 1415 1160 commodum
1460 1117 1685 1161 nostrum
1724 1115 1915 1174 spectat

225 1203 420 1235 oramus
460 1190 517 1234 ut
555 1189 789 1248 praestes.
853 1188 972 1234 haec
1011 1202 1109 1234 non
1147 1187 1375 1248 ponendo
1414 1203 1502 1249 per
1542 1187 1725 1248 species
1766 1188 1914 1234 hone·

225 1262 349 1310 stius
390 1262 653 1323 conplexus
694 1264 782 1322 est,
822 1277 972 1322 quam
1005 1261 1047 1309 si
1079 1261 1361 1325 designaret
1392 1262 1658 1321 evidenter,
1689 1261 1915 1324 intellegi

223 1339 391 1383 tamen
437 1338 604 1397 potest
650 1337 815 1384 omnia
861 1335 974 1383 illos
1023 1337 1262 1397 consequi
1306 1337 1548 1396 potuisse,
1605 1337 1647 1383 si
1693 1335 1915 1383 favorem
1938 1350 1957 1385 1

223 1411 425 1473 reginae
464 1409 806 1471 plenissimum
837 1410 1049 1457 fuissent
1081 1411 1346 1458 consecuti.
1405 1411 1617 1471 denique
1649 1409 1915 1457 conciliata.

225 1484 353 1531 Dido
401 1486 451 1531 et
495 1483 713 1531 humana
757 1485 900 1530 iuxta
945 1484 1079 1544 ipsos
1127 1484 1227 1531 fuit
1274 1487 1323 1531 et
1368 1484 1556 1544 recepit
1601 1484 1818 1545 hospitio
1867 1485 1916 1530 et

227 1560 400 1619 sponte
439 1557 636 1605 infinita
674 1574 879 1605 munera
919 1558 1203 1606 constitutis
1242 1559 1295 1604 in
1334 1557 1544 1605 navibus
1590 1557 1742 1606 misit.
1817 1571 1916 1604 non

226 1647 313 1679 mos
353 1634 439 1680 aut
476 1633 606 1690 ferro
637 1631 847 1693 Libycos
876 1633 1120 1692 populare
1146 1636 1348 1691 penates
1378 1634 1597 1680 venimus
1629 1635 1716 1679 aut
1744 1634 1915 1690 raptas

227 1708 293 1753 ad
348 1707 490 1753 litora
542 1710 722 1754 vertere
771 1706 1008 1766 praedas,
1062 1720 1162 1754 non
1214 1721 1269 1753 ea
1316 1707 1390 1754 vis
1437 1707 1599 1753 animo
1647 1720 1733 1753 nec
1778 1707 1916 1752 tanta

227 1781 457 1839 superbia
502 1781 663 1828 victis:
715 1779 930 1828 adsertio
969 1781 1283 1828 innocentiae
1324 1796 1435 1827 cum
1472 1779 1766 1841 probatione
1806 1794 1916 1826 sua:

227 1869 317 1901 nec
363 1853 426 1901 ad
471 1853 586 1914 hoc,
632 1854 819 1916 inquit,
863 1855 1087 1902 venimus
1135 1870 1294 1916 neque
1343 1855 1446 1902 eius
1487 1869 1655 1902 sumus
1693 1855 1916 1914 naturae,

227 1930 285 1974 ut
327 1928 381 1974 in
429 1927 591 1974 aliena
637 1943 890 1976 exeramus
936 1928 1171 1989 inprobas
1217 1943 1418 1990 manus,
1473 1929 1560 1974 aut
1607 1941 1917 1976 exerceamus

229 2001 573 2062 direptionem,
613 2004 663 2048 et
700 2002 792 2049 hoc
832 2003 876 2050 si
913 2017 1194 2065 gereremus
1234 2003 1422 2064 animo,
1467 2001 1587 2063 quid
1626 2001 1916 2049 auderemus

229 2074 383 2122 victi?
461 2076 703 2135 quantum
747 2077 915 2123 miseri
961 2076 1057 2123 niti
1102 2073 1391 2138 possemus?
1468 2075 1531 2123 ad
1573 2075 1939 2138 probationem¹

228 2147 373 2196 istius
412 2148 722 2197 innocentiae
760 2151 977 2210 pertinet
1016 2149 1151 2212 quod
1189 2165 1339 2212 supra
1378 2149 1506 2196 dixit
1537 2150 1727 2211 „ventis
1758 2150 1946 2196 maria

231 2222 397 2269 omnia
436 2221 609 2269 vecti“.
687 2223 730 2271 si
769 2225 900 2271 enim
938 2224 1126 2271 vellent
1165 2226 1253 2272 aut
1290 2225 1492 2286 possent
1530 2224 1693 2271 facere
1731 2222 1916 2273 violene
1952 2219 1954 2224 ’

231 2295 371 2356 tiam,
403 2296 632 2343 fecissent
661 2295 715 2343 in
746 2297 997 2358 aliquibus
1028 2299 1276 2346 terrarum
1306 2297 1532 2359 partibus
1566 2299 1616 2345 et
1647 2297 1957 2346 caruissent*

231 2369 472 2416 violentia
511 2370 676 2430 maris,
716 2386 867 2432 quam
905 2387 994 2433 per
1032 2373 1200 2419 omnia
1237 2371 1388 2420 litora
1426 2370 1770 2435 naufragando
1808 2386 1919 2432 per·

231 2445 498 2491 senserant.
556 2443 878 2492 novissimum
910 2448 1258 2509 argumentum
1294 2444 1568 2507 probabilis
1606 2444 1890 2492 innocentia
1946 2441 1955 2454 ¹

232 2517 331 2564 fuit
370 2515 502 2578 quod
539 2518 786 2578 posterius
817 2519 987 2580 posuit
1017 2517 1297 2581 ‚,oramus“3
1337 2519 1502 2567 nullus
1535 2520 1666 2566 enim
1696 2512 1953 2592 rogando}>

351 2676 378 2715 8
397 2671 509 2727 pius
530 2671 677 2715 esseR
693 2686 782 2718 esse
797 2673 833 2716 L
854 2673 925 2718 ed.
955 2676 961 2730 Ι
987 2674 1154 2730 incipit
1169 2674 1239 2718 ed.
1321 2679 1345 2717 9
1371 2674 1602 2718 laedanda
1617 2673 1704 2716 LR
1721 2687 1879 2717 cornix.
1907 2595 1953 2735 l}

233 2743 327 2773 non
358 2743 445 2774 om.
472 2730 514 2772 R
546 2730 651 2774 add.
685 2746 719 2775 r.
845 2737 897 2776 12
930 2739 971 2776 et
1002 2732 1088 2776 LR
1119 2738 1182 2777 est
1211 2740 1253 2778 et
1283 2733 1354 2777 ed.
1387 2738 1451 2777 est
1479 2747 1576 2776 nos.
1606 2735 1612 2789 Ι
1641 2733 1702 2776 ad
1731 2746 1827 2776 com
1903 2770 1912 2790 ,Δ

234 2788 342 2831 dum
375 2789 445 2832 ed.
540 2793 594 2832 16
626 2790 823 2843 fuissent
852 2805 939 2835 om.
959 2791 1031 2843 ed.
1062 2799 1064 2802 '
1125 2797 1180 2835 22
1212 2807 1269 2836 ‘ne
1299 2793 1362 2836 ad
1390 2793 1472 2836 hoc
1503 2791 1588 2835 LR
1618 2805 1699 2835 nec
1722 2806 1765 2835 a.
1778 2792 1819 2834 h.
1845 2788 1920 2835 Odss
1946 2796 1949 2798 ’

325 2852 376 2891 31
413 2849 641 2904 posterius
679 2848 765 2892 LR
803 2851 940 2906 prius
986 2864 1091 2894 cum
1131 2856 1162 2907 (ἶ
1186 2873 1242 2887 =
1267 2863 1439 2907 quaere
1477 2865 1521 2904 r,
1569 2850 1651 2893 sed
1691 2851 1864 2906 posteri

234 2909 359 2950 recte
399 2920 446 2950 se
485 2906 648 2958 habet,
690 2921 784 2950 non
822 2909 946 2952 enim
986 2909 1046 2953 ad
1077 2908 1248 2953 lemma
1278 2909 1491 2966 respicit,
1532 2910 1613 2954 sed
1646 2909 1707 2952 ad
1737 2922 1838 2953 vers

234 2965 372 3008 modo
404 2965 660 3009 laudatum.
