2014 3226
83 1711 127 1744 zo
149 1711 235 1745 seu
265 1698 400 1745 lassa
430 1699 608 1746 resedit
635 1700 885 1746 incertum.
934 1712 1043 1746 ecce
1074 1699 1258 1746 iterum
1288 1697 1655 1760 neglegentiam
1688 1711 1828 1743 suam
1847 1699 1932 1739 740

807 149 1110 194 AENE1Dos
1142 149 1183 193 11
1737 153 1841 204 247

153 289 286 351 quod
317 290 369 336 in
403 290 556 338 altero
590 291 779 337 malum
811 293 860 338 et
891 291 1074 339 bonum
1106 293 1158 338 in
1192 292 1347 339 altero
1374 292 1730 353 conprobatum
1757 296 1842 339 est.

152 365 407 411 confusam
463 364 644 426 eripuit
698 366 933 412 mentem:
1006 366 1203 426 culpam
1258 364 1479 427 perditae
1534 365 1700 412 uxoris
1756 382 1845 426 per

151 438 518 500 neglegentiam
550 454 692 486 suam
724 438 868 486 iustis
901 439 1285 501 allegationibus
1321 454 1534 502 purgare
1576 439 1844 498 contendit,

150 526 266 559 usus
298 513 582 559 moralitate
614 512 915 574 plenissima.
966 513 1164 574 quando
1198 514 1330 560 enim
1361 514 1485 560 vitio
1510 515 1679 561 nostro
1706 515 1843 560 actus

105 601 126 633 5
150 587 310 633 nostri
348 586 553 634 adverso
595 587 730 634 exitu
770 586 1049 646 concidunt,
1090 587 1320 648 culpatur
1358 602 1560 647 numen,
1609 603 1706 648 quo
1755 602 1844 634 nos

150 659 359 707 dicimus
405 661 525 723 regi.
603 662 768 708 nescio
818 660 972 721 quod,
1011 662 1198 721 inquit,
1238 661 1367 708 male
1409 662 1622 708 amicum
1662 677 1844 708 numen

148 737 366 781 mentem
404 750 567 781 meam
605 735 780 782 multis
821 734 1207 797 cogitationibus
1249 735 1504 782 confusam
1551 736 1842 797 praeripuit.

149 823 261 855 ecce
309 807 449 855 addit
497 808 649 855 aliam
696 809 1084 869 excusationem,
1146 810 1311 870 ipsum
1359 810 1491 855 enim
1538 809 1685 856 deum
1723 808 1844 855 dicit

150 882 504 930 alienationem
549 883 729 930 mentis
777 882 960 930 idcirco
1010 883 1262 943 attulisse,
1317 882 1450 944 quod
1502 883 1629 930 hanc
1683 883 1845 944 ipsam

82 971 126 1004 10
149 955 356 1003 iuvisset
405 955 626 1004 confusio
676 957 993 1005 consiliorum
1043 957 1285 1016 omnium,
1337 972 1463 1018 quae
1510 956 1740 1004 veniebat
1788 972 1845 1004 ex

150 1030 357 1078 diversis
413 1032 462 1077 et
515 1031 790 1078 innumeris
845 1032 1019 1078 causis.
1096 1030 1333 1094 purgavit
1381 1046 1496 1094 ergo
1548 1031 1699 1078 etiam
1752 1030 1844 1078 hoc

149 1119 326 1167 genere
372 1104 597 1166 perditae
643 1106 810 1152 uxoris
859 1105 1057 1165 culpam
1102 1104 1162 1151 ab
1204 1106 1340 1153 omni
1378 1120 1428 1152 se
1466 1105 1844 1166 reprehensione

149 1178 436 1239 dissolvens,
476 1194 577 1240 qua
615 1178 775 1240 premi
813 1180 994 1240 potuit,
1034 1181 1209 1240 utpote
1251 1179 1339 1240 qui
1379 1180 1613 1226 nescierit
1646 1177 1843 1239 quando

148 1252 228 1300 vel
275 1268 374 1314 quo
421 1267 597 1316 genere
644 1252 942 1315 perdidisset
986 1268 1203 1300 uxorem.
1280 1267 1489 1311 namque
1535 1255 1651 1300 avia
1697 1267 1845 1300 cursu

82 1341 124 1375 15
149 1326 267 1373 dum
311 1341 485 1386 sequ-or
532 1330 574 1374 et
616 1331 732 1375 nota
772 1327 940 1375 excedo
978 1329 1170 1388 regione
1208 1328 1428 1375 viarum:
1479 1326 1617 1386 dum,
1663 1326 1844 1387 inquit,

150 1401 271 1448 satis
317 1417 530 1462 propero
579 1402 949 1463 oppressionem
995 1401 1229 1449 hostilem
1274 1403 1522 1461 metuens,
1569 1400 1686 1447 dum
1730 1399 1843 1447 avia

149 1475 308 1538 magis
340 1477 501 1536 teneo,
534 1475 655 1522 dum
692 1475 906 1523 formido
945 1475 1054 1523 loca
1094 1492 1194 1537 qua
1233 1474 1493 1539 gradiendi
1530 1490 1647 1522 usus
1685 1474 1843 1522 homi-

148 1549 293 1597 nibus
331 1549 442 1612 fuit,
483 1549 601 1596 dum
638 1551 736 1597 iter
773 1551 935 1597 sector
972 1549 1104 1611 quod
1137 1548 1443 1613 fugientibus
1478 1548 1719 1612 congruit,
1751 1548 1844 1595 heu

148 1625 324 1670 misero
363 1625 576 1672 coniunx
613 1625 779 1683 fatone
817 1627 980 1684 erepta
1015 1623 1201 1672 Creusa
1231 1625 1456 1678 substitit,
1490 1624 1731 1670 erravitne
1760 1623 1843 1670 via

149 1770 268 1819 fatis
302 1771 554 1833 adscribit,
578 1772 702 1820 dicit
725 1787 776 1820 se
800 1773 1045 1820 incertum
1068 1786 1157 1819 nec
1180 1771 1400 1819 iudicare
1423 1771 1643 1832 potuisse
1676 1771 1844 1817 utrum

149 1861 273 1894 uxor
311 1845 430 1894 fatis
462 1845 799 1894 invidentibus
830 1849 979 1908 rapta
1012 1847 1284 1894 exerrasset
1322 1837 1540 1910 (dixerat
1572 1845 1704 1891 enim
1739 1844 1843 1892 sine

149 1921 233 1966 via
273 1913 689 1985 ambulabamus),
729 1935 790 1968 ne
828 1921 963 1968 lassa
1002 1921 1213 1968 forsitan
1250 1918 1528 1979 resedisset,
1561 1917 1679 1979 quia
1718 1917 1843 1964 dixit

150 1993 429 2054 currebam,
493 2009 604 2042 cum
657 1994 899 2043 Anchises
961 1994 1200 2042 clamaret
1260 1994 1399 2056 fuge,
1461 1994 1593 2040 nate.
1677 1991 1844 2039 omnia

82 2081 126 2115 25
151 2069 318 2115 autem
357 2069 533 2130 culpae
573 2068 678 2117 eius
717 2068 933 2129 fuerunt,
972 2069 1091 2130 quia
1129 2083 1229 2115 non
1267 2069 1546 2129 postremus
1584 2065 1714 2126 ibat,
1759 2064 1844 2113 sed

148 2143 351 2203 primus.
428 2142 599 2205 potuit
645 2144 780 2190 enim
827 2144 916 2190 aut
961 2141 1212 2190 sedentem
1253 2141 1494 2203 opperiri,
1534 2141 1623 2187 aut
1660 2139 1844 2187 lassam

149 2217 334 2264 iuvare.
421 2231 508 2265 nec
551 2220 668 2276 post
719 2217 870 2264 oculis
924 2220 992 2264 est
1050 2216 1243 2264 reddita
1301 2217 1505 2262 nostris:
1565 2228 1666 2261 non
1719 2212 1844 2260 dixit

68 2318 70 2321 v
149 2305 250 2338 non
294 2290 436 2338 illam
481 2291 595 2339 vidi.
632 2293 769 2353 post,
817 2290 902 2339 sed
949 2305 1061 2338 cum
1108 2305 1214 2337 eam
1261 2290 1578 2351 respicerem,
1623 2302 1722 2335 non
1769 2289 1845 2334 est

149 2362 345 2412 reddita
384 2365 540 2413 oculis
578 2367 716 2413 meis.
792 2379 880 2413 nec
909 2366 1058 2424 prius
1097 2365 1333 2412 amissam
1369 2364 1560 2423 respeoei
1601 2363 1843 2410 animum-

271 2553 293 2591 1
329 2550 521 2594 alterurn
551 2550 725 2594 malum
755 2549 844 2592 LR
882 2562 996 2592 corr.
1030 2547 1140 2592 edF.
1324 2551 1378 2591 11
1415 2560 1518 2605 erqo
1557 2551 1644 2590 o'm.
1680 2545 1751 2589 ed.

152 2611 208 2650 14
238 2621 395 2665 ywere
425 2608 513 2652 LR
543 2609 615 2653 ed.
646 2609 837 2664 fraudis
865 2607 915 2651 in
946 2620 1092 2664 marg.
1127 2606 1234 2651 add.
1266 2621 1301 2651 r.
1426 2611 1481 2650 16
1507 2618 1726 2663 prospero
1757 2603 1843 2647 LR

145 2679 339 2723 propero
369 2682 392 2710 r
424 2667 495 2712 ed.
591 2673 644 2711 17
680 2669 816 2725 lonya
839 2666 927 2710 LR
958 2667 1056 2711 loca
1078 2681 1102 2710 r
1133 2667 1316 2724 lo‘nyam
1338 2667 1461 2710 viam
1485 2664 1556 2708 ed.
1651 2667 1706 2708 18
1737 2676 1841 2707 con-

148 2727 335 2782 mitur
363 2725 406 2770 R
437 2740 551 2770 corr.
583 2742 619 2771 r.
744 2731 798 2771 19
830 2726 1012 2781 saccone
1041 2725 1128 2770 LR
1159 2739 1273 2769 corr.
1306 2739 1341 2768 r.
1450 2728 1503 2768 21
1538 2723 1652 2767 dicit
1679 2735 1725 2767 se
1756 2721 1842 2764 LR.

149 2784 196 2828 d.
227 2785 370 2838 fuisse
401 2786 472 2830 ed.
517 2788 523 2844 Ι
572 2801 629 2831 ne
659 2785 748 2829 LR
776 2799 858 2830 nec
886 2799 911 2829 1·
941 2785 1013 2829 ed.
1143 2789 1199 2828 22
1231 2797 1374 2829 uxore
1403 2783 1491 2826 LR
1519 2795 1640 2827 uxor
1668 2795 1692 2824 ι·
1722 2780 1794 2824 ed.
1831 2780 1836 2839 Ι

149 2856 242 2887 esse
270 2850 462 2890 errasset
490 2845 579 2889 LR
608 2850 719 2890 esset
749 2859 813 2889 art
843 2857 879 2889 e.
910 2858 935 2887 r
965 2844 1036 2888 ed.
1069 2848 1317 2889 exerrasset
1346 2855 1444 2886 nos.
1595 2844 1652 2884 23
1684 2840 1840 2884 ambu-

152 2901 301 2947 lamus
331 2903 402 2948 ed.
453 2906 460 2961 Ι
516 2906 599 2961 qui
628 2904 715 2948 LR
744 2905 856 2961 quia
888 2903 960 2947 ed.
1105 2907 1162 2948 24
1191 2902 1395 2960 fuyiente
1425 2900 1462 2945 L
1495 2905 1633 2944 mum
1663 2898 1706 2942 R
1732 2899 1843 2957 fuge

150 2965 257 3006 nate
286 2974 384 3006 nos.
415 2963 564 3022 fuyite
595 2963 666 3008 ed.
775 2966 832 3007 28
863 2976 917 3007 ea
947 2961 1035 3006 LR
1065 2975 1165 3007 eam
1196 2961 1267 3006 ed.
1296 2962 1303 3020 Ι
1337 2961 1554 3017 respicere
1583 2958 1736 3004 vellem
1767 2957 1840 3002 ed.
