2014 3226
804 170 1106 214 AENEIDos
1141 171 1180 213 v
1729 175 1837 226 519

148 314 226 359 est
263 312 354 358 hoc
395 312 613 359 oratoria
653 312 839 358 virtute
878 327 967 372 pro
1008 326 1216 372 persona
1257 311 1480 371 dicentis,
1522 329 1646 373 quae
1680 314 1836 360 voluit

149 400 448 448 exaggerare
488 385 732 432 invidiam
771 385 913 444 facti,
962 388 1017 431 ut
1056 386 1109 431 in
1148 401 1247 432 uno
1287 385 1596 434 incensarum
1637 387 1836 434 navium

148 460 330 506 scelere
369 458 528 505 multa
569 459 799 520 aperiret,
839 458 889 504 in
930 461 1127 506 tantum
1169 461 1225 506 ut
1263 458 1661 522 inreligiosorum
1700 462 1837 508 nefas

149 534 398 580 incurrere
453 534 746 595 cogerentur
801 535 849 579 et
903 535 1219 595 spargeretur
1273 534 1481 581 societas
1538 550 1685 595 quam
1740 550 1837 581 una

102 622 125 654 5
150 607 371 668 perditae
423 607 642 654 civitatis
695 606 952 654 calamitas
1007 608 1247 654 iunxerat.
1332 607 1523 655 interea
1577 609 1693 669 quia
1741 624 1838 655 non

150 696 357 744 magnus
397 680 615 727 invidiae
655 680 825 742 fragor
864 695 966 727 esse
1006 683 1252 741 potuerat,
1293 681 1423 742 quod
1456 681 1644 730 civibus
1683 682 1838 730 iuncti

149 754 349 801 fuerant
388 755 534 814 cives,
572 755 748 801 relicta
786 755 980 801 ratione
1019 769 1342 815 personarum
1375 756 1447 802 ait
1477 756 1662 818 ignotis
1695 758 1839 803 terris

148 829 366 890 relinqui
404 829 577 888 socios,
616 828 749 890 quod
789 842 938 892 grave
979 827 1243 875 admodum
1283 828 1467 876 crimen
1506 831 1592 889 est,
1632 830 1838 891 proinde

149 918 248 950 non
281 901 614 963 quaerendum
656 916 758 949 esse
800 903 886 963 qui
925 901 1057 963 apud
1097 917 1234 963 quos,
1274 902 1358 950 sed
1398 902 1483 950 ubi
1514 904 1840 951 remanserint

0 977 1 980 ’
80 992 126 1024 10
150 991 253 1024 0000
291 976 620 1023 tractandum.
700 991 816 1038 ergo
856 992 1007 1022 unum
1057 977 1324 1036 accipimus
1373 993 1430 1023 ex
1476 992 1685 1038 persona
1731 994 1839 1039 per-

150 1050 416 1110 suadentis,
443 1051 552 1111 quis
578 1049 806 1111 prohibet
830 1065 996 1097 muros
1021 1051 1180 1097 iacere
1207 1052 1256 1097 et
1280 1049 1396 1097 dare
1422 1050 1611 1098 civibus
1635 1049 1841 1098 urbem?

150 1124 362 1171 alterum
415 1140 472 1171 ex
522 1139 733 1186 persona
773 1123 984 1172 dolentis
1028 1123 1255 1183 Veneris,
1295 1126 1452 1171 socios
1499 1125 1699 1188 ignotae
1747 1126 1839 1172 lin·

149 1213 296 1260 quere
337 1201 520 1258 terrae,
566 1213 627 1245 ne
676 1213 726 1245 se
775 1199 1024 1245 contraria
1062 1199 1339 1260 inpugnent
1385 1198 1471 1245 ubi
1518 1200 1840 1246 novissimum

147 1274 314 1334 posuit
367 1272 499 1333 quod
547 1272 714 1334 potuit
758 1273 810 1318 in
858 1271 1103 1333 querellas
1151 1271 1403 1334 graviores
1451 1271 1641 1319 adduci.
1728 1288 1840 1321 con·
1885 1276 1888 1278 ’

79 1360 124 1393 15
149 1346 316 1394 stabat
341 1345 542 1394 Siciliae
565 1348 723 1394 terras
749 1347 917 1403 fuisse,
941 1345 993 1392 in
1018 1345 1196 1407 quibus
1213 1346 1414 1394 Acestes
1440 1347 1604 1394 fuerat
1636 1346 1839 1395 alienus.

148 1421 288 1468 venit
326 1420 391 1467 ad
429 1434 674 1468 summam
714 1420 967 1481 petitionis
1009 1435 1140 1480 suae,
1181 1421 1252 1468 ait
1291 1421 1421 1467 enim
1461 1421 1588 1480 quod
1626 1424 1843 1480 superest

148 1508 245 1544 or0.
324 1495 468 1556 quasi
505 1510 661 1541 unum
702 1495 831 1541 esset
875 1494 1118 1555 petitura,
1170 1509 1268 1541 non
1315 1493 1553 1556 plurima,
1601 1495 1842 1558 singulari

147 1583 353 1616 numero
393 1567 695 1630 significavit
735 1567 853 1629 quid
891 1567 1043 1615 vellet
1086 1567 1387 1629 perindeque
1435 1568 1651 1616 ostendit
1690 1583 1840 1631 grave

148 1658 248 1690 non
289 1657 391 1690 esse
424 1642 556 1704 quod
594 1643 809 1703 peteret,
847 1643 1022 1704 utpote
1063 1641 1195 1702 quod
1234 1643 1286 1688 in
1326 1657 1423 1689 uno
1465 1645 1613 1702 esset,
1653 1658 1751 1690 non
1789 1642 1841 1689 in

78 1731 125 1763 20
147 1716 376 1778 plurimis
407 1716 648 1778 positum:
687 1715 797 1763 ideo
831 1715 956 1763 dixit
988 1715 1122 1776 quod
1146 1717 1369 1778 superest
1393 1730 1493 1775 oro,
1534 1717 1651 1777 quia
1682 1719 1841 1764 trans-

149 1791 262 1838 acta
309 1790 472 1838 curari
518 1805 615 1837 non
663 1791 918 1852 poterant,
969 1789 1101 1851 quod
1149 1792 1372 1851 superest
1418 1805 1534 1852 ergo
1588 1790 1718 1852 quod
1767 1791 1841 1836 in-

147 1866 345 1928 tegrum
384 1866 459 1912 est
499 1867 549 1912 et
586 1865 751 1925 potest
789 1865 1047 1925 praestari.
1126 1863 1247 1910 dicit
1285 1864 1387 1910 iam
1427 1863 1550 1925 quid
1597 1865 1663 1911 sit
1709 1864 1842 1926 quod

149 1938 279 1986 effici
318 1937 562 2000 cupiebat.
640 1937 781 1986 liceat
818 1938 937 1985 dare
976 1940 1079 1985 tuta
1109 1951 1203 1997 per
1233 1937 1395 1984 undas
1426 1938 1533 1985 vela
1565 1938 1664 1992 tibi,
1705 1938 1844 1985 liceat

11 2056 13 2058 .
150 2013 448 2060 Laurentem
481 2013 713 2073 attimyere
747 2011 1005 2073 Thybrim:
1042 2010 1206 2071 liceat,
1238 2012 1418 2072 inquit,
1450 2027 1538 2073 per
1568 2027 1723 2074 regna
1753 2014 1842 2059 tua

4 2121 13 2133 ,.
79 2101 126 2133 26
150 2088 285 2134 tutos
333 2086 508 2134 dehinc
554 2087 793 2149 navigare
834 2084 1095 2145 TroianOS,
1145 2084 1295 2132 liceat
1341 2086 1507 2132 tenere
1547 2084 1750 2133 Italiam
1790 2087 1841 2132 in

270 2275 296 2315 3
323 2273 495 2327 periret
524 2271 611 2315 LR
644 2276 831 2327 poneret
860 2285 883 2314 r
921 2271 1118 2327 aperiret
1150 2270 1220 2313 ed.
1272 2272 1279 2326 Ι
1336 2271 1388 2313 in
1418 2271 1731 2328 religiosorum
1769 2270 1840 2314 ed.

4 2349 12 2372 ε
147 2331 202 2374 in
241 2344 330 2374 om.
364 2330 436 2374 ed.
469 2332 589 2388 post.
629 2343 724 2374 non
763 2330 918 2373 minus
959 2329 1159 2372 absurde
1198 2328 1272 2385 (cf.
1308 2342 1448 2386 supra
1487 2330 1668 2386 eulpam
1707 2329 1842 2372 item-

2 2375 15 2478 }
149 2403 240 2445 que
273 2391 390 2446 728).
485 2394 510 2434 6
536 2395 752 2447 potuerat
782 2389 868 2432 LR
899 2403 932 2432 u
963 2401 1066 2445 exp.
1099 2387 1140 2431 R
1171 2387 1271 2444 ipse
1305 2387 1376 2432 vel
1407 2402 1442 2432 r.
1538 2393 1561 2432 7
1595 2393 1680 2433 aut
1710 2388 1744 2431 L
1770 2387 1839 2431 ed.

146 2454 203 2493 ut
232 2448 275 2491 R
303 2450 373 2492 ait
402 2463 437 2492 r.
538 2453 565 2492 8
597 2450 718 2506 quod
749 2461 838 2492 om.
864 2447 951 2491 LR
974 2447 1061 2502 ed„
1079 2447 1187 2491 add.
1211 2461 1248 2489 r.
1340 2453 1366 2491 9
1399 2447 1706 2504 quaerendum
1737 2460 1843 2491 cum

149 2507 428 2565 compendio
469 2508 596 2564 quod
630 2513 745 2553 'esset
783 2506 1048 2563 significare
1087 2506 1272 2550 videtur
1308 2506 1344 2550 L
1383 2520 1456 2562 qu.
1490 2511 1555 2551 est
1583 2506 1625 2549 R.
1655 2505 1727 2549 ed.
1767 2519 1840 2563 qu.

147 2581 241 2612 esse
270 2580 369 2611 1100.
421 2571 427 2624 Ι
485 2568 565 2624 qui
594 2567 630 2610 L
662 2567 776 2610 item
808 2580 864 2610 ex
894 2567 1005 2622 quia
1043 2579 1128 2622 per
1155 2579 1367 2609 rasuram
1398 2565 1441 2609 R
1472 2566 1552 2622 qui
1581 2565 1651 2609 vel
1680 2564 1751 2608 ed.

154 2629 208 2670 10
240 2640 329 2671 esse
351 2626 645 2671 tractandum
668 2625 756 2669 LR
787 2631 850 2670 est
880 2630 934 2669 tr.
961 2625 1031 2668 ed.
1127 2629 1180 2668 13
1214 2626 1435 2682 inpuynet
1458 2624 1545 2668 LR
1569 2629 1661 2668 -ent
1685 2638 1709 2666 r
1732 2623 1803 2667 ed.
1832 2623 1839 2681 Ι

150 2685 237 2729 tibi
258 2685 348 2728 LR
378 2686 460 2729 ubi
482 2685 555 2731 ed.
581 2684 657 2741 (cf.
676 2687 845 2742 3‚578).
946 2688 1001 2727 14
1026 2683 1138 2740 quid
1161 2683 1232 2729 ed.
1259 2685 1380 2740 quod
1403 2683 1475 2727 ed.
1492 2684 1612 2740 post.
1631 2703 1687 2719 =
1704 2681 1803 2725 LR..
1832 2684 1838 2739 Ι

147 2745 419 2789 constabant
449 2744 492 2788 R
523 2745 623 2789 -bat
649 2759 685 2788 r.
810 2747 865 2787 15
896 2742 1050 2788 sicilia
1080 2748 1123 2787 et
1150 2744 1228 2798 fas
1259 2742 1346 2786 LR
1376 2742 1447 2787 ed.
1481 2742 1667 2786 Siciliae
1699 2746 1844 2786 terras

147 2816 257 2847 nos:
291 2804 373 2847 sed
402 2802 534 2848 100110
567 2803 717 2847 01111110
747 2803 829 2847 ubi
845 2828 900 2834 —
918 2802 1100 2846 alienus
1129 2801 1266 2845 valde
1298 2800 1522 2845 obscurus
1554 2801 1625 2845 est
1655 2802 1701 2844 et
1735 2812 1842 2857 gra·

148 2861 252 2964 {333¹
266 2862 548 2965 fflfftfiffi
580 2862 903 2978 ”apfffflsa
935 2866 994 2964 οὲ
1001 2865 1025 2904 ⁷
1056 2860 1323 2976 &2303
1326 2874 1436 2964 ’2²55‘
1436 2874 1483 2962 12³
1506 2859 1618 2976 {Za-a
1648 2861 1739 2962 ⁸¹⁸2
1758 2872 1843 2916 ³¹⁴⁶

149 2984 210 3023 24
240 2980 451 3038 thybrum
480 2980 581 3024 LR..
