2014 3226
195 173 302 223 528
394 215 398 221 .
664 172 895 216 DONATI
925 172 1204 216 INTERPR.
1238 173 1414 216 VERG.

194 313 345 359 linuri
385 329 499 360 nece
535 312 759 371 Somnus,
791 313 971 373 inquit⁷
1007 313 1198 360 volavit
1238 313 1300 360 ad
1341 314 1544 373 caelum,
1578 314 1709 374 quod
1750 314 1884 362 alato

194 387 353 434 facere
386 387 682 434 facillimum
713 387 822 432 fuit.
884 388 1037 433 currit
1065 388 1156 434 iter
1187 390 1341 434 tutum
1371 401 1469 434 non
1502 389 1648 435 setius
1681 402 1885 447 aequore

195 461 389 507 elassis:
452 461 631 508 amisso
681 459 800 507 duce
847 460 1004 506 nihilo
1051 462 1214 507 minus
1263 461 1432 509 classis
1483 462 1607 509 tutis
1662 461 1884 509 cursibus

195 534 457 581 ferebatur.
535 535 885 593 promissisque
929 536 1095 593 patris
1147 535 1365 593 Neptuni
1425 536 1651 582 interrita
1704 536 1886 594 fertur:

193 609 446 668 promissis
501 608 723 669 Neptuni
776 607 1100 669 respondens,
1164 609 1250 669 qui
1308 609 1532 655 futuram
1586 609 1885 656 incolumem
1932 626 1952 658 5

194 682 398 729 dixerat.
475 683 729 742 interrita,
768 682 955 742 inquit,
994 682 1086 728 hoc
1126 685 1200 730 est
1239 698 1410 730 secura
1448 682 1721 743 ferebatur,
1770 684 1886 731 licet
1960 695 1961 698 ’

191 758 434 803 rectorem
473 755 789 818 perdidissem
840 756 1044 804 numine
1084 757 1216 803 enim
1254 757 1477 818 Neptuni
1514 756 1709 804 felicius
1748 773 1886 820 rege·
1982 718 1987 804 ι

104 834 190 872 865
208 831 368 877 batur.
434 832 622 889 iamque
661 831 779 877 adeo
819 829 1039 889 scopulos
1073 829 1301 877 Sirenum
1341 831 1539 878 advecta
1569 830 1762 878 subibat
1792 832 1886 890 ctif-
1960 806 1988 898 ξι

191 905 337 962 sionis
362 906 605 963 quondam
628 905 981 962 multorumque
1012 905 1200 951 ossibus
1231 905 1390 951 albos:
1429 904 1545 951 dum
1578 906 1686 952 tota
1715 905 1884 952 classis
1968 899 1981 917 ²

193 980 382 1026 secaret
426 978 625 1037 fluctus,
674 979 775 1025 iam
815 979 1045 1040 coeperat
1082 978 1135 1025 in
1176 976 1461 1025 Sirenarum
1501 979 1727 1039 scopulos
1767 979 1885 1026 ferri
1911 994 1952 1026 10

193 1052 410 1100 difficilis
444 1053 580 1113 aliis3
612 1052 836 1099 dicturus
871 1054 944 1100 est
976 1053 1108 1099 enim
1138 1053 1360 1115 integros
1391 1052 1602 1100 evasisse
1629 1052 1884 1100 Troianos.

193 1126 410 1174 difficilis
458 1127 583 1173 dixit
630 1141 829 1187 asperos
874 1128 923 1173 et
962 1126 1176 1189 navigiis
1215 1126 1538 1188 perniciosos,
1585 1129 1759 1188 utpote
1799 1128 1886 1188 qui

193 1200 454 1248 saevitiam
487 1215 628 1248 suam
659 1200 979 1248 multitudine
1013 1201 1197 1248 ossium
1228 1202 1544 1247 testarentur.
1609 1216 1734 1261 quae
1775 1215 1885 1262 spes

192 1275 478 1322 venientum
525 1290 628 1322 esse
674 1276 874 1335 poterat
919 1274 1005 1321 ubi
1054 1274 1259 1322 aliorum
1309 1275 1540 1322 interitus
1586 1290 1686 1321 non
1736 1275 1884 1334 fama,

192 1349 278 1396 sed
326 1348 479 1396 oculis
526 1347 868 1410 probabatur?
942 1349 1035 1395 hoc
1082 1347 1193 1395 ideo
1242 1349 1428 1395 dictum
1476 1350 1571 1409 est,
1618 1350 1676 1395 ut
1723 1350 1884 1396 osten·
1910 1363 1952 1396 15

193 1423 340 1470 datur
388 1422 611 1484 Neptuni
664 1422 977 1483 beneficium,
1032 1421 1118 1483 qui
1171 1422 1411 1470 Troianos
1466 1422 1571 1469 illic
1623 1422 1885 1470 incolumis

191 1496 409 1544 reddidit
452 1496 541 1544 ubi
585 1496 769 1543 infiniti
813 1498 1078 1558 perierant.
1156 1500 1258 1544 tum
1303 1511 1458 1544 rauca
1505 1497 1710 1544 adsiduo
1750 1496 1886 1556 longe
1961 1504 1964 1507 ⁴

191 1572 293 1618 sale
339 1585 462 1618 saxa
509 1572 772 1618 sonabant:
835 1587 984 1632 quam
1040 1570 1237 1618 evidens
1292 1571 1395 1618 iam
1444 1570 1723 1632 periculum
1773 1570 1885 1631 fuit,
1962 1601 1966 1627 z

193 1660 304 1692 cum
357 1646 459 1692 iam
513 1645 736 1706 ipsorum
792 1645 1107 1706 scopulorum
1161 1659 1309 1692 sonus
1365 1646 1500 1693 auris
1556 1644 1884 1692 Troianorum

191 1720 505 1780 mentemque
544 1719 805 1782 tangebat!
869 1734 977 1766 cwm
1007 1722 1154 1778 pater
1193 1721 1372 1766 amisso
1410 1721 1687 1777 fluctantem
1719 1733 1885 1767 errare
1908 1734 1952 1766 20

190 1795 421 1854 maytstro
476 1795 624 1841 sensit
678 1797 721 1840 et
770 1795 875 1852 ipse
926 1797 1080 1840 ratem
1132 1793 1383 1841 nocturnis
1435 1794 1559 1840 rexit
1610 1793 1664 1839 in
1712 1793 1885 1840 undis:

191 1866 386 1914 Aeneas
431 1867 518 1914 ubi
565 1867 781 1915 advertit
825 1867 1159 1928 propinquam
1195 1867 1432 1928 periculis
1473 1867 1699 1927 classem,
1738 1866 1883 1914 intel·
1963 1907 1973 1933 ἑ

190 1941 313 1988 lexit
367 1940 470 1989 eius
531 1942 718 2003 perisse
779 1943 1041 2003 rectorem,
1106 1957 1204 2002 qua
1265 1941 1556 1989 necessitate
1619 1941 1882 2002 conpulsus
1965 1943 1973 1987 ζ

191 2017 421 2076 suscepto
462 2015 807 2078 gubernatoris
847 2014 1009 2062 officio
1047 2014 1155 2077 ipse
1195 2031 1304 2062 eam
1340 2015 1468 2062 rexit
1508 2016 1578 2075 et,
1619 2014 1751 2076 quod
1790 2014 1882 2061 (111-
1966 2003 1971 2027 ⁵

190 2088 465 2136 ficillimum
496 2089 608 2150 fuit,
635 2106 725 2151 per
754 2091 917 2136 totum
949 2089 1164 2151 spatium
1196 2089 1368 2136 noctis.
1423 2088 1659 2136 laudatur
1689 2087 1882 2136 Aeneas
1906 2104 1926 2136 2
1960 2151 1961 2154 Ἴ

192 2162 343 2210 etiam
381 2163 434 2210 in
475 2165 580 2211 arte
620 2163 941 2227 gubernandi.
1003 2163 1158 2211 multa
1191 2177 1385 2223 yemens
1423 2177 1632 2223 casuque
1663 2164 1883 2210 animm

192 2250 452 2284 concussus
490 2239 660 2285 amici:
698 2238 797 2285 fuit
833 2252 933 2284 una
973 2236 1240 2284 difficultas
1278 2237 1523 2300 regendae
1558 2237 1699 2284 navis
1732 2251 1883 2298 quam

193 2310 320 2358 aliae
374 2310 728 2373 sequebantur,
775 2311 896 2359 dicit
950 2326 1076 2372 quae
1130 2310 1231 2359 sint
1282 2311 1464 2372 multa,
1519 2325 1695 2359 causae
1741 2309 1883 2358 labor

192 2385 381 2432 50111001,
420 2399 476 2432 30
516 2385 814 2446 sollicitudo,
846 2385 987 2433 dolor
1025 2399 1220 2446 quoque
1253 2386 1401 2432 amici
1431 2383 1614 2448 perditi
1646 2386 1696 2431 et
1725 2385 1880 2432 tantis
1956 2406 1958 2409 ·

103 2460 189 2500 870
208 2458 383 2507 officiis
422 2459 697 2508 necessarii.
766 2474 793 2506 o
823 2461 1031 2507 nimium
1063 2459 1191 2507 caelo
1224 2462 1268 2506 et
1286 2459 1462 2519 pelayo
1494 2459 1670 2518 confise
1698 2472 1880 2514 serene,
1905 2471 1965 2515 so,

190 2533 355 2580 nudus
399 2534 454 2580 in
497 2534 684 2593 ignota,
723 2533 982 2588 Palinure,
1029 2533 1206 2582 iacebis
1253 2533 1464 2581 harena:
1517 2532 1636 2580 haec
1677 2548 1734 2579 ex
1772 2548 1879 2594 per-
1959 2567 1967 2571 -

313 2693 338 2732 3
371 2689 540 2733 clausis
569 2687 612 2731 R
642 2688 802 2732 classis
823 2703 857 2732 r.
952 2692 978 2731 9
1011 2688 1129 2732 albis
1151 2687 1193 2730 R
1217 2688 1315 2732 -bos
1337 2703 1371 2731 r.
1467 2691 1523 2731 10
1554 2689 1784 2743 inceperat
1807 2685 1878 2730 ed.
1956 2687 1981 2735 ,Ξ

285 2752 340 2792 14
370 2748 646 2791 venientium
678 2746 748 2790 ed.
894 2751 952 2790 20
982 2748 1243 2802 fluctantem
1274 2746 1361 2790 LR
1389 2747 1646 2802 fluitantem
1677 2746 1748 2789 ed.
1782 2759 1879 2789 cor·
1952 2715 1983 2823 3³

192 2806 344 2864 rigere
374 2805 520 2862 nolui,
544 2805 768 2862 quoniam
797 2807 1059 2861 fluctantem
1090 2805 1381 2850 defensorem
1406 2805 1585 2849 invenit
1615 2807 1672 2862 (v.
1697 2803 1880 2861 Heyne-
1949 2817 1981 2855 a]

191 2865 429 2923 Wagner).
522 2869 577 2909 23
607 2879 690 2922 per
711 2879 756 2909 se
778 2864 821 2908 R
846 2866 1018 2922 perisse
1045 2879 1070 2908 r
1085 2886 1142 2902 =
1157 2865 1207 2909 L.
1301 2869 1358 2908 24
1388 2865 1507 2909 enim
1529 2864 1572 2907 R
1596 2878 1694 2908 eam
1715 2878 1740 2906 1·
1756 2884 1812 2900 =
1829 2863 1877 2906 L.
1955 2875 1966 2908 ⁴.

282 2929 337 2968 27
371 2939 498 2980 quem
520 2924 563 2967 R
594 2938 731 2980 quam
760 2939 795 2968 r.
889 2928 945 2968 28
977 2925 1122 2968 multa
1145 2923 1232 2967 LR
1253 2924 1422 2968 multae
1444 2938 1468 2966 r
1491 2923 1578 2980 ed„
1603 2922 1686 2966 sed.
1717 2935 1880 2967 causae
1949 2940 1964 2984 ³:

193 2983 254 3028 ad
286 2985 414 3028 labor
442 2983 650 3040 pertinet
673 3005 729 3021 =
753 2983 834 3026 rei.
965 2987 1022 3026 30
1051 2983 1317 3028 necessariis
1346 2982 1433 3026 LR
1463 2983 1549 3027 -rii
1576 2997 1600 3025 r
1630 2981 1701 3026 ed.
1856 2983 1863 2988 '
