2014 3226
806 186 1108 232 AENEmos
1141 189 1181 232 v
1736 197 1844 246 4235

157 324 410 382 mediaque
454 324 508 370 in
555 324 681 370 valle
727 325 899 372 theatri
945 329 1099 375 circus
1149 333 1272 375 erat:
1319 346 1414 377 nou
1456 333 1557 378 illic.
1600 333 1844 381 theatrum

159 395 500 444 aedificatione
541 399 852 457 conpositum
894 400 991 446 fuit
1032 404 1118 448 aut
1158 402 1328 462 circus,
1369 404 1451 452 sed
1492 410 1670 453 natura
1704 408 1845 455 illum

158 470 321 517 locum
359 471 411 516 in
451 486 638 518 morem
678 472 863 519 theatri
903 480 1251 535 conposuerat,
1291 478 1539 526 theatrum
1580 482 1707 527 enim
1749 481 1845 528 dici

157 545 322 604 potest
360 544 489 591 unde
529 547 744 605 spectari
785 546 905 606 quid
951 550 1122 607 possit.
1198 553 1389 599 montes
1442 554 1596 615 igitur
1642 553 1843 601 circum-

111 633 133 665 5
159 617 395 664 dederant
432 618 695 678 planitiem
734 621 897 681 campi
936 623 1084 682 atque
1124 624 1196 669 ita
1234 624 1418 671 theatri
1457 627 1723 688 imaginem
1761 628 1844 675 da·

156 690 291 750 bant,
330 691 480 753 plana
521 694 688 739 autem
729 694 846 741 circi
878 694 1035 741 vicem
1075 700 1307 756 poterant
1347 699 1586 746 exhibere.
1665 702 1843 764 grami-

156 780 303 812 neum
333 766 387 811 in
427 781 656 827 campum
697 766 846 814 etiam
887 767 955 814 sic
993 783 1250 829 possumus
1283 773 1486 820 sentire:
1528 777 1695 834 aptum
1737 791 1845 821 cur-

156 838 290 886 sibus
331 841 380 886 et
421 842 634 888 cursuris
676 843 973 901 oportunum
1014 857 1070 889 ac
1113 860 1200 904 per
1246 845 1336 892 hoc
1384 862 1480 893 non
1529 848 1844 909 calculosum,

156 912 240 960 sed
278 912 493 974 mollem,
531 915 585 961 in
624 930 721 976 quo
761 915 906 962 nudis
946 915 1132 976 plantis
1173 921 1302 965 curri
1341 921 1581 979 potuisset
1620 922 1844 970 omnibus

89 1002 132 1034 ιο
157 986 394 1035 submotis
434 987 799 1049 inpedimentis.
878 991 1040 1050 campi
1079 990 1234 1054 igitur
1282 993 1512 1054 planities
1553 995 1669 1054 fuit,
1719 1010 1844 1056 quae

156 1061 373 1122 spatium
424 1063 689 1123 conpetens
741 1063 1002 1111 certaturis
1054 1063 1205 1111 daret.
1295 1066 1586 1128 cingebatur
1635 1069 1723 1115 illa
1771 1070 1842 1116 in·

153 1134 292 1182 flexis
331 1135 595 1196 montibus,
635 1139 691 1183 ut
725 1152 851 1197 quae
890 1138 941 1183 in
980 1138 1131 1199 plano
1175 1138 1519 1187 exhiberentur
1552 1157 1606 1188 ex
1639 1144 1843 1189 summis

153 1208 380 1270 partibus
420 1209 579 1257 videri
617 1212 910 1271 potuissent.
974 1226 1066 1271 quo
1089 1227 1139 1258 se
1161 1214 1326 1261 multis
1351 1228 1458 1261 eum
1482 1216 1676 1262 milibus
1706 1217 1845 1263 heros

154 1297 376 1331 consessu
401 1284 611 1331 medium
643 1284 752 1331 tulit
783 1287 1081 1344 extructoque
1111 1288 1310 1334 resedit:
1349 1287 1411 1334 ad
1443 1288 1569 1335 hunc
1603 1304 1829 1350 campum
1845 1294 1932 1333 290

87 1371 130 1406 15
155 1356 393 1404 deductus
428 1356 619 1405 Aeneas
660 1358 924 1406 comitibus
963 1359 1132 1407 multis
1173 1362 1223 1408 et
1261 1361 1429 1409 multis
1469 1361 1718 1409 hominum
1753 1363 1842 1409 mi-

153 1430 282 1478 libus
315 1432 452 1478 venit
485 1432 534 1497 et
564 1431 650 1479 ubi
682 1434 960 1480 extructum
991 1433 1167 1480 habuit
1197 1450 1382 1483 sessum
1413 1434 1465 1481 in
1497 1435 1705 1484 sublime
1737 1452 1842 1484 sese

152 1505 389 1552 attollens
427 1505 625 1553 resedit.
703 1522 800 1553 non
842 1506 966 1554 dixit
999 1507 1140 1567 sedit,
1180 1507 1262 1555 sed
1294 1508 1488 1569 resedit,
1530 1508 1659 1569 quod
1691 1509 1842 1572 signi-

149 1578 267 1626 ficat
298 1578 481 1626 iterum
513 1579 654 1627 sedit.
727 1580 811 1627 sed
843 1596 956 1628 cum
989 1583 1135 1628 antea
1165 1581 1217 1628 in
1241 1582 1328 1630 illo
1353 1582 1462 1630 loco
1494 1598 1590 1630 non
1623 1582 1840 1644 sedisset,

154 1653 398 1714 quomodo
437 1654 621 1701 iterum
659 1652 824 1702 sedit?
864 1671 963 1702 non
1001 1654 1074 1702 ita
1106 1658 1193 1710 est,
1233 1655 1314 1702 sed
1348 1657 1466 1717 quia
1498 1655 1668 1704 sedens
1700 1673 1839 1718 prae-

83 1741 128 1774 20
152 1727 252 1774 fuit
290 1727 462 1775 navali
501 1728 782 1789 certamini,
830 1729 1024 1776 mutato
1064 1729 1170 1776 loco
1218 1732 1347 1777 recte
1388 1728 1547 1777 dictus
1594 1733 1668 1777 est
1714 1745 1838 1778 rese-

151 1799 280 1849 disse
319 1801 412 1850 hoc
451 1803 527 1850 est
564 1803 746 1850 iterum
786 1802 982 1851 sedisse.
1057 1803 1146 1858 hie,
1186 1805 1268 1862 qui
1305 1804 1428 1862 forte
1473 1803 1621 1851 velint
1667 1805 1841 1863 rapido

150 1876 430 1923 contendere
468 1890 637 1932 cursu,
674 1878 852 1924 invitat
887 1877 1061 1936 pretiis
1100 1878 1286 1924 animos
1334 1879 1378 1924 et
1412 1879 1641 1936 praemia
1679 1878 1842 1936 ponit:

148 1948 474 2010 promissione
508 1951 692 2012 quippe
731 1952 780 1998 et
818 1950 1155 2012 propositione
1194 1951 1526 2012 praemiorum
1566 1950 1841 2014 augebatur

150 2025 338 2070 certare
373 2023 656 2072 volentibus
707 2023 927 2072 studium
974 2026 1023 2070 et
1062 2023 1373 2071 exoriebatur
1411 2023 1656 2085 cupiditas
1695 2023 1836 2072 dubi-

29 2107 35 2110 ’
82 2111 126 2145 85
150 2097 374 2146 tantibus
396 2097 478 2146 vel
507 2098 696 2146 invitis.
760 2112 870 2146 ecce
903 2100 1143 2159 quantum
1173 2097 1362 2159 profuit
1391 2097 1666 2159 propositio
1697 2113 1838 2159 prae·

24 2166 26 2180 ²
147 2171 384 2219 miorum:
414 2173 644 2232 modique,
674 2171 854 2233 inquit,
884 2173 1169 2220 conveniunt
1194 2171 1368 2219 Teuem'
1405 2173 1634 2230 mixtique
1655 2170 1838 2226 Sicani,

24 2300 28 2313 .
147 2245 306 2293 Nisus
351 2249 393 2294 et
431 2245 688 2306 Euryalus
727 2247 908 2306 primi:
953 2246 1164 2293 *fortem
1210 2246 1260 2292 et
1306 2245 1608 2293 formosum*
1659 2244 1840 2292 dicitur

24 2369 27 2375 ,
69 2334 73 2337 ·
150 2317 414 2367 diversitas
437 2320 627 2382 populi,
667 2320 994 2368 Troianorum
1027 2318 1216 2366 scilicet
1255 2322 1305 2366 et
1330 2318 1630 2378 Siculorum,
1670 2333 1839 2365 verum

24 2378 37 2454 ξ
151 2393 283 2440 enim
321 2395 570 2442 certamen
611 2393 819 2442 existere
858 2409 958 2441 non
988 2397 1156 2455 posset
1192 2393 1325 2440 inter
1363 2407 1444 2440 eos
1478 2393 1563 2453 qui
1595 2407 1692 2440 uno
1726 2406 1839 2439 san·

24 2454 40 2492 ἶ
78 2482 126 2515 ao
150 2466 315 2530 guinis
363 2468 610 2516 consortio
664 2468 744 2515 vel
799 2466 970 2515 eadem
1024 2465 1260 2514 societate
1313 2465 1622 2513 tenebantur.
1708 2462 1838 2526 quod

169 2541 340 2589 autem
378 2557 408 2588 a
441 2541 664 2606 generali
700 2541 981 2589 coeuntium
1010 2538 1330 2588 multitudine
1359 2539 1560 2587 transiit
1595 2538 1840 2586 maturius

43 2728 45 2732 -
267 2701 292 2739 2
325 2696 584 2751 aedificatio
615 2696 652 2740 L
684 2709 788 2741 -one
818 2695 871 2740 R.
1010 2699 1036 2738 3
1070 2695 1363 2739 theatrum—
1382 2697 1409 2736 4
1433 2694 1581 2750 possit
1610 2705 1696 2736 om.
1730 2705 1837 2735 vem

127 2753 396 2804 ,substituit
427 2755 498 2799 ed.
628 2759 656 2798 4
688 2756 832 2812 ἐρίων
862 2753 950 2796 LR
979 2766 1084 2812 erqo
1115 2751 1157 2796 U
1189 2752 1259 2797 ed.
1390 2757 1416 2796 8
1447 2751 1719 2797 calculos-cm
1750 2748 1836 2793 LR.

145 2814 316 2859 durum
355 2814 428 2858 ed.
591 2819 647 2859 14
684 2827 904 2859 consensu
942 2811 990 2855 L.
1153 2816 1208 2855 16
1246 2811 1407 2855 habuit
1445 2823 1533 2854 0111
1566 2809 1609 2852 R.
1646 2807 1753 2852 add.
1785 2807 1833 2851 in

143 2885 292 2930 marg.
324 2871 376 2917 r‘.
405 2875 411 2930 Ι
437 2887 619 2918 sensum
649 2873 699 2918 L.
831 2876 883 2916 21
916 2872 1070 2915 hoe—
1087 2871 1252 2915 sedisse
1282 2883 1369 2914 om.
1395 2868 1467 2913 ed.
1588 2871 1643 2911 2⁷
1674 2868 1836 2922 sortem

142 2936 189 2975 et
217 2932 468 2986 formosum
490 2932 580 2978 ΕΒ,
609 2931 712 2976 1000
737 2930 906 2986 alieno,
931 2929 1129 2974 fortasse
1161 2930 1268 2986 post
1295 2929 1600 2973 demonstrare
1629 2940 1675 2983 p.
1692 2928 1836 2980 466,ss

53 3007 57 3009 ·
82 3011 87 3021 κ
143 2991 564 3048 transponendum,
596 3004 686 3036 om.
711 2990 782 3034 ed..
906 2992 961 3032 29
994 2989 1115 3033 em'm
1145 3002 1236 3032 om.
1262 2986 1334 3032 ed.
