2014 3226
147 118 252 169 154
610 116 840 159 DONATI
870 116 1150 159 INTERPR.
1183 116 1362 169 VERG.

56 261 111 300 50
145 259 275 305 facto
325 257 387 303 ad
435 256 714 303 audendum
763 258 949 302 ceteros
997 259 1310 320 provocaret,
1360 258 1428 304 sie
1473 257 1607 315 fatus
1652 258 1856 326 validis,

54 780 108 816 55

55 2250 110 2289 60

143 334 374 389 ’11106111ευί
424 332 609 377 mribus
653 329 846 376 hastam
883 331 937 376 in·
976 330 1104 376 latus
1143 332 1287 389 inque
1324 331 1419 389 feri
1465 345 1664 377 curvam
1710 345 1830 377 eom-

135 406 349 465 pambus
388 405 554 450 alvum·
593 405 830 457 contorsit,
870 405 994 450 stetit
1030 404 1120 450 illa
1151 407 1355 451 tremens
1386 407 1610 462 uteroque
1640 419 1831 452 recusso

145 481 396 525 insonuere
435 491 581 524 cavae
615 478 935 538 yemz'tumque
981 477 1151 524 dedere
1199 492 1447 524 cavernae.
1525 479 1642 539 quia
1682 475 1856 539 supra

144 552 268 598 dixit
306 553 628 612 „penitusque
669 566 904 598 cavernas
936 551 1151 614 ingentis
1184 553 1476 612 uterumque
1514 553 1705 599 armato
1737 554 1829 598 mi-

143 627 231 673 lite
265 623 540 685 conplent“‚
571 624 651 670 hic
682 624 851 685 posuit
883 625 1048 672 omnia
1087 624 1177 671 illa
1216 640 1445 685 percussa
1485 624 1586 672 ictu
1626 625 1828 672 validis-

144 702 264 746 simo
322 698 440 758 quid
493 700 627 745 intus
683 702 914 761 ageretur
968 700 1237 746 nuntiasse.
1317 701 1378 752 et,
1430 700 1473 745 si
1519 701 1627 758 fata
1675 698 1831 754 deum,

142 775 185 819 si,
222 787 355 819 mem
392 786 490 818 own
522 773 662 819 laeva
692 774 877 831 suisset.
910 773 1154 832 impulerat
1184 775 1315 832 ferro
1347 770 1603 832 Aryolicas
1633 773 1832 832 foedare

143 848 373 893 latebras:
414 847 520 892 fata
560 846 703 893 deum
745 846 950 893 deorum
988 846 1297 893 voluntatem
1330 846 1551 907 accipere
1584 846 1831 902 debemus,

141 936 237 967 non
285 921 457 967 fatum.
536 919 599 987 si,
645 921 832 981 inquit,
888 919 957 966 dii
1004 936 1101 967 non
1157 921 1453 968 avertissent
1506 919 1830 967 intentionem

141 996 384 1051 nostram,
408 992 602 1040 ⁴eodem
648 996 897 1041 momento
946 1010 1112 1042 omnes
1162 993 1459 1041 Graecorum
1505 994 1850 1055 proderentur.

140 1067 362 1120 insidiae.
441 1070 490 1114 et
535 1067 669 1114 facta
717 1068 1019 1129 apostropha
1066 1084 1176 1115 cum
1223 1068 1416 1130 ingenti
1462 1067 1629 1115 dolore
1677 1068 1832 1114 animi

142 1141 333 1188 addidit
375 1142 617 1200 Troiaque
655 1157 786 1190 nunc
823 1145 978 1189 stares
1012 1143 1295 1201 Priamique
1333 1157 1426 1189 arar
1464 1143 1566 1189 alta
1603 1146 1831 1197 maneret,

142 1215 285 1273 sicuti
326 1215 523 1274 mansit,
564 1218 830 1277 antequam
871 1216 1011 1263 dolus
1053 1215 1359 1263 obtinuisset.

250 1290 378 1336 Eece
437 1303 615 1336 manus
675 1292 894 1337 izcvenem
954 1291 1139 1337 interea
1198 1294 1312 1350 post
1373 1293 1504 1349 terya
1566 1286 1830 1337 revinctum.

133 1367 355 1422 pastores
399 1378 574 1422 maeno
622 1365 687 1410 acl
733 1378 889 1423 reyem
935 1363 1142 1411 elamore
1189 1365 1443 1411 trahebant
1481 1364 1831 1411 Dardanidae:

141 1452 247 1484 ecce
279 1436 574 1498 ubicumque
599 1437 850 1500 Vergilius
882 1439 1038 1498 ponit,
1073 1437 1276 1499 aliquod
1299 1438 1490 1484 malum
1514 1437 1848 1498 repentinum’

1858 938 1902 968 117

1857 1306 1897 1337 15

141 1514 191 1558 et
228 1513 535 1593 insperatum
575 1511 824 1574 significat
861 1513 917 1557 ut
955 1511 1047 1559 hoc
1078 1512 1186 1559 loco
1220 1514 1269 1559 et
1302 1505 1458 1577 (203)
1493 1526 1632 1571 „ecce
1665 1509 1855 1558 autem'

141 1585 326 1648 gemini
371 1600 401 1630 a
442 1584 636 1632 Tenedo
682 1586 958 1647 tranquilla
1003 1602 1092 1646 per
1139 1583 1286 1644 alta“‚
1333 1586 1455 1632 item
1495 1578 1651 1651 (526)
1693 1601 1831 1646 „eece

142 1663 307 1706 autem
347 1658 543 1720 elapsus
575 1658 757 1720 Pyrrhi
795 1659 853 1705 de
887 1659 1034 1707 caede
1066 1658 1281 1706 Polites“
1316 1662 1364 1706 et
1397 1652 1507 1724 (11,
1528 1653 1657 1725 226)
1691 1674 1829 1719 „ecce

141 1748 286 1794 super
337 1734 516 1780 maesti
561 1749 742 1796 magna
788 1733 1043 1780 Diomedis
1099 1733 1159 1780 ab
1213 1733 1333 1780 urbe
1386 1734 1545 1796 legati
1596 1748 1831 1794 responsa

141 1805 350 1855 ferunt“.
429 1822 544 1870 ergo
554 1844 567 1869 ⁷
607 1807 723 1853 dum
762 1807 852 1855 illa
890 1807 1022 1854 inter
1060 1802 1302 1855 Troianos
1341 1809 1647 1871 gererentur,
1695 1807 1831 1854 aliud

141 1880 322 1928 accidit
369 1880 499 1941 quod
546 1880 608 1926 ab
656 1882 771 1942 equi
815 1883 1034 1928 tractatu
1083 1880 1383 1942 disputantis
1423 1882 1690 1939 averteret3
1745 1896 1830 1942 pa-

141 1956 296 2001 stores
331 1954 461 2001 enim
492 1955 695 2002 Troiani
727 1955 994 2003 veniebant
1026 1954 1090 2002 ad
1120 1971 1287 2018 regem
1317 1955 1569 2003 trahentes
1600 1954 1830 2002 iuvenem

142 2027 368 2075 manibus
406 2030 521 2089 post
557 2031 699 2092 terga
737 2030 944 2088 innexis,
974 2030 1181 2090 propter
1213 2029 1343 2090 quod
1376 2029 1566 2076 factum
1598 2028 1828 2088 dimissus
1878 2045 1892 2052 ·

143 2106 220 2149 est
267 2117 422 2162 equus
470 2103 520 2149 et
554 2118 734 2150 ‘omnes
782 2102 971 2164 captivi
1017 2103 1153 2150 illius
1201 2094 1486 2150 curiositate
1536 2102 1828 2160 transducti,

143 2175 261 2222 dum
300 2175 539 2223 novitatis
578 2177 823 2224 incertum
860 2192 1001 2225 nosse
1043 2176 1370 2236 contendunt,
1415 2176 1706 2224 manifestas
1754 2176 1828 2222 in-

143 2248 294 2297 sidias
341 2249 648 2297 dimiserunt.
726 2252 809 2310 qui
853 2264 904 2298 se
950 2251 1165 2310 {quotum
1210 2251 1506 2298 venientibus
1551 2251 1700 2304 ultro,
1745 2250 1831 2296 hoe

141 2320 302 2383 ipsum
354 2326 409 2369 ut
459 2325 662 2371 strueret
717 2324 1005 2383 Troiamque
1059 2326 1269 2384 aperiret
1321 2322 1542 2378 Achivis,
1596 2324 1849 2371 obtulerat.

141 2398 299 2455 fideres
337 2398 490 2444 animi
529 2400 670 2456 atque
707 2400 760 2444 m
797 2402 1054 2456 utrwmque
1083 2413 1186 2458 par
1188 2402 1312 2453 atus
1344 2412 1430 2445 seu
1467 2411 1662 2445 versare
1696 2397 1829 2444 dolos

142 2485 227 2518 seu
271 2473 392 2518 certe
437 2472 706 2518 occumbere
751 2473 916 2519 aiverti:
971 2471 1231 2520 consilium
1276 2470 1591 2535 relinquendi
1630 2469 1828 2518 Sinonis

1855 1676 1898 1706 20

1853 2414 1897 2445 30

1971 2442 1982 2507 -¹*a

142 2544 235 2592 hoc
265 2543 361 2591 fuit
394 2542 608 2606 Graecis,
639 2547 696 2592 ut
725 2548 949 2606 repertus
982 2545 1113 2607 apud
1153 2545 1393 2594 Troianos
1433 2545 1548 2606 equi
1587 2545 1829 2593 occuleret
1856 2548 1857 2551 ’

143 2616 368 2666 fraudem
422 2620 470 2664 et
525 2634 719 2666 omnem
773 2619 1104 2680 suspicionem
1166 2621 1412 2666 averteret
1473 2634 1599 2679 quae
1657 2623 1829 2665 contra

215 2742 226 2747 ”
264 2750 285 2787 1
322 2744 601 2789 audiendum
632 2742 685 2787 R.
783 2748 808 2787 3
841 2744 996 2788 album
1026 2744 1112 2786 LR
1145 2758 1258 2788 corr.
1292 2743 1329 2787 L
1360 2743 1461 2800 ipse
1492 2758 1527 2786 r.
1558 2745 1563 2799 Ι
1591 2744 1668 2787 ille
1698 2743 1768 2786 ed.

143 2807 171 2845 4
193 2804 430 2847 intonuere
454 2803 524 2846 ed.
628 2808 653 2846 9
677 2804 780 2857 fata
804 2803 936 2846 deum
959 2803 1044 2846 LR
1066 2804 1256 2858 fatalem
1280 2803 1353 2846 ed.
1447 2807 1500 2846 11
1527 2803 1831 2858 proderentur

143 2860 228 2905 LR
259 2867 441 2918 apertae
471 2862 667 2916 fuissent
697 2861 768 2905 ed.
870 2866 925 2905 12
957 2863 1224 2918 apostrophe
1255 2861 1325 2906 ed.
1428 2865 1482 2904 17
1508 2861 1667 2917 posuit
1697 2861 1767 2904 ed.

145 2924 201 2964 23
234 2925 382 2965 tractu
414 2921 485 2964 ed.
578 2925 632 2963 27
667 2921 864 2964 novitate
896 2921 966 2963 ed.
1061 2925 1117 2962 33
1149 2926 1355 2965 everteret
1386 2920 1445 2964 ed

1951 2645 1992 2738 ἱ

1941 2753 1983 2933 ξ

1859 2927 1982 3226 fi

1952 2891 1970 2933 ’Ἂ-
