2014 3226
757 178 1060 222 AENEIDOS
1092 179 1140 221 11¹
1686 180 1788 231 227

105 323 300 381 praeter
333 319 658 366 abscisionem
695 320 872 379 eapitis
908 321 1056 365 etiam
1089 319 1221 367 latus
1247 321 1351 367 eius
1377 335 1479 368 esse
1502 321 1791 382 perfossum.

105 394 315 454 denique
363 393 454 439 hoc
501 393 609 439 vult
657 407 759 439 esse
806 393 1008 452 vulnus,
1065 396 1280 440 ceterum
1331 394 1561 440 avulsum
1611 396 1792 441 umeris

105 470 252 528 eaput
308 483 404 514 non
460 469 533 513 est
586 466 780 513 vulnus.
858 465 1046 526 videre,
1104 468 1197 526 ait,
1252 468 1387 514 visus
1444 483 1551 514 sum
1606 467 1658 515 in
1703 467 1791 515 illo

105 542 324 602 exemplo
365 540 631 603 imaginem
672 541 843 601 patris,
883 540 1201 588 solitudinem
1240 542 1427 601 uxoris,
1466 541 1791 603 direptionem

61 630 79 662 5
105 614 277 662 domus
319 617 514 661 nostrae
556 617 604 660 et
643 613 783 675 pueri
822 612 895 659 fili
933 614 1032 660 mei
1070 615 1343 662 interitum.
1416 615 1507 663 hoc
1547 618 1622 663 est
1662 615 1792 676 quod

105 689 229 735 dixit
283 688 436 735 subiit
491 689 594 734 cari
640 688 879 750 genitoris
926 687 1115 750 imago,
1170 691 1227 735 ut
1271 704 1437 751 regem
1488 704 1792 750 aequaevum

103 762 288 809 crudeli
352 762 553 809 vulnere
610 761 713 808 vidi
767 761 923 808 vitam
980 755 1307 809 exhalantem.
1400 763 1548 810 subiit
1607 763 1794 810 deserta

108 836 292 884 Creusa
341 839 383 881 et
428 837 618 895 direpta
665 836 836 882 domu-s
877 838 919 882 et
949 837 1098 894 parvi
1138 850 1278 883 casus
1317 837 1354 882 I
1354 837 1435 884 uli.
1513 839 1713 897 respicio
1754 841 1796 884 et

103 925 226 970 quae
263 912 325 957 sit
363 924 437 956 me
476 911 655 957 circum
695 911 834 968 eopia
874 910 1046 956 lustro:
1106 910 1385 970 novissime,
1425 910 1603 972 inquit,
1643 912 1794 958 etiam

39 1002 81 1034 ιο
104 1000 180 1031 me
228 983 543 1031 considerans
592 985 679 1045 qui
725 998 1059 1030 remanseram
1105 984 1250 1032 solus.
1329 984 1579 1032 deseruere
1618 999 1779 1033 omnes
1797 989 1881 1028 565

103 1059 277 1117 defessi
318 1061 362 1105 et
394 1072 597 1117 corpora
633 1057 762 1104 saltu
794 1057 860 1104 ad
891 1060 1073 1105 terram
1103 1060 1274 1105 misere
1306 1060 1391 1105 aut
1422 1059 1614 1117 ionibus
1646 1074 1793 1118 aeyra

103 1133 295 1180 dedere:
326 1132 477 1179 rediit
508 1131 570 1178 ad
601 1131 742 1178 illam
773 1133 966 1193 partem
999 1147 1099 1192 qua
1130 1131 1255 1178 dixit
1287 1147 1337 1179 se
1361 1133 1413 1178 in
1438 1131 1582 1180 domo
1607 1131 1795 1180 Priami

103 1222 248 1268 super
285 1207 418 1253 tecta
457 1206 608 1253 fuisse
648 1221 758 1253 cum
797 1205 1038 1267 plurimis.
1117 1205 1437 1254 deseruerunt
1474 1222 1576 1266 me,
1615 1207 1794 1268 inquit,

29 1329 34 1333 ,
104 1295 271 1328 omnes
312 1281 430 1327 fessi
467 1279 753 1343 pugnando,
785 1279 923 1326 nullo
962 1279 1148 1327 laboris
1188 1283 1515 1341 consequente
1555 1295 1792 1328 successu.

37 1371 79 1405 ιε
103 1369 219 1401 nam
272 1368 383 1401 cum
439 1368 631 1401 summa
684 1353 962 1414 desperatio
1011 1356 1160 1413 esset,
1216 1355 1302 1401 aut
1347 1355 1643 1415 praecipites
1691 1369 1793 1402 sese

104 1427 340 1476 dederant
380 1430 469 1474 aut
508 1429 699 1475 animas
739 1443 852 1476 suas
892 1429 942 1475 et
980 1429 1183 1490 propria
1234 1442 1442 1490 corpora
1486 1427 1795 1475 tradiderant

27 1514 30 1515 ’
103 1502 329 1549 flammis.
393 1516 503 1550 ecce
543 1502 695 1549 etiam
725 1502 807 1549 hic
839 1502 1000 1550 solum
1039 1517 1091 1549 se
1130 1501 1315 1549 adserit
1354 1502 1648 1550 remansisse
1686 1502 1793 1549 lau-

104 1576 225 1624 dans
266 1576 454 1624 occulte
494 1575 639 1623 fidem
681 1591 820 1623 suam
861 1578 911 1623 et
950 1576 1292 1624 constantiam.
1365 1575 1615 1624 subtiliter
1653 1591 1793 1636 prae-

102 1652 284 1699 teriens
324 1653 525 1698 excusat
563 1653 614 1697 et
651 1652 863 1697 matrem
903 1665 1058 1710 suam,
1106 1666 1257 1711 quam
1297 1649 1556 1698 constabat
1595 1663 1794 1697 causam

31 1740 82 1777 >n
101 1725 252 1772 fuisse
291 1725 538 1772 malorum
576 1726 795 1772 omnium
836 1739 963 1786 quae
994 1719 1253 1774 narrabat.
1312 1738 1421 1772 cum
1450 1724 1572 1772 mihi
1602 1737 1664 1778 se,
1695 1737 1794 1770 nou

105 1803 214 1846 ante
251 1798 403 1846 oeulis
441 1802 541 1846 tam
580 1799 731 1854 clara,
762 1798 1024 1846 videndam
1055 1798 1223 1846 obtulit
1253 1800 1296 1845 et
1317 1813 1453 1858 pura
1475 1813 1568 1857 per
1598 1799 1779 1845 noctem
1796 1801 1882 1842 590

103 1874 157 1921 in
188 1873 291 1919 luce
320 1872 514 1932 refulsit
544 1873 678 1920 alma
699 1887 887 1933 parens
919 1873 1139 1931 confessa
1171 1871 1311 1919 deam
1350 1872 1602 1931 qualisque
1639 1871 1793 1918 videri

105 1947 340 1995 caelicolis
395 1950 438 1994 et
490 1950 674 2007 quanta
728 1947 845 1993 solet
897 1946 1158 2006 dextraque
1210 1946 1506 2005 prehensum
1559 1946 1794 1993 continuit

103 2034 328 2080 roseoque
372 2021 490 2068 haee
534 2023 735 2080 insuper
773 2020 966 2068 addidit
1002 2035 1106 2067 ore:
1159 2019 1284 2067 dixit
1323 2021 1482 2068 omnis
1523 2019 1793 2067 deseruisse

36 2102 83 2149 n
106 2093 238 2156 quod
268 2094 498 2158 agebant,
524 2110 634 2142 cum
667 2093 985 2142 defenderent
1015 2093 1215 2141 domum
1238 2092 1427 2141 Priami
1459 2095 1510 2141 et
1531 2093 1584 2140 id
1608 2093 1795 2141 frustra

106 2168 342 2216 facerent:
380 2170 488 2230 ipse
528 2185 624 2230 quo
656 2169 802 2216 modo
833 2169 1090 2216 recesserit
1119 2166 1255 2229 dicit,
1285 2183 1347 2216 ne
1377 2166 1606 2215 videatur
1637 2167 1789 2215 etiam

103 2242 210 2304 ipse
249 2243 413 2305 operis
451 2242 620 2290 labore
659 2244 902 2306 fatigatus
940 2242 1212 2290 recessisse.
1260 2253 1459 2302 omnes,
1498 2242 1680 2302 inquit,
1720 2241 1791 2287 la·

78 2314 322 2364 boi-ando
375 2317 494 2365 fessi
547 2320 597 2365 et
649 2319 754 2364 sine
809 2316 981 2378 aliqua
1032 2315 1254 2364 utilitate
1309 2314 1542 2363 certando
1606 2313 1791 2363 debiles

104 2389 285 2438 redditi
330 2390 497 2438 taedio
544 2389 860 2439 adversarum
907 2405 1074 2437 rerum
1119 2389 1246 2437 mori
1292 2389 1573 2437 maluerant
1618 2390 1670 2436 et
1707 2387 1792 2436 du·

39 2475 85 2518 ω
106 2462 299 2526 plicem'
324 2464 636 2513 voluntariae
674 2465 849 2513 mortis
881 2463 1188 2512 occasionem
1218 2463 1404 2524 nancti,
1436 2477 1547 2511 cum
1578 2460 1792 2510 altitudo

37 2563 40 2565 >
105 2553 205 2586 non
243 2537 433 2587 deesset
470 2541 521 2587 et
557 2538 786 2587 incendia
824 2537 1210 2599 dominarentur,
1250 2539 1340 2585 aut
1377 2536 1676 2600 praecipites
1711 2534 1791 2583 de-

40 2615 61 2684 j
106 2609 282 2660 derant
327 2627 431 2661 sese
478 2615 568 2660 aut
612 2613 863 2675 petierant
906 2611 1155 2660 flammas:
1217 2627 1277 2659 ne
1326 2612 1376 2659 et
1421 2612 1528 2673 ipse
1580 2608 1793 2658 alterum

43 2740 70 2786 r
105 2684 316 2762 facerem
363 2688 471 2748 aut,
513 2686 645 2749 quod
685 2687 943 2748 supererat
978 2686 1205 2747 tertium,
1242 2684 1400 2734 hostis
1440 2682 1682 2733 occideret
1717 2697 1792 2730 re-

51 2789 64 2824 ι

225 2816 251 2855 5
282 2814 496 2858 interitus
526 2812 614 2856 LR
645 2812 716 2856 ed.
750 2817 865 2856 ·tum
896 2826 931 2855 r.
1056 2816 1115 2856 14
1142 2815 1454 2867 consequentes
1482 2808 1571 2853 LR
1605 2813 1666 2854 -te
1696 2822 1731 2852 r.

66 2870 70 2871 ⁷
107 2874 164 2915 1⁶
194 2871 373 2917 animos
402 2872 473 2916 ed.
517 2872 525 2930 Ι
573 2884 684 2916 suas
713 2885 801 2916 om.
827 2870 899 2915 ed.
1024 2874 1079 2914 18
1109 2874 1368 2927 praeterens
1396 2868 1439 2912 R
1462 2869 1726 2925 praeferens
1755 2880 1790 2910 r.

195 2933 253 2974 20
283 2931 531 2988 enarrabat
561 2930 633 2974 ed.
673 2931 681 2987 Ι
721 2943 881 2974 versus
913 2933 1148 2974 567—588
1179 2927 1368 2973 silentio
1398 2925 1646 2985 praeteriit
1674 2924 1790 2969 Don.

196 2992 252 3033 29
282 2989 432 3034 reddit
462 2988 510 3033 L.
555 2992 562 3047 Ι
610 2989 871 3034 maluerant
901 2988 990 3032 LR
1020 2988 1091 3033 ed.
1213 2991 1271 3032 33
1302 2991 1488 3043 superat
1517 2985 1566 3030 L.

1351 3059 1438 3104 15·
