2014 3226
196 171 302 222 190
659 168 890 213 DONATI
920 169 985 212 IN
988 169 1201 216 TERPR,
1235 167 1413 214 VERG.

193 311 277 358 sed
323 326 465 358 arma
511 324 677 357 amens
725 311 886 368 capiO,
926 308 1018 356 hoc
1058 310 1133 356 est
1171 309 1399 356 omnibus
1439 309 1679 371 adversis,
1719 312 1881 358 mente

191 385 392 432 turbata
431 400 528 430 non
567 385 619 429 in
659 383 854 445 fugam,
902 382 986 430 sed
1024 384 1077 430 in
1117 397 1255 430 arma
1297 397 1558 432 conversus
1598 399 1720 431 sum.
1796 399 1883 431 nec

104 463 188 501 315
206 463 284 505 sat
320 459 525 504 rationis
566 459 616 503 in
656 458 830 511 armac,
869 456 955 503 sed
989 456 1258 515 alomerare
1295 472 1498 504 manum
1538 458 1655 505 betto
1696 461 1738 504 et
1774 471 1880 505 con-

191 547 383 578 currere
420 532 473 577 1η
512 545 670 577 arcem
710 544 818 576 cusm
856 531 999 578 sociis
1038 530 1212 577 ardent
1250 532 1428 578 animi:
1481 546 1581 578 non
1621 530 1766 592 enim,
1804 531 1878 578 111-

191 607 320 666 quit,
375 607 621 665 integram
676 605 856 652 mentis
908 603 1236 651 intentionem
1289 603 1469 652 habere
1531 606 1675 666 potui
1735 621 1877 666 quem
1926 622 1947 654 5

189 679 419 725 tubarum
459 679 577 724 licet
613 677 876 725 hostilium
916 678 1119 740 clangor
1158 680 1208 724 et
1240 677 1485 725 excidium
1515 680 1709 739 patriae
1742 680 1879 741 geni-

188 753 304 799 talis
360 751 661 799 accenderat.
741 753 934 799 secutus
980 752 1138 813 igitur
1185 751 1316 812 quod
1364 753 1501 799 amat
1547 754 1770 800 armatus
1826 755 1876 799 et

189 826 391 872 dimisso
430 826 616 872 tutiore
657 825 878 884 consilio,
917 824 1049 887 quod
1089 826 1308 872 amentia
1340 825 1645 886 confuderat,
1678 826 1878 874 ardente

187 900 353 960 patria
398 900 504 960 ipse
553 914 749 960 quoque
797 899 1028 947 ardebam
1069 900 1234 947 furore
1272 899 1514 959 bellandi,
1562 915 1715 961 usque
1755 899 1876 948 adeo

186 976 242 1019 ut
281 974 606 1034 glomeratam
645 973 891 1020 sociorum
930 988 1132 1020 manum
1173 988 1461 1034 quaererem
1506 973 1662 1033 bello,
1707 976 1787 1034 ut,
1834 976 1878 1021 si
1902 991 1946 1022 10

185 1047 290 1093 fieri
345 1047 609 1108 potuisset,
663 1047 744 1094 vel
798 1062 961 1094 arcem
1012 1049 1266 1094 tueremur
1313 1046 1374 1094 ab
1419 1047 1660 1096 hostibus.
1735 1048 1878 1107 furor

187 1123 355 1179 iraque
384 1124 586 1168 mentem
609 1122 962 1181 praecipitant:
993 1121 1269 1182 iracundia,
1301 1121 1481 1182 inquit,
1514 1123 1564 1168 et
1594 1122 1734 1169 furor
1766 1136 1875 1170 con·

186 1196 297 1243 31110
338 1194 645 1242 deficientem
684 1194 1098 1256 praecipitabant,
1131 1196 1223 1242 hoc
1262 1197 1338 1242 est
1375 1210 1473 1242 non
1513 1210 1610 1256 quo
1650 1194 1876 1243 volebam

183 1268 471 1329 inpellebar,
511 1269 597 1317 sed
638 1285 737 1330 quo
776 1269 929 1316 vellet
968 1270 1198 1316 amentia.
1276 1269 1369 1316 hoc
1405 1269 1515 1317 loco
1555 1269 1749 1332 egregie
1788 1285 1873 1331 po-

184 1344 284 1390 suit
335 1346 552 1390 mentem
602 1344 959 1404 praecipitant3
1022 1343 1259 1404 quicquid
1310 1342 1442 1389 enim
1487 1344 1876 1404 praecipitanter
1901 1359 1945 1392 15

182 1418 387 1480 urgetur
423 1418 611 1464 maiore
651 1417 702 1464 vi
742 1418 966 1465 coactum
1006 1433 1105 1464 non
1146 1433 1242 1478 quo
1282 1417 1511 1476 voluerit,
1551 1416 1637 1464 sed
1674 1417 1727 1463 in
1767 1433 1876 1464 eam

183 1493 377 1551 partem
410 1490 588 1537 cadit
575 1507 627 1536 111
660 1506 811 1552 quam
841 1490 1014 1538 ruinae
1047 1490 1240 1552 pondus
1276 1490 1549 1538 adduxerit.
1593 1491 1875 1550 pulchrum-

182 1579 271 1622 que
307 1566 433 1611 mori
470 1567 712 1612 succurrit
748 1566 802 1611 tn
841 1566 1017 1612 arnus:
1071 1565 1188 1626 quia
1227 1563 1466 1612 victoriae
1512 1563 1876 1625 conquirendae

180 1654 279 1686 non
317 1638 481 1686 fuerat
519 1653 646 1700 spes,
691 1654 792 1686 non
830 1640 887 1685 ut
925 1639 1174 1686 vincerem
1213 1637 1407 1686 ferebar
1447 1638 1500 1684 in
1538 1637 1740 1699 bellum,
1789 1639 1876 1686 sed

181 1715 401 1760 armatus
439 1713 579 1760 volui
616 1714 743 1760 mori
783 1715 834 1760 et
870 1713 1077 1760 interire
1115 1727 1227 1759 cum
1265 1713 1444 1774 patria.
1897 1728 1944 1760 20

293 1787 418 1834 Ecce
467 1790 629 1834 autem
675 1787 778 1833 telis
827 1787 1048 1834 Panthus
1100 1787 1294 1846 elapsus
1339 1784 1603 1842 Achivum,
1651 1786 1874 1834 Panthus

93 1861 179 1901 320
199 1858 479 1920 Othryadae,
513 1863 643 1908 arcis
681 1861 952 1920 Phoebique
988 1861 1228 1916 sacerdOS,
1261 1874 1406 1908 sacra
1442 1875 1596 1908 manu
1633 1862 1872 1920 victosque

180 1933 291 1981 deos
335 1948 645 1994 parvumque
696 1938 912 1994 nepotem
963 1936 1066 1994 ipse
1111 1935 1261 1982 trahit
1305 1948 1544 1994 cursuque
1589 1948 1756 1982 amens
1804 1935 1871 1982 ad

179 2007 353 2055 limina
397 2009 568 2056 tendit:
630 2024 744 2072 eg0,
796 2009 984 2070 inquit,
1039 2009 1204 2056 animo
1256 2007 1490 2056 ardebam
1535 2009 1593 2055 ut
1639 2007 1869 2055 adunatis
1979 2063 1981 2067 ¹

181 2096 330 2142 quam
368 2082 596 2144 plurimis
634 2082 716 2129 vel
754 2098 918 2130 arcem
956 2082 1281 2142 defenderem,
1321 2081 1407 2130 sed
1443 2083 1546 2129 iam
1577 2082 1730 2129 etiam
1758 2083 1870 2143 ipsa
1892 2097 1938 2130 85
1972 2080 1982 2118 >⁵

179 2155 343 2203 fuerat
381 2161 540 2217 capta.
604 2155 815 2218 denique
850 2155 1088 2217 Panthus,
1129 2155 1255 2204 arcis
1295 2155 1515 2203 eiusdem
1555 2155 1780 2204 sacerdos
1819 2157 1869 2202 et
1975 2145 1981 2160 ²

178 2227 378 2289 Phoebi,
418 2229 660 2277 violentia
697 2230 813 2276 inde
851 2230 1060 2292 periculi
1097 2231 1372 2291 praesentis
1412 2229 1635 2278 exclusus
1665 2230 1866 2291 repente

181 2303 415 2363 apparuit
468 2305 539 2364 et,
593 2303 711 2351 licet
762 2303 876 2352 telis
929 2303 1194 2352 hostilibus
1253 2304 1430 2352 fuisset
1476 2303 1693 2364 elapsus,
1749 2301 1866 2364 quia

177 2377 348 2424 tantae
379 2376 476 2423 fuit
506 2377 710 2438 pietatis
744 2393 801 2425 ac
829 2377 1100 2441 religionis,
1126 2376 1280 2425 officii
1311 2378 1389 2424 sui
1421 2377 1572 2426 etiam
1602 2378 1656 2424 in
1686 2376 1864 2424 ultimo

177 2449 459 2498 discrimine
496 2466 596 2498 non
636 2452 711 2498 est
747 2451 990 2499 inmemor
1026 2451 1212 2512 factus3
1266 2466 1383 2498 nam
1421 2466 1587 2499 secum
1633 2453 1866 2498 avexerat
1886 2466 1935 2499 ao

178 2523 344 2570 omnia
383 2539 508 2584 quae
547 2525 600 2571 in
638 2524 728 2571 illa
768 2539 880 2573 arce
911 2525 1213 2573 colebantur.
1275 2525 1511 2587 portabat
1542 2525 1727 2586 quippe
1762 2525 1864 2572 suis

295 2682 321 2722 3
352 2683 443 2723 stat
473 2678 560 2722 LR
591 2692 703 2723 corr.
736 2678 772 2722 L
803 2679 846 2722 11
875 2693 998 2723 man.
1031 2695 1066 2723 r.
1197 2685 1223 2724 6
1256 2680 1358 2724 licet
1386 2679 1473 2723 LR
1503 2679 1670 2723 scilicet
1700 2678 1770 2722 ed.

178 2742 201 2780 7
234 2738 501 2782 accenderat
530 2737 618 2781 LR
649 2738 857 2795 corrupit
888 2739 996 2782 edF.
1114 2743 1167 2783 11
1200 2739 1268 2784 vel
1298 2752 1445 2783 arcem
1474 2737 1562 2781 LR
1593 2751 1742 2782 arcem
1769 2737 1861 2781 sal·

174 2801 261 2841 tem
292 2796 363 2840 ed.
464 2801 518 2840 12
544 2797 825 2853 praecipitat
853 2796 890 2840 L
922 2811 1036 2841 corr.
1068 2798 1120 2841 in
1151 2802 1255 2842 -ant
1283 2796 1399 2854 ipse.
1501 2801 1555 2840 13
1587 2797 1861 2852 deficientem

174 2854 262 2898 LR
291 2856 522 2910 deficiente
550 2861 739 2900 mentem
770 2856 841 2900 ed.
951 2861 1004 2899 15
1031 2857 1311 2913 praecipitat
1339 2855 1394 2900 R.
1497 2860 1550 2900 16
1582 2857 1630 2900 vi
1659 2855 1861 2899 coactum

173 2911 262 2956 LR
291 2915 494 2971 impulsu
523 2914 594 2959 ed.
748 2919 805 2958 24
835 2914 1056 2960 adunatis
1084 2915 1172 2959 LR·
1209 2916 1402 2960 collectis
1431 2914 1502 2958 ed.
1656 2918 1710 2958 29
1742 2914 1864 2958 nihil

174 2973 283 3018 timo
312 2972 355 3016 R
384 2974 437 3017 in
465 2973 626 3018 ultimo
656 2988 680 3016 r
703 2995 757 3010 =
783 2973 833 3017 L.
957 2978 1012 3017 30
1043 2988 1169 3019 secus
1198 2974 1241 3017 R
1269 2987 1417 3020 seeum
1445 2987 1483 3018 r.
1810 2975 1814 2979 ’
1849 2988 1852 2990 ·
