2014 3226
160 179 269 230 472
630 177 861 220 DONATI
891 177 1171 220 INTERPR.
1205 178 1382 221 VERG.

165 323 304 378 atque
336 320 505 377 inacus
539 319 697 365 media
722 320 937 365 consistit
966 319 1176 365 harena:
1209 334 1316 365 0000
1350 320 1499 365 etiam
1532 319 1636 380 ipse
1666 321 1855 382 magni-

165 393 339 440 tudine
380 393 597 452 corporis
639 395 687 438 et
725 391 1056 438 membrorum
1098 392 1225 438 mole
1265 392 1511 439 laudatur.
1579 397 1681 440 tum
1720 397 1856 441 satus

74 475 161 513 425
179 467 399 513 Anchisa
454 469 638 512 caestus
684 469 829 524 pater
884 466 1051 512 extulit
1103 480 1279 525 aequos
1326 470 1368 513 et
1404 468 1616 525 paribus
1653 468 1856 526 palmas

165 543 418 588 amborum
456 541 678 587 iuueoeuit
716 541 891 586 armis:
947 539 1226 600 amborum,
1266 541 1454 601 inquit,
1494 542 1684 601 palmas
1723 543 1855 602 pari-

163 615 255 661 bus
306 615 455 660 armis
502 613 742 660 innexuit.
820 615 1014 674 patrem
1061 613 1185 660 dixit
1224 614 1427 660 Aenean
1467 616 1729 675 paternum
1768 615 1855 661 ha·
1901 630 1924 663 5
1988 639 1989 643 =

163 690 361 736 bentem
399 687 652 746 iudicium,
695 688 787 734 hoc
828 690 902 735 est
942 688 1147 748 aequale
1188 691 1238 734 et
1275 689 1478 735 iustum.
1558 691 1766 736 constitit
1801 691 1856 736 irc

164 765 335 821 (licitos
384 761 611 820 extemplo
659 765 875 808 arrectus
921 765 1118 820 uterque
1165 763 1481 820 bracchiaque
1536 763 1602 809 ad
1651 777 1857 822 superas

164 838 414 884 interritus
464 836 630 883 extulit
675 849 852 882 auras:
912 837 966 881 in
1013 835 1196 898 digitos
1242 838 1451 896 uterque
1508 839 1725 884 arrectus
1778 853 1857 883 ex-

164 911 350 970 templo
393 909 631 969 constitit,
670 909 762 956 hoc
803 912 878 956 est
916 925 1030 956 mox
1069 912 1126 955 ut
1166 925 1303 956 arma
1344 914 1661 972 sumpserunt
1699 911 1858 958 Dares

166 988 213 1032 et
245 983 486 1043 Entellus,
519 983 752 1031 continuo
785 985 838 1030 in
875 983 1057 1046 digitos
1099 985 1450 1031 constiterunt:
1491 986 1540 1031 et
1578 984 1631 1031 in
1672 984 1855 1047 digitos
1882 1001 1926 1033 10
1987 1000 1992 1060 3

138 1060 382 1107 arrectus
417 1059 466 1105 et
497 1057 755 1105 interritus
789 1057 853 1104 ad
883 1060 1148 1118 utrumque
1181 1059 1410 1119 pertinet.
1474 1057 1656 1106 idcirco
1691 1061 1858 1106 autem

163 1134 215 1179 in
256 1132 440 1194 digitos
481 1132 692 1194 erigitur
731 1131 978 1179 caestibus
1012 1134 1303 1191 certaturus,
1337 1133 1454 1194 quia
1485 1134 1626 1179 tanto
1658 1133 1858 1180 facilius

165 1209 213 1253 et
251 1206 430 1252 fortius
470 1207 687 1266 percutit
727 1207 916 1266 quanto
957 1207 1109 1252 fuerit
1149 1208 1367 1267 corporis
1407 1208 1704 1267 proceritate
1746 1207 1857 1254 sub-

163 1280 343 1327 limior.
421 1281 763 1341 pronuntiatio
813 1282 861 1327 et
906 1279 1188 1327 intellectus
1237 1280 1329 1328 loci
1387 1281 1534 1328 istius
1588 1281 1705 1328 talis
1761 1283 1857 1328 est:
1989 1293 1993 1342 1

164 1355 404 1414 constitit,
445 1356 494 1401 et
532 1353 758 1401 facienda
797 1356 871 1401 est
902 1369 1055 1413 mora,
1089 1354 1263 1401 dehinc
1296 1354 1557 1401 dicendum
1587 1354 1641 1401 in
1673 1354 1856 1417 digitos
1882 1369 1926 1402 15
1991 1346 1994 1379 ἶ

165 1431 381 1476 arrectus
430 1431 659 1488 uterque,
706 1428 758 1474 id
806 1430 880 1475 est
929 1430 977 1474 et
1022 1428 1109 1474 1110
1150 1431 1199 1475 et
1236 1428 1344 1488 ille,
1383 1428 1683 1490 brachiaque
1724 1431 1856 1476 uter·
1989 1390 1994 1479 1

165 1518 257 1564 que
296 1503 557 1549 interritus
596 1504 649 1548 in
691 1517 835 1549 auras
876 1517 1078 1564 superas
1118 1502 1318 1562 extulit,
1366 1505 1416 1549 et
1453 1502 1540 1549 ille
1581 1503 1769 1550 scilicet
1809 1505 1859 1550 et
1989 1481 1994 1579 ἶ

162 1578 260 1624 1110.
341 1576 584 1624 abduoeere
629 1579 755 1623 retro
803 1577 940 1637 louye
989 1578 1150 1635 capita
1199 1577 1362 1623 ardua
1401 1577 1462 1624 ab
1500 1579 1622 1624 ictu:
1678 1580 1727 1624 et
1764 1577 1858 1625 1100

163 1652 371 1711 uterque
427 1651 567 1710 fecit,
631 1650 877 1711 capitibus
934 1650 1066 1698 enim
1119 1652 1279 1714 magis
1340 1651 1588 1698 inminent
1651 1653 1858 1708 caestus,

163 1726 284 1772 haec
323 1723 544 1786 resupini
575 1724 891 1784 revocabant,
922 1726 980 1771 ut
1013 1726 1175 1772 essent
1206 1725 1352 1788 longe
1386 1724 1446 1771 ab
1477 1726 1581 1771 ictu
1614 1725 1856 1773 submota.
1881 1740 1927 1771 20

162 1801 505 1857 immiscentque
543 1813 722 1846 marius
760 1799 989 1846 manibus
1017 1813 1335 1859 puyuamque
1374 1799 1639 1846 lacessunt:
1678 1801 1727 1846 et
1765 1800 1858 1846 hoc

163 1875 382 1933 uterque.
445 1872 553 1919 fieri
593 1873 719 1920 solet
757 1873 892 1919 istud
931 1872 983 1919 in
1014 1873 1240 1934 ingressu
1273 1874 1572 1933 certaminis,
1603 1876 1662 1919 ut
1693 1875 1855 1934 primo
1943 1868 1951 1876 ¹

165 1949 308 2008 quasi
346 1942 481 2010 †per
519 1948 698 2006 ictum,
744 1947 991 2007 paulatim
1029 1949 1199 1993 tamen
1238 1946 1504 1994 commotio
1551 1948 1730 1994 mentis
1779 1961 1857 1993 ac-

165 2021 319 2068 cedat.
399 2022 442 2068 si
481 2022 612 2068 enim
651 2020 726 2067 ira
766 2022 980 2068 excitata
1019 2037 1108 2081 per
1145 2021 1500 2068 meditamenta
1546 2036 1646 2068 non
1691 2021 1856 2080 fuerit,

166 2097 386 2142 cessante
432 2095 674 2142 mentium
719 2097 860 2142 motu
908 2096 1191 2142 certaminis
1234 2094 1449 2156 impetus
1489 2095 1768 2157 languescit
1808 2095 1857 2142 et
1881 2110 1924 2143 25
1965 2102 1992 2144 ·“,

164 2171 342 2229 torpet.
422 2183 531 2216 0000
578 2168 699 2230 quid
745 2169 1055 2232 singulorum
1103 2171 1391 2230 separatum
1445 2169 1598 2216 fuerit
1652 2169 1856 2232 dicitur,

74 2247 162 2287 430
181 2243 460 2303 conpletum
509 2246 584 2290 est
631 2244 763 2289 enim
811 2242 943 2304 quod
989 2244 1197 2303 uterque
1245 2243 1478 2291 similiter
1515 2243 1720 2290 fecerat:
1775 2242 1858 2290 ille

155 2317 341 2376 pedum
404 2317 574 2363 melior
637 2322 770 2363 motu
833 2319 1079 2376 fretusque
1142 2319 1353 2364 iuventa.
1447 2317 1614 2363 Daren
1669 2317 1855 2364 dictum

165 2390 396 2438 debemus
451 2391 694 2451 accipere,
755 2391 874 2437 licet
928 2391 1058 2438 enim
1119 2406 1391 2452 pronomen
1452 2391 1696 2451 posuerit,
1757 2406 1855 2437 non
2005 2438 2007 2441 .

164 2479 356 2525 nomen,
388 2466 571 2524 tamen,
604 2465 723 2525 quia
763 2464 956 2511 addidit
994 2465 1248 2525 fretusque
1286 2464 1504 2525 iuventa,
1535 2465 1620 2512 ille
1659 2464 1854 2512 intelle·
1877 2479 1924 2512 30
1967 2472 1993 2489 “

164 2539 300 2602 gitur
347 2539 434 2598 qui
480 2552 630 2599 supra
674 2539 868 2586 iuvenis
909 2538 1069 2586 dictus
1111 2539 1195 2586 est.
1273 2539 1351 2586 hic
1388 2539 1614 2586 membris
1655 2541 1695 2586 et
1732 2539 1855 2586 mole
1966 2542 1974 2598 j
2007 2594 2009 2598 Α

163 2613 353 2667 valeus,
401 2611 455 2659 id
502 2614 577 2659 est
616 2611 884 2671 Entellus,
915 2613 1032 2674 quia
1081 2614 1267 2674 quanto
1315 2613 1516 2675 gravior
1554 2612 1651 2659 fuit
1691 2613 1854 2660 aetate
1959 2606 1993 2684 ’ξ-

285 2757 339 2796 16
370 2753 452 2796 hoc
474 2757 539 2797 est
561 2753 637 2796 ille
669 2752 739 2796 ed.
835 2756 890 2796 18
915 2754 1148 2798 adduxere
1171 2752 1258 2795 LR
1282 2753 1339 2796 cf.
1359 2758 1400 2806 4,
1419 2757 1504 2796 326
1530 2753 1757 2797 abduxere
1781 2752 1852 2796 ed.

165 2812 451 2856 assentiente
481 2811 674 2867 interpr.
782 2816 837 2855 22
869 2812 972 2866 fleri
1002 2817 1152 2856 autem
1182 2811 1224 2854 R
1255 2811 1337 2854 sed
1369 2817 1520 2856 autem
1550 2824 1652 2868 exp.
1677 2811 1791 2867 ipse.

165 2875 220 2914 23
246 2885 333 2927 per
362 2872 502 2915 ictum
532 2870 619 2912 LR
649 2870 720 2914 ed.
753 2871 1066 2925 periclitentur
1096 2871 1325 2927 suspicor,
1366 2871 1448 2915 sed
1487 2884 1670 2914 crucem
1709 2884 1855 2927 appo·
1947 2900 1950 2930 1

163 2943 272 2974 nere
303 2929 462 2973 malui.
601 2934 658 2973 24
687 2930 730 2973 si
760 2930 1027 2973 euim—26
1060 2935 1204 2986 torpet
1235 2943 1322 2973 om.
1349 2930 1421 2973 ed.
1551 2934 1607 2972 26
1639 2935 1782 2986 torpet
1812 2929 1878 2986 R,
1948 2973 1951 2980 ,

163 2994 301 3034 torret
330 2989 379 3032 L.
504 2992 558 3031 27
590 2989 799 3032 similiter
828 2988 864 3031 L
894 2989 1033 3033 simul
1062 2988 1116 3032 R.
1239 2993 1295 3032 28
1327 2989 1507 3033 Dareta
1542 2989 1613 3032 ed.
