2014 3226
204 181 312 233 346
671 179 903 223 DONATI
933 179 1212 222 INTERPR.
1246 179 1425 224 VERG.

194 323 401 381 plzemus
454 323 508 368 in
562 323 702 367 antro
755 320 1003 379 laniyeras
1057 319 1241 367 claudit
1283 321 1493 378 pecudes
1548 324 1688 381 atque
1740 321 1892 368 ubera

195 398 410 455 pressat,
467 397 653 442 centurn
699 394 786 441 alil
831 408 982 440 curva
1026 394 1142 442 haec
1185 394 1406 441 habitant
1450 394 1516 441 ad
1562 395 1705 442 litora
1749 394 1892 454 vulyo
1972 413 1981 451 3

202 469 400 527 infandi
444 467 667 528 Cyclopes
708 471 750 514 et
788 468 899 514 altis
937 468 1177 515 montibus
1218 471 1395 515 errant.
1455 467 1596 515 duxit
1627 484 1656 515 a
1687 484 1890 517 numero
1972 453 1980 484 '

202 544 441 590 maiorem
487 544 695 602 metum;
759 542 947 602 quanta
993 542 1124 588 enim
1169 542 1390 589 facerent
1427 544 1646 602 centum,
1695 542 1890 603 quando
1976 541 1979 570 ἶ

203 631 329 662 unus
377 617 428 661 in
482 615 690 663 Graecos
741 617 884 662 tanta
935 613 1281 663 commiserat?
1359 631 1476 662 nam
1526 616 1687 678 qualis
1737 631 1890 677 quan·
1936 604 1989 668 5(

201 693 400 750 tusque:
450 689 611 750 qualis
660 690 876 750 pertinet
923 688 987 736 ad
1035 689 1285 736 feritatem
1334 689 1507 750 animi,
1559 692 1773 750 quantus
1829 689 1891 738 ad

200 763 594 826 magnitudinem
634 763 870 824 corporis,
908 765 966 810 ut
1005 779 1062 810 ex
1099 779 1198 810 uno
1239 779 1386 825 quem
1424 765 1525 810 iam
1564 764 1892 824 descripserat
1988 814 1990 820 ,

201 837 572 900 intellegeretur
602 837 719 884 talis
751 852 855 884 esse
889 839 1089 885 ceteros.
1156 839 1458 898 quapropter
1488 837 1891 898 prospiciendum
1987 827 1992 906 ξ

202 914 363 970 caute,
411 927 493 971 ne,
542 927 650 958 cum
701 909 879 958 Graeci
926 912 1127 972 accepto
1177 926 1378 958 suorum
1425 912 1561 958 luctu
1609 911 1691 959 vix
1737 928 1891 959 unum
1987 916 1993 984 3¹

201 986 492 1044 evasissent,
543 984 787 1032 accideret
827 985 1054 1032 Troianis
1094 984 1383 1033 inevitabile
1421 985 1631 1045 malum,
1671 986 1715 1033 si
1752 987 1887 1033 veni·
1914 989 1994 1070 ¹⁰l

110 1062 196 1102 645
213 1061 323 1106 rent
385 1074 551 1107 omnes
615 1061 703 1106 aut
755 1059 975 1120 plurimi.
1052 1061 1194 1106 tertia
1246 1060 1349 1106 iam
1402 1059 1550 1107 lusnae
1602 1074 1652 1107 se
1706 1074 1891 1107 cornua

198 1134 380 1181 lumine
418 1134 650 1193 conplent,
689 1148 798 1180 curn
835 1135 987 1180 vilain
1024 1135 1080 1180 in
1109 1133 1262 1189 silvis,
1293 1135 1420 1181 inter
1449 1134 1638 1181 deserta
1667 1135 1890 1194 ferarum

198 1208 354 1255 lustra
390 1208 652 1267 domusque
682 1208 820 1255 traho
850 1210 1103 1267 vastosque
1134 1207 1195 1255 ab
1227 1222 1349 1267 rupe
1384 1206 1618 1268 Cyclopas
1639 1209 1888 1267 prospicio

196 1283 499 1341 sonitumque
527 1282 714 1341 pedum
751 1295 1003 1341 vocemque
1041 1283 1284 1329 tremisco:
1338 1282 1641 1329 constitutus
1680 1282 1734 1329 in
1773 1281 1887 1329 soli—

198 1355 368 1402 tudine
407 1357 538 1403 inter
577 1355 771 1403 deserta
809 1356 1027 1402 ferarum
1065 1355 1251 1402 cubilia
1287 1370 1342 1402 ac
1375 1355 1560 1416 domos,
1593 1371 1704 1403 cum
1734 1357 1887 1403 ratio-
1913 1371 1956 1404 15
1984 1368 1993 1422 ,ᾗ

197 1445 310 1476 nem
349 1429 540 1477 dierum
578 1430 657 1477 vel
687 1430 931 1477 mensium
961 1444 1104 1477 nosse
1136 1430 1401 1490 nequisset,
1432 1429 1720 1490 possibilem
1753 1430 1889 1476 exilii
1990 1426 1993 1443 ¹

196 1505 276 1551 sui
304 1505 560 1566 praestitit
590 1503 849 1551 rationem.
904 1506 1019 1564 tres,
1051 1505 1232 1564 inquit,
1263 1503 1413 1551 lunae
1443 1506 1725 1552 transactae
1759 1506 1887 1563 sunt,

196 1594 254 1624 ex
302 1593 398 1639 quo
446 1579 500 1625 in
545 1578 621 1625 his
678 1578 904 1626 demoror
956 1578 1116 1625 terris.
1193 1578 1361 1639 potuit
1415 1579 1587 1638 quaeri
1642 1577 1887 1639 quomodo

199 1650 439 1713 Cyclopas
480 1653 735 1700 evasisset:
773 1653 906 1699 inter
943 1652 1116 1712 lustra,
1147 1652 1328 1713 inquit,
1367 1651 1586 1699 ferarum
1625 1654 1674 1699 et
1714 1651 1886 1700 domus

194 1726 324 1773 latui
367 1725 655 1787 periculose.
734 1726 954 1773 consulte
1001 1726 1140 1786 fecit3
1196 1725 1393 1787 quando
1441 1727 1572 1772 enim
1611 1727 1888 1774 occurreret
1911 1741 1990 1783 20,

195 1801 388 1848 occasio
429 1800 544 1859 alia,
585 1799 782 1862 quando
821 1816 910 1862 per
947 1800 1040 1847 tris
1078 1800 1259 1847 mensis
1299 1799 1406 1847 sola
1438 1800 1765 1847 Troianorum
1799 1815 1885 1862 po-

195 1874 294 1921 tuit
331 1873 571 1935 reperiri?
646 1875 807 1922 lustra
845 1876 962 1922 sunt
1001 1889 1126 1936 quae
1165 1874 1358 1922 faciunt
1395 1874 1529 1922 ferae
1566 1874 1699 1922 inter
1733 1875 1886 1921 sentis

197 1948 246 1994 et
289 1948 396 1995 illic
443 1948 647 2008 cubant,
694 1948 866 1996 domus
913 1964 1029 1995 vero
1069 1963 1193 2009 quas
1231 1947 1485 1996 infodiunt
1523 1947 1689 1996 altius.
1765 1947 1886 1995 item

198 2023 369 2082 quaeri
414 2022 580 2083 potuit
625 2022 753 2070 unde
791 2023 904 2070 illos
951 2023 1119 2070 nosset
1165 2037 1267 2070 esse
1316 2037 1466 2083 quam
1507 2021 1770 2083 plurimos:
1825 2021 1884 2068 de

195 2111 339 2156 rupe,
387 2097 480 2156 ait,
528 2111 610 2144 eos
655 2096 774 2143 vidi.
851 2097 974 2144 item
1018 2095 1178 2144 tribus
1223 2095 1474 2144 mensibus
1520 2095 1649 2144 unde
1695 2097 1884 2143 victum
1908 2111 1951 2144 25
1987 2152 1989 2154 ,

194 2168 449 2218 habuisset
501 2169 766 2230 indicavit,
821 2170 940 2231 quia
985 2171 1036 2217 et
1080 2169 1171 2218 hoc
1221 2171 1390 2232 potuit
1444 2170 1638 2231 quaeri,
1691 2171 1884 2226 victum,

103 2245 193 2286 650
209 2244 395 2304 inquit,
433 2245 697 2304 infelicem,
737 2245 908 2292 baccas
947 2244 1265 2304 lapidosaque
1303 2258 1454 2292 corna
1492 2244 1614 2292 dant
1649 2245 1803 2299 rami,
1843 2247 1886 2292 et

195 2317 348 2365 vulsis
383 2321 599 2377 pascwnt
642 2318 893 2366 radicibus
933 2318 1120 2366 herbae.
1199 2317 1424 2366 omnibus
1462 2317 1718 2379 respondit
1755 2333 1882 2379 quae

196 2390 241 2438 ei
287 2390 548 2439 constabat
593 2407 697 2439 esse
742 2393 999 2454 proposita
1045 2394 1094 2440 et
1143 2407 1268 2452 quae
1317 2391 1634 2454 sequentibus
1671 2393 1881 2440 interro-

194 2464 478 2527 gationibus
511 2465 684 2527 quaeri
714 2467 1006 2527 potuerunt3
1038 2465 1226 2514 dictum
1258 2467 1333 2514 est
1363 2465 1495 2514 enim
1524 2466 1644 2527 „qui
1675 2467 1740 2514 sit
1771 2466 1880 2527 fari,
1905 2479 1949 2514 ³0
1981 2503 1986 2506 ⁴
1998 2509 2002 2535 ἲ

195 2554 292 2600 quo
339 2540 576 2602 sanguine
623 2542 808 2602 cretus,
856 2555 982 2602 quae
1029 2539 1203 2588 deinde
1243 2541 1402 2602 agitet
1439 2538 1683 2588 fortuna“.
1760 2539 1884 2587 dicit

193 2627 324 2660 nunc
387 2628 483 2674 quo
545 2613 751 2661 consilio
806 2614 1104 2675 emersisset,
1166 2615 1224 2662 ut
1278 2612 1494 2662 Graecus
1548 2629 1597 2662 se
1653 2613 1881 2662 Troianis

312 2758 338 2797 3
370 2758 504 2809 atque
534 2759 576 2798 et
606 2752 692 2796 LR
729 2758 771 2798 et
799 2767 883 2797 nos
923 2759 1056 2810 atque
1087 2754 1158 2798 ed.
1280 2759 1308 2797 4
1339 2754 1382 2798 ei
1410 2753 1453 2796 R
1490 2754 1611 2797 enim
1641 2768 1666 2797 r
1689 2776 1745 2791 =
1769 2753 1820 2798 L.

191 2817 219 2856 9
250 2814 410 2871 yraeyi
431 2812 466 2855 L
490 2813 616 2871 qreqi
638 2811 680 2855 R
702 2826 802 2869 reye
822 2827 859 2857 r.
889 2815 895 2869 Ι
921 2827 1067 2857 unum
1089 2813 1176 2857 LR
1198 2827 1292 2858 uno
1314 2813 1534 2858 incolwmi
1556 2812 1628 2856 ed.
1721 2817 1776 2856 13
1801 2813 1878 2857 do·

189 2885 370 2928 mosque
401 2872 471 2916 ed.
566 2875 622 2915 14
647 2872 808 2928 pedem
837 2871 925 2915 LR
955 2886 1069 2916 corr.
1094 2887 1130 2917 r.
1223 2876 1279 2916 20
1309 2872 1508 2917 consulte
1525 2897 1581 2904 -
1600 2876 1655 2915 22
1687 2873 1881 2928 reperiri

191 2944 286 2974 non
317 2944 401 2975 suo
431 2930 534 2975 loco
565 2929 772 2988 positum
802 2930 1009 2984 videtur,
1047 2931 1172 2975 infra¹
1202 2933 1311 2988 post
1340 2931 1544 2976 hostibus
1570 2931 1668 2975 suis
1703 2931 1878 2988 rectius

191 3003 241 3033 se
272 2989 480 3034 haberet.
603 2994 660 3033 30
692 2989 773 3046 qui
802 2989 889 3033 LR·
919 2991 1032 3046 quid
1062 2991 1133 3034 ed.
1257 2994 1311 3034 31
1345 2991 1467 3048 ayiet
1494 2989 1582 3033 LR
1613 3003 1726 3034 corr.
1758 3004 1793 3035 r.
