2014 3226
786 156 1088 200 AENEIDOS
1120 156 1163 199 11
1727 157 1830 208 183

137 299 246 347 illos
275 299 554 358 patefactus
594 297 660 343 ad
699 311 852 344 auras
891 298 1051 344 reddit
1088 311 1260 355 equus:
1315 296 1418 358 hos,
1458 297 1638 357 inquit,
1680 298 1917 344 3111162150

139 372 355 420 reddidit
393 386 548 432 equus
583 385 704 432 quos
736 370 938 417 tenebat
969 371 1198 418 inclusos.
1262 370 1390 418 bono
1422 371 1573 418 verbo
1605 385 1721 418 usus
1756 373 1830 418 est

140 445 322 494 reddit:
363 460 502 506 quos,
539 444 717 506 inquit,
756 444 960 491 latebris
1001 444 1317 492 occultandos
1358 447 1618 506 acceperat
1663 444 1829 492 reddit

139 521 262 579 aeri3
301 535 399 566 non
431 518 597 579 potuit
628 518 727 564 (1161
756 517 920 565 reddit
951 519 1054 565 luci
1086 518 1287 566 eductos
1321 535 1378 566 ex
1411 518 1641 578 tenebris,
1674 534 1829 580 quon-

92 596 236 643 siam
283 609 378 640 11οΧ
425 593 601 639 fuerat.
680 593 882 652 laetique
929 606 1045 639 cavo
1092 607 1142 640 se
1188 593 1356 639 robore
1392 596 1652 652 promwnt:
1706 593 1830 640 laeti

138 668 215 714 vel
253 669 455 728 propter
494 666 919 713 conservationem
953 666 1130 713 salutis
1164 681 1281 713 suae
1322 667 1401 713 vel
1441 668 1559 727 quia
1591 682 1827 727 provene-

134 743 250 788 rant
298 756 422 801 quae
471 740 782 801 desperatam
829 740 987 786 multo
1035 742 1257 801 tempore
1297 741 1561 788 victoriam
1601 740 1828 802 conplere

135 815 425 876 potuissent.
488 815 736 875 incipiunt
766 815 1050 861 enumerari
1082 816 1168 875 qui
1199 814 1397 861 fuerant
1429 814 1598 875 clausi,
1631 816 1689 861 ut
1720 829 1826 875 spe-

136 889 328 936 cialiter
375 903 543 936 eorum
590 887 871 936 nominibus
920 890 969 935 et
1015 889 1206 936 meritis
1256 888 1496 949 expressis
1537 888 1828 936 ostendatur

68 980 111 1012 10
133 965 186 1009 in
232 977 381 1010 causa
426 962 729 1023 reipublicae
774 961 865 1010 hoc
914 963 988 1009 est
1041 962 1230 1022 publici
1284 962 1531 1010 commodi
1584 963 1829 1023 optimum

137 1052 379 1098 quemque
427 1036 639 1083 salutem
685 1051 827 1083 suam
866 1035 1040 1084 debere
1081 1038 1414 1083 contemnere:
1472 1037 1828 1092 Thessandrus,

132 1111 318 1172 inquit,
355 1109 697 1170 Sthenelusque
743 1110 886 1157 duces
934 1113 976 1158 et
1014 1111 1154 1157 dirus
1203 1110 1383 1158 Ulsiaees.
1463 1125 1572 1158 ecce
1612 1109 1829 1158 ostendit

133 1186 184 1231 et
220 1185 423 1231 nomina
462 1186 511 1232 et
543 1183 830 1246 dignitates,
863 1183 948 1231 sed
978 1184 1099 1232 116613
1128 1183 1289 1232 Ulixis
1322 1200 1422 1232 non
1454 1184 1635 1231 dixerit
1667 1184 1827 1247 digni-

133 1260 303 1321 tatem,
335 1258 646 1321 intellegitur
675 1261 844 1305 tamen
877 1259 1029 1305 etiam
1063 1258 1122 1305 de
1154 1257 1263 1319 ipso
1297 1258 1490 1306 dixisse.
1549 1273 1663 1305 cum
1695 1259 1829 1306 6111111

68 1349 109 1382 15
135 1333 256 1379 dicit
309 1331 455 1379 duces
510 1334 560 1379 et
605 1333 667 1379 iis
714 1332 894 1380 Ulixen
942 1332 1193 1395 adiungit,
1248 1333 1402 1379 etiam
1451 1332 1617 1393 ipsum
1662 1334 1830 1393 potest

133 1406 291 1453 videri
345 1405 519 1454 ducem
563 1406 800 1468 posuisse.
878 1408 1045 1468 potest
1091 1406 1245 1454 etiam
1291 1407 1382 1467 sic,
1429 1409 1486 1454 ut
1531 1406 1715 1455 idcirco
1768 1406 1827 1454 de

133 1479 292 1528 Ulixis
355 1479 601 1543 dignitate
663 1481 898 1542 tacuerit,
963 1482 1200 1542 quoniam
1260 1480 1361 1528 fuit
1420 1483 1541 1528 nota
1602 1496 1825 1542 persona.

131 1554 290 1602 tribus
338 1555 592 1602 evidenter
638 1556 871 1617 ostensis,
917 1571 979 1602 ne
1004 1602 1005 1605 ,
1027 1554 1336 1602 continuatio
1383 1555 1642 1603 nominum
1688 1555 1827 1602 fasti-

134 1628 270 1676 dium
301 1629 500 1689 faceret,
535 1628 950 1690 quemadmodum
980 1629 1202 1677 universi
1233 1644 1322 1690 per
1353 1630 1470 1690 equi
1509 1628 1827 1676 altitudinem

65 1719 109 1752 20
133 1701 471 1751 descenderint
503 1703 567 1750 ad
598 1705 784 1750 terram
814 1704 868 1753 in
898 1703 1060 1750 medio
1093 1703 1274 1765 posuit.
1337 1703 1616 1759 demissum,
1647 1702 1827 1765 inquit,

130 1777 258 1836 lapsi
294 1791 389 1836 per
425 1778 620 1836 funem:
674 1777 795 1825 haec
834 1777 1101 1839 descriptio
1138 1779 1188 1824 et
1227 1776 1291 1824 ad
1330 1777 1585 1838 superiora
1623 1778 1827 1825 nomina

130 1851 345 1911 pertinet
376 1853 425 1898 et
457 1850 520 1898 ad
544 1866 602 1899 ea
627 1867 753 1913 quae
776 1852 1022 1912 posterius
1047 1852 1230 1912 posuit.
1281 1848 1615 1910 Athamasque
1642 1851 1827 1899 Thoas-

130 1939 219 1984 que
255 1925 536 1985 Pelidesque
574 1925 912 1985 Neoptolemus
950 1927 1240 1986 primusque
1278 1925 1530 1973 Machaon
1577 1929 1620 1972 et
1655 1926 1824 1973 Mene-

130 1998 240 2046 laus
280 2002 321 2046 et
358 2001 462 2059 ipse
500 1999 599 2047 doli
636 2000 906 2060 fabricator
943 2000 1138 2059 Epeus:
1193 1998 1297 2047 doli
1334 1998 1687 2047 fabricatorem
1725 2015 1826 2047 non

63 2088 108 2122 25
130 2072 326 2120 fabrum
362 2073 652 2136 intellegere
692 2073 941 2135 debemus,
981 2074 1216 2135 quoniam
1255 2074 1400 2121 tanta
1437 2073 1592 2121 moles
1633 2073 1694 2121 ab
1726 2089 1825 2121 11110

130 2145 236 2194 fieri
273 2162 372 2194 non
409 2149 590 2208 potuit,
622 2147 708 2196 sed
745 2148 1057 2196 inventorem
1094 2147 1286 2195 fraudis
1317 2147 1488 2209 ipsius.
1553 2162 1736 2208 omnes,
1768 2149 1826 2195 ut

131 2218 318 2287 dictum
357 2224 445 2283 est,
477 2221 747 2270 demissum
783 2222 915 2283 lapsi
952 2237 1041 2284 per
1079 2222 1262 2270 funem.
1326 2220 1461 2284 quod
1498 2222 1663 2283 ipsum
1702 2222 1825 2270 satis

129 2294 440 2356 ingeniosum
486 2296 605 2356 fuit,
659 2298 718 2342 ut
762 2296 908 2344 taciti
952 2311 1043 2357 per
1086 2295 1255 2343 funem
1300 2295 1608 2356 laberentur,
1656 2311 1719 2343 ne
1765 2311 1824 2344 ex

132 2367 394 2416 altitudine
441 2370 574 2418 saltu
619 2370 872 2418 venientes
918 2370 971 2416 in
1017 2372 1204 2418 terram
1251 2371 1338 2417 aut
1383 2368 1698 2418 laederentur
1736 2371 1825 2416 aut

64 2442 342 2508 :zo'strepitu
387 2458 475 2491 suo
525 2443 814 2492 dormientis
861 2445 1083 2492 facerent
1121 2443 1340 2494 excitari.
1419 2443 1631 2505 denique
1671 2444 1824 2491 etiam

130 2514 222 2563 1106
265 2517 476 2580 profecit
523 2517 586 2565 ad
631 2518 859 2566 effectum
898 2517 1105 2578 fraudis,
1143 2533 1299 2580 usque
1339 2517 1463 2565 adeo
1503 2520 1560 2565 ut
1597 2532 1687 2565 nec
1724 2518 1824 2578 ipsi

131 2589 306 2653 vigiles
367 2593 583 2640 armatos
645 2591 810 2640 subito
874 2593 1129 2640 emersisse
1191 2591 1472 2642 sensissent.
1564 2590 1809 2639 invadwnt
1824 2595 1910 2635 265

46 2783 53 2786 ,
250 2735 272 2774 1
307 2732 405 2775 aeri
435 2745 518 2788 pro
550 2733 682 2777 auris
713 2732 784 2776 ed.
818 2734 938 2789 post.
1062 2736 1177 2776 6-7
1204 2737 1508 2788 pervenerant
1539 2744 1627 2788 quo
1659 2731 1729 2774 ed.

54 2827 61 2836 .
130 2790 157 2830 8
188 2789 352 2845 incipit
380 2805 506 2836 nune
536 2805 799 2837 enumerare
828 2789 880 2836 r'.
1013 2797 1067 2836 11
1098 2792 1372 2839 ,thesandrus
1401 2790 1452 2835 L.
1585 2794 1638 2834 12
1670 2791 1823 2846 inquit

46 2857 54 2865 ·
130 2859 218 2892 om.
251 2848 322 2892 ed.
453 2855 508 2894 15
539 2851 600 2895 iis
630 2850 718 2895 LR
747 2851 820 2895 his
851 2850 922 2895 ed.
1047 2854 1102 2894 19
1133 2852 1302 2906 faceret
1331 2849 1419 2893 LR
1442 2854 1627 2906 pareret
1657 2848 1728 2893 ed.

41 2927 58 2962 ,ε
130 2909 187 2949 22
217 2907 514 2965 achamasque
540 2909 580 2952 'L
591 2909 644 2953 R.
753 2914 809 2952 23
839 2910 1207 2969 ‘neptulemusq'ue
1237 2909 1336 2954 LR.
1442 2913 1499 2952 24
1530 2909 1689 2964 ipheus
1719 2907 1819 2951 LR.

45 3016 62 3040 ³
220 2969 276 3008 27
306 2969 420 3012 satis
450 2981 538 3012 om.
565 2968 636 3012 ed.
1126 2976 1130 2979 ’
