2014 3226
749 160 1049 204 AENEIDOS
1083 161 1101 203 I
1704 162 1770 213 19

83 304 290 364 paratio,
315 304 384 359 ut,
408 302 452 348 si
483 301 647 362 plures
680 316 777 350 non
811 302 978 363 potuit
1009 302 1301 362 opprimere,
1334 301 1413 348 vel
1444 302 1587 348 iuxta
1619 318 1771 348 unum

84 377 325 423 obtineret
348 375 563 422 Aenean.
621 374 807 422 sciebat
839 375 970 422 enim
1000 376 1146 437 stirpi
1171 376 1275 423 eius
1301 373 1467 422 deberi
1491 374 1770 422 Romanum

82 451 340 512 imperium
391 451 440 496 et
480 447 796 512 Carthaginis
845 450 1159 497 eversionem.
1239 450 1415 508 quippe
1453 452 1583 496 ‘octor
1627 450 1772 508 fatis:

81 525 216 571 venit
254 523 316 570 ad
356 522 759 583 conparationem
800 538 941 570 suam
981 525 1031 571 et
1068 523 1334 570 Minervae.
1414 524 1456 570 si
1495 524 1625 570 enim
1663 523 1771 570 fata

25 617 59 650 ,5
80 595 399 660 inpediebant
445 612 505 644 ne
553 595 798 644 obtineret
844 597 990 658 Iuno,
1038 612 1128 644 nec
1174 596 1448 656 Minervae,
1498 612 1626 658 quae
1672 597 1772 644 fuit

81 672 296 731 inferior,
334 670 558 732 permitti
598 670 769 718 debuit
807 674 863 718 ut
903 670 1035 732 quod
1074 670 1225 718 vellet
1264 670 1492 718 efficeret.
1551 669 1622 719 sic
1653 686 1770 734 ergo

82 745 205 793 dixit
250 745 501 802 Pallasne,
560 761 685 806 quae
739 760 838 792 non
893 746 1022 792 esset
1072 746 1203 792 tanti
1249 746 1420 792 meriti
1464 759 1552 792 nec
1599 747 1770 792 tantae

82 821 353 881 potestatis,
395 833 594 866 eaeurcrc
633 820 834 867 classem
866 818 1107 879 Arqivum
1138 822 1281 878 alque
1310 821 1444 878 ipsos
1466 821 1629 879 potuit
1657 820 1769 866 sub-

81 907 286 953 mcrycre
324 894 509 952 poulo?
585 893 707 941 haec
754 896 828 941 est
867 894 1156 955 conparatio
1195 908 1470 954 poenarum
1510 895 1560 940 et
1605 908 1769 955 perso-

21 987 59 1020 ιο
80 983 274 1015 narum:
336 966 561 1015 Minerva
609 967 776 1028 potuit
823 970 872 1014 et
917 968 1060 1015 navis
1108 965 1407 1015 Graecorum
1461 970 1510 1014 et
1557 965 1769 1015 Graecos

79 1043 211 1103 ipsos
251 1056 474 1102 exurere,
523 1057 613 1104 ego
653 1057 808 1088 unum
847 1057 937 1088 nec
977 1041 1198 1088 occidere
1236 1043 1380 1102 potui
1419 1057 1507 1088 nec
1547 1043 1771 1089 avertere

81 1115 140 1163 ab
179 1115 341 1162 Italia.
421 1131 620 1164 exurere
672 1115 784 1177 plus
834 1117 908 1163 est
948 1131 1098 1176 quam
1137 1131 1299 1176 urereg
1341 1130 1483 1162 urere
1525 1117 1600 1163 est
1639 1117 1771 1163 enim

78 1189 270 1238 laedere
309 1188 501 1250 aliquid
539 1188 765 1251 flammis,
799 1205 1001 1237 exurere
1041 1192 1208 1238 autem
1239 1191 1438 1251 penitus
1471 1188 1667 1237 abolere
1694 1190 1770 1236 in-

79 1263 263 1312 cendio.
330 1264 422 1311 hoc
454 1263 561 1311 loco
595 1266 645 1311 et
677 1265 812 1311 omni
837 1263 1092 1312 occasione
1118 1263 1378 1311 confirmat
1401 1265 1551 1326 poeta
1573 1263 1771 1312 Aeneae

26 1356 57 1391 ω
79 1339 223 1400 stirpi
247 1339 399 1386 fuisse
423 1337 674 1385 decretum
698 1338 962 1400 imperium
986 1337 1181 1398 Italiae,
1206 1353 1318 1385 eum
1350 1337 1410 1385 de
1442 1338 1547 1386 solo
1578 1337 1773 1385 inducit

78 1410 315 1460 Iunonem
361 1411 648 1473 loquentem
693 1414 876 1474 quippe
916 1414 1058 1460 vetor
1097 1413 1228 1460 fatis.
1307 1413 1447 1460 venit
1491 1427 1660 1460 rursus
1708 1411 1773 1458 ad

80 1487 482 1548 conparationem
508 1501 649 1534 suam
673 1489 722 1534 et
746 1487 1014 1548 Minervae,
1039 1487 1189 1534 simul
1213 1487 1367 1534 etiam
1391 1486 1522 1534 ultro
1554 1485 1652 1534 sibi
1684 1486 1768 1534 ob-

79 1562 228 1609 iectat
269 1559 400 1621 quod
438 1559 627 1608 sciebat
665 1559 794 1608 obici
831 1576 998 1622 posse:
1047 1560 1182 1622 quod
1220 1562 1296 1608 est
1333 1561 1387 1608 in
1427 1575 1576 1608 causa
1616 1559 1767 1607 arfifi-

81 1636 286 1695 ciosum‚
340 1636 397 1682 ut
448 1650 697 1696 proponas
751 1635 884 1683 ultro
942 1636 1090 1696 atque
1137 1634 1379 1683 dissolvas
1427 1634 1560 1696 quod
1604 1635 1773 1695 potuit

31 1726 60 1762 n
79 1708 349 1769 formidari,
374 1724 434 1756 ne
466 1710 794 1770 praeteritum
823 1709 905 1758 vel
935 1711 1066 1757 certe
1091 1724 1411 1771 suppressum
1434 1708 1632 1756 dicatur
1654 1725 1770 1770 pur-

80 1784 293 1846 gationis
334 1782 676 1844 desperatione
715 1783 996 1832 transitum.
1051 1782 1280 1831 Pallasne
1322 1798 1524 1830 exurere
1564 1783 1771 1830 classem

79 1858 320 1920 Argivum
345 1859 494 1918 atque
518 1858 652 1919 ipsos
677 1859 845 1919 potuit
868 1857 1181 1921 submergere
1205 1855 1394 1919 ponto?
1444 1858 1497 1904 in
1520 1858 1631 1918 ipsa
1656 1871 1770 1904 eon·

79 1931 336 1993 paratione
376 1932 643 1994 persistens
683 1932 845 1980 utitur
875 1934 1168 1994 argumento
1208 1947 1237 1978 a
1276 1930 1467 1979 minore
1499 1930 1563 1978 ad
1593 1931 1770 1980 maius.

79 2006 239 2052 minor
293 2006 424 2053 enim
479 2006 643 2054 fuerat
687 2005 914 2054 Minerva
969 2006 1132 2054 aetate
1180 2008 1231 2054 et
1275 2007 1547 2067 potestate,
1601 2006 1684 2052 cui
1727 2004 1773 2054 si

37 2094 62 2131 ε
82 2078 184 2127 fata
238 2081 511 2140 cesserunt,
564 2083 622 2127 ut
666 2081 721 2127 in
767 2095 849 2128 eos
897 2095 1020 2141 quos
1077 2079 1250 2128 oderat
1302 2094 1488 2141 poenas
1536 2081 1774 2139 exereret,

80 2153 236 2201 multo
281 2155 443 2216 magis
483 2155 648 2202 aetate
686 2153 1003 2214 praecedenti
1040 2154 1244 2214 Iunoni,
1284 2155 1443 2201 sorori
1482 2156 1530 2201 et
1570 2152 1772 2217 coniugi

81 2224 228 2287 Iovis,
265 2229 466 2291 reginae
505 2243 701 2289 quoque
741 2227 945 2276 deorum
984 2229 1219 2288 omnium,
1251 2227 1524 2276 debuerant
1561 2226 1773 2276 nocendi

82 2301 237 2349 sinere
284 2301 589 2350 facultatem.
658 2301 718 2350 fit
756 2303 1047 2364 conparatio
1088 2302 1189 2350 alia
1228 2317 1329 2363 qua
1368 2301 1495 2349 dixit
1531 2302 1682 2349 unius
1711 2302 1771 2349 ob

81 2388 256 2424 noxam
297 2379 339 2423 ct
375 2377 540 2435 furias
578 2374 750 2424 Aiacis
793 2375 891 2425 Oili
936 2377 1048 2437 ipsa
1092 2377 1230 2424 Iovis
1274 2377 1508 2436 rapidum
1552 2376 1771 2424 iaculata

41 2455 107 2514 qe
141 2449 349 2499 nubibus
386 2451 546 2510 iqucm
583 2451 861 2510 disiecitque
897 2453 1029 2499 rates
1067 2452 1320 2510 evertitque
1351 2464 1565 2509 aequora
1594 2451 1768 2503 ocutis,

45 2521 221 2607 {caum
266 2525 562 2584 expirantem
605 2525 843 2584 tramsfioeo
878 2526 1072 2584 pectore
1116 2526 1344 2583 flammas
1390 2524 1582 2572 turbine
1619 2525 1766 2571 corri-

73 2596 187 2656 puit
230 2598 517 2657 scopuloque
562 2599 726 2657 infixit
772 2602 934 2647 acuto:
994 2598 1086 2647 illa
1131 2601 1334 2660 propter
1379 2614 1532 2645 unum
1585 2597 1769 2645 multos

48 2609 72 2866 ι
198 2742 226 2781 4
255 2751 388 2783 suam
418 2738 505 2782 LR
534 2740 610 2784 sui
641 2738 750 2783 edF.
882 2743 997 2782 8-9
1030 2740 1276 2797 inmeryere
1306 2738 1394 2782 LR
1425 2740 1477 2782 at
1507 2737 1632 2782 infra
1659 2738 1764 2783 sub·

82 2809 284 2854 maere.
436 2802 463 2841 9
495 2803 537 2843 et
560 2811 862 2854 personarum
894 2812 982 2843 om.
1017 2797 1089 2843 ed.
1243 2803 1299 2842 14
1331 2803 1372 2843 et
1401 2797 1489 2841 LR.
1518 2811 1575 2842 ex
1604 2796 1678 2843 od.

49 2858 138 2929 ‘3⁶¹⁷
168 2869 300 2903 suam
329 2855 418 2900 LR
446 2858 522 2902 sui
553 2856 662 2902 edF.
793 2861 850 2901 20
879 2857 1133 2912 formidare
1164 2857 1236 2902 θᾱ.
1368 2860 1424 2900 25
1455 2861 1652 2902 exereret
1680 2855 1770 2899 LB.

48 2941 54 2975 1
82 2920 298 2960 uerteret
328 2915 399 2960 ed.
433 2915 491 2960 cf.
517 2920 618 2961 407.
647 2935 652 2940 ·
733 2919 788 2959 27
820 2916 1037 2962 debuerat
1066 2916 1138 2962 ed.
1255 2921 1311 2960 28
1344 2929 1480 2973 quam
1510 2915 1599 2959 LR.
1629 2929 1770 2973 quun

49 3002 75 3045 4
82 2972 154 3016 ed.
185 2987 276 3030 qua
305 2987 403 3019 nos.
526 2979 581 3018 29
617 2975 734 3020 Oilei
765 2975 835 3020 ed.

52 3042 80 3226 ᾗ
1355 3049 1412 3091 2,

1804 826 1860 864 40

1800 2529 1859 2568 45
