2014 3226
191 185 302 236 434
658 185 890 228 DONATI
920 185 1200 229 INTERPR.
1234 185 1411 230 VERG.

190 326 494 387 praedicitur
548 327 679 371 funis
734 326 902 372 futura
956 327 1234 386 temeritas,
1290 328 1426 374 cuius
1475 330 1740 389 angustum
1786 329 1882 376 iter

191 416 247 447 ac
301 400 568 461 pendulum
623 400 676 445 in
729 399 1008 460 periculum
1062 401 1221 462 magis
1278 416 1428 461 quam
1483 402 1657 449 salutis
1715 404 1880 449 tutum

192 476 603 534 securitatemque
651 473 890 520 devexum
937 475 1023 520 est.
1102 474 1289 520 omittit
1336 474 1456 521 haec
1502 476 1580 522 vir
1633 476 1774 523 fortis
1831 478 1881 523 et

191 548 438 611 egregius,
485 547 610 593 nihil
658 563 769 593 eum
815 548 958 594 iuvat
1003 547 1224 606 illorum,
1274 563 1400 608 quae
1441 549 1619 596 scimus
1659 549 1759 596 illis
1801 566 1879 596 ex-
2013 606 2014 609 Ἰ

189 622 341 668 hiberi
395 621 570 681 quibus
618 624 824 681 possunt
869 621 1065 681 placere
1114 636 1223 667 cum
1270 621 1407 668 fiunt.
1486 622 1667 670 idcirco
1713 625 1880 670 autem
1926 643 1946 677 5

188 698 348 757 primo
391 697 516 741 aeris
556 695 975 754 tranquillitatem
1015 695 1363 756 pronuntiavit
1403 711 1506 743 esse
1537 696 1879 757 necessariam,
1950 731 1958 738 -

190 769 321 830 quod
367 770 418 815 in
466 769 594 815 mari
631 768 891 816 habiturus
931 769 1108 816 navale
1149 771 1419 830 certamen,
1466 771 1523 817 ut
1563 770 1751 817 dictum
1791 773 1878 830 est,

187 843 493 904 placiditatis
551 842 721 889 debuit
772 842 953 890 habere
1008 843 1313 905 suffragium.
1391 844 1570 905 incipit
1619 845 1721 892 iam
1767 861 1878 906 pro-

188 919 313 964 ferre
369 917 694 963 certaminum
750 932 950 980 genera,
1006 916 1091 963 sed
1146 932 1255 963 cum
1308 917 1594 965 condicione
1639 919 1878 980 temporis
1956 980 1959 981 ⁷

185 993 390 1052 propter
438 991 565 1038 aeris
611 993 869 1039 incertum.
938 992 1130 1049 prima,
1170 990 1358 1052 inquit,
1398 993 1518 1039 citae
1560 992 1759 1039 Teucris
1788 1007 1878 1051 po·
1902 1014 1946 1047 10
2008 1041 2010 1059 s

184 1081 301 1112 uam
340 1067 605 1112 certamina
645 1064 826 1112 classis.
895 1065 1107 1112 secundo
1147 1067 1322 1124 quique
1343 1066 1528 1124 pedum
1560 1080 1708 1113 cursu
1737 1067 1876 1114 valet.
1939 1055 1944 1059 ⁹
2008 1062 2011 1075 ³

183 1140 332 1186 tertio
387 1141 431 1186 et
483 1140 566 1198 qui
619 1139 805 1186 viribus
859 1138 1041 1186 audax.
1121 1140 1298 1199 quarto
1354 1143 1441 1186 aut
1492 1140 1650 1187 iaculo
1703 1141 1880 1187 incedit

184 1214 352 1260 melior
390 1212 666 1271 levibusque
703 1214 903 1272 sayittis.
982 1214 1156 1274 quinto
1197 1227 1281 1260 seu
1321 1214 1467 1261 crudo
1505 1214 1617 1272 fidit
1651 1229 1877 1273 puyuam
1957 1223 1959 1226 '

183 1288 466 1334 committere
505 1290 678 1334 caestu.
743 1287 1041 1334 enumeratis
1082 1287 1478 1348 spectaculorum
1511 1287 1770 1350 generibus
1804 1289 1876 1335 ait

184 1362 339 1408 cuncti
378 1362 543 1408 adsint
578 1363 868 1421 meritaeque
907 1363 1146 1420 expectem
1175 1363 1404 1420 praemia
1432 1362 1660 1420 palmae:
1711 1361 1876 1409 adsint
1900 1382 1955 1416 15

185 1450 351 1482 omnes
394 1436 479 1496 qui
517 1434 638 1482 haec
679 1435 842 1483 subire
881 1435 1131 1483 voluerint
1170 1437 1424 1496 sperantes
1465 1435 1615 1499 digna
1650 1452 1740 1497 pro
1773 1436 1875 1484 suis
1948 1453 1951 1458 ·

180 1509 451 1557 Virtutibus
498 1510 723 1570 praemia
771 1511 821 1556 et
869 1508 1130 1570 probaturi
1174 1525 1346 1556 verum
1385 1509 1626 1556 iudicium
1664 1510 1875 1570 palmae.
1948 1560 1950 1565 ,

181 1585 439 1644 expectent
492 1585 658 1644 potest
715 1583 993 1646 significare
1057 1586 1276 1644 sperent,
1331 1585 1497 1644 potest
1553 1586 1602 1631 et
1657 1584 1872 1631 videant.

180 1671 260 1704 ore
305 1658 462 1714 favete
510 1672 671 1705 omues
720 1661 762 1704 et
808 1659 979 1717 einyite
1018 1661 1235 1717 tempora
1272 1671 1451 1705 ramis:
1505 1659 1558 1704 in
1597 1658 1750 1706 sacris
1791 1673 1873 1705 ore
1954 1695 1957 1713 ἶ
1994 1659 1997 1674 ²

180 1732 345 1779 favete
393 1731 646 1779 silentium
687 1731 995 1778 commodate
1037 1730 1304 1795 significat,
1344 1731 1424 1779 hic
1463 1747 1546 1781 ore
1585 1731 1748 1780 favete
1790 1747 1871 1779 ex·
1897 1750 1948 1784 20
1992 1743 1995 1774 Ι

182 1805 562 1853 clamationibus
601 1805 747 1853 laetis
787 1805 1010 1853 favorem
1050 1805 1370 1853 commodate.

290 1879 372 1927 Sic
401 1880 537 1938 fatus
567 1881 695 1928 velat
722 1883 945 1927 materna
976 1883 1190 1938 tempora
1219 1883 1399 1940 myrto:
1437 1881 1600 1941 myrto
1632 1881 1872 1940 materna,
1951 1895 1953 1897 ’
1986 1935 1990 1951 .

178 1969 278 2000 non
325 1955 516 2002 coronis
562 1953 845 2002 infamibus
922 1954 1007 2000 hoe
1045 1953 1284 2013 Helymus
1321 1955 1461 2013 facit,
1500 1954 1587 2001 hoe
1626 1954 1732 2001 aevi
1769 1968 1872 2000 ma·
1987 1956 1990 1964 '

179 2030 319 2074 turus
356 2026 574 2084 Acestes,
620 2029 705 2076 hoe
734 2042 865 2087 puer
902 2026 1176 2075 Ascanius:
1229 2043 1385 2088 usque
1425 2027 1547 2075 adeo
1586 2027 1872 2075 honestissi-

178 2117 317 2148 mum
363 2102 530 2149 fuerat
575 2102 786 2162 factum,
832 2103 890 2148 ut
932 2101 1171 2164 dignitati
1209 2101 1516 2165 singulorum
1557 2103 1606 2148 et
1644 2101 1870 2149 omnibus
1982 2116 1986 2155 ὲ

183 2173 430 2223 aetatibus
463 2177 759 2224 conveniret.
825 2176 946 2223 fecit
984 2175 1194 2236 denique
1226 2175 1434 2235 Aeneas,
1465 2176 1584 2222 fecit
1613 2174 1870 2237 Helymus,
1939 2230 1944 2234 .
1981 2162 1985 2181 ¹

180 2248 383 2296 Acestes
433 2265 628 2311 quoque
673 2251 898 2298 maturus
946 2250 1081 2298 senio
1129 2251 1180 2296 et
1226 2249 1392 2313 gravis
1438 2264 1535 2296 non
1582 2249 1758 2296 habuit
1794 2250 1868 2296 in·
1936 2296 1939 2305 ‚

179 2321 386 2386 dignum
428 2323 561 2384 quod
599 2323 838 2387 religione
877 2323 1046 2386 potius
1086 2339 1234 2385 quam
1275 2323 1470 2371 luxurie
1510 2323 1769 2371 constabat
1801 2323 1867 2370 ef·
1940 2364 1943 2365 γ
2012 2365 2014 2371 s

178 2396 379 2458 fectum,
403 2412 502 2444 11011
534 2397 786 2446 dubitavit
808 2397 1054 2446 Ascanius
1086 2397 1275 2444 imitari
1305 2398 1518 2445 maiores
1549 2412 1639 2445 nec
1669 2397 1871 2458 putavit
1947 2442 1950 2444 ,

299 2587 321 2625 1
357 2581 553 2626 edicitur
585 2581 655 2626 ed
809 2587 834 2625 2
867 2596 1013 2640 mayzs
1044 2582 1131 2625 LR
1162 2582 1234 2626 ed.
1266 2583 1386 2626 vitae
1416 2582 1524 2626 add
1547 2581 1585 2625 r'
1617 2581 1774 2626 nescio
1806 2594 1865 2624 311
1941 2560 1950 2566 ..

177 2643 314 2684 recte.
359 2641 366 2700 1
417 2646 511 2686 tota
541 2640 628 2684 LR
659 2645 807 2685 tutum
837 2654 922 2685 nos
955 2655 1044 2686 om.
1074 2641 1144 2685 ed.
1268 2645 1294 2684 3
1325 2642 1648 2697 securitateque
1678 2640 1720 2684 R
1751 2653 1865 2684 corr.
1936 2647 1954 2681 f

175 2715 198 2744 r
223 2723 277 2738 =
302 2700 338 2743 L
369 2701 654 2745 securitatem
686 2700 758 2744 ed.
877 2705 905 2743 4
935 2701 1101 2745 scimus
1132 2699 1218 2744 LR
1247 2701 1374 2746 scitis
1405 2701 1474 2744 ed.
1587 2705 1613 2743 ὅ
1644 2701 1763 2755 fiant
1792 2699 1863 2744 ed.

268 2763 323 2804 10
364 2773 510 2804 aerem
541 2759 613 2804 ed.
767 2762 819 2802 11
853 2758 1048 2804 seeundo
1066 2760 1270 2804 —tertio
1302 2761 1389 2803 etc.
1422 2759 1510 2802 LR
1546 2759 1746 2804 secunda
1777 2759 1862 2803 etc.

175 2818 246 2862 ed.
382 2823 436 2862 12
468 2818 635 2862 incidit
664 2817 750 2861 LR
782 2832 896 2862 corr.
927 2833 963 2863 r.
1095 2822 1149 2862 13
1183 2819 1402 2863 levibusve
1433 2818 1503 2862 ed..
1635 2821 1690 2861 20
1720 2818 1868 2872 favete

173 2877 260 2921 L'R
289 2878 324 2932 f.
358 2883 422 2922 est
452 2877 533 2921 edI
561 2877 716 2932 favere
746 2882 811 2921 est
841 2877 950 2921 edF.
1074 2882 1127 2921 21
1161 2878 1442 2922 commodare
1473 2877 1580 2922 edF.
1704 2881 1759 2920 23
1790 2876 1861 2920 he-
1919 2887 1938 2893 ·’

175 2937 304 2981 lenus
333 2935 420 2980 LR
451 2938 517 2993 (et
546 2935 700 2993 infra).
839 2941 895 2979 24
928 2942 1101 2982 aeaetes
1129 2936 1218 2980 LR
1249 2949 1363 2980 corr.
1395 2950 1430 2981 r.
1561 2939 1617 2980 28
1651 2935 1866 2980 luxuriae
1893 2964 1899 2966 -

173 2995 261 3039 LR
293 3008 406 3040 corr.
430 3009 454 3038 r
486 2995 677 3040 luxuria
709 2995 779 3039 ed.
1838 3009 1849 3016 ·
