2014 3226
783 155 1084 205 AENEIDOS
1118 157 1180 201 VI
1723 162 1832 213 565

142 295 340 342 vulnere
377 293 511 341 Dido
560 295 756 342 errabat
799 296 927 343 silva
973 299 1027 344 in
1072 313 1278 357 mayna:
1332 314 1522 357 recens,
1578 301 1695 360 quia
1737 318 1834 347 non

143 369 300 415 mult-o
343 371 456 414 ante
495 368 734 429 perierat,
783 372 832 416 et
872 386 1045 431 aspera
1091 374 1204 432 post
1251 387 1416 419 recens
1456 373 1663 431 vulnus3
1703 375 1836 421 infra

144 444 275 490 enim
322 441 542 489 dicturus
595 444 669 488 est
708 445 856 503 poeta
897 460 1004 490 eam
1045 460 1133 492 nec
1172 444 1338 492 videre
1378 446 1579 493 Aenean
1620 446 1833 494 voluisse

143 531 230 563 nec
271 532 382 563 cum
423 531 478 563 eo
518 515 699 563 habere
740 517 1071 578 conloquium.
1150 521 1434 578 aquositquc
1471 535 1566 579 per
1611 520 1835 567 ‘umbram

99 606 116 638 5
144 591 426 637 obscuram:
479 605 590 636 cum
638 587 760 637 dicit
810 590 1035 638 umbram
1083 591 1365 653 obscuram,
1420 592 1592 639 habuit
1642 593 1835 655 aliquid

143 663 366 722 luminis3
418 663 510 710 1100
550 665 626 710 est
673 663 804 710 enim
852 664 1108 712 obscurum
1162 667 1290 726 quod
1340 666 1568 714 ostendat
1616 667 1834 728 aliquam

143 738 324 798 lucem,
387 737 473 785 sed
528 739 577 784 et
630 739 846 784 maxima
910 741 1050 799 parte
1112 741 1291 787 mixtas
1353 740 1535 788 habeat
1595 740 1835 789 tenebras.

143 812 333 872 qualem
371 813 529 870 primo
569 812 655 872 qui
685 825 883 871 sumere
912 828 1071 859 mense
1105 817 1190 860 aut
1224 815 1343 861 ridet
1376 818 1461 861 aut
1497 815 1669 862 ridi-sse
1691 817 1839 874 putat

134 899 229 945 per
251 885 425 933 nubila
457 884 651 932 limam:
684 884 754 933 sic
778 885 987 947 parebat
1018 886 1147 934 Dido
1180 889 1229 933 in
1264 888 1352 934 illa
1386 887 1686 935 obscuritate
1718 903 1836 949 quo-

77 976 119 1008 10
143 959 288 1008 1110ᾶο
328 959 572 1020 incipiens
611 959 733 1006 luna
780 958 951 1007 nubilo
999 961 1134 1008 caelo
1176 961 1477 1022 conspicitur
1524 963 1723 1009 tantum
1762 963 1835 1009 in-

144 1035 293 1094 certa,
333 1036 390 1080 ut
418 1033 547 1081 hanc
578 1034 739 1081 visam
770 1049 870 1081 non
901 1034 1059 1096 possit
1094 1050 1197 1082 esse
1231 1034 1570 1083 certissimum.
1633 1037 1818 1083 de'misit
1832 1039 1919 1079 455

142 1108 375 1156 lacrimas
415 1107 639 1166 dulcique
686 1108 887 1167 adfatus
933 1122 1098 1156 amore
1145 1113 1236 1155 cst:
1285 1125 1397 1156 mox
1443 1111 1500 1156 ut
1547 1125 1653 1156 eam
1695 1108 1836 1170 vidit,

143 1180 332 1230 dimisit
356 1181 605 1242 lacrimas,
629 1182 722 1228 hoc
747 1183 821 1228 est
844 1198 945 1230 non
978 1183 1219 1245 cogitavit
1250 1181 1378 1229 fiere.
1434 1182 1519 1229 sed
1550 1198 1661 1230 mox
1693 1183 1837 1230 lacri-

142 1270 248 1303 mas
289 1254 442 1316 fudit3
482 1257 588 1317 ipse
629 1257 704 1303 est
743 1256 872 1302 enim
915 1255 1056 1303 dolor
1087 1271 1230 1303 verus
1264 1256 1349 1317 qui
1380 1256 1661 1317 repentinos
1693 1256 1836 1304 fletus

75 1347 118 1379 15
143 1345 242 1376 non
291 1331 489 1377 coactus
539 1329 771 1377 excludit.
846 1329 1032 1376 institit
1077 1331 1234 1393 igitur
1281 1345 1391 1378 cum
1432 1345 1510 1390 ea,
1566 1346 1714 1391 quam
1754 1331 1836 1377 vix

145 1405 432 1466 agnoverat,
463 1403 626 1466 loqui,
664 1403 758 1450 hoc
791 1404 922 1451 enim
954 1405 1200 1451 manentis
1231 1405 1285 1450 in
1315 1405 1424 1465 ipso
1457 1403 1618 1451 adhuc
1656 1404 1838 1451 amoris

147 1476 459 1540 conpellebat
512 1477 752 1525 adfectus.
844 1478 1019 1537 infelix
1063 1478 1217 1534 Dido,
1272 1492 1415 1525 verus
1466 1478 1586 1525 mihi
1636 1478 1838 1524 nuntius

148 1566 258 1612 erqo
312 1554 507 1599 verterat
556 1553 813 1599 extinctam
861 1552 1086 1612 ferroque
1136 1555 1344 1599 extrema
1396 1555 1632 1599 secutam:
1685 1550 1837 1598 dictio

20 1684 22 1686 Ι
146 1626 247 1674 ista
284 1626 413 1673 mira
453 1628 560 1673 arte
600 1627 840 1687 concepta
879 1627 954 1673 est
993 1628 1041 1673 et
1085 1641 1175 1687 pro
1221 1640 1546 1687 personarum
1585 1627 1633 1672 et
1672 1639 1838 1672 causa-

13 1715 18 1718 ·
81 1715 125 1749 20
148 1715 259 1746 rum
306 1701 502 1748 ratione
550 1700 822 1762 conposita.
901 1699 1109 1747 Didonis
1159 1699 1258 1746 fuit
1306 1714 1480 1760 aspera
1525 1701 1729 1761 propter
1764 1713 1839 1745 re-

149 1776 340 1822 centem
394 1774 519 1825 facti
572 1789 795 1835 causam3
850 1789 967 1821 nam
1018 1789 1117 1821 non
1166 1774 1324 1820 multo
1377 1775 1491 1820 ante
1536 1772 1712 1820 relicta
1765 1774 1842 1820 est

144 1863 332 1896 amans.
409 1847 556 1895 huius
596 1850 669 1895 rei
702 1849 745 1896 si
778 1849 888 1909 quis
920 1849 1088 1895 metiri
1120 1846 1312 1895 dolores
1344 1846 1572 1906 voluerit,
1613 1845 1840 1893 attendat

144 1923 335 1970 exitum
381 1922 558 1970 mortis
607 1923 734 1982 eius,
791 1921 876 1983 qui
925 1938 1025 1969 non
1074 1922 1418 1980 interveniret,
1473 1920 1515 1966 si
1564 1919 1655 1967 illa
1703 1920 1839 1981 rupti

11 2022 20 2071 3
144 1997 327 2044 amoris
365 1997 606 2044 iniuriam
643 1995 860 2044 tolerare
898 1996 1156 2057 potuisset.
1235 1993 1497 2042 accedebat
1542 1993 1660 2053 huc,
1706 1993 1839 2054 quod

8 2088 21 2137 g
76 2085 120 2120 25
145 2070 388 2118 acerbitas
429 2069 652 2118 vulneris
690 2085 860 2118 recens
901 2072 950 2117 et
997 2071 1224 2130 aspectus
1273 2068 1376 2115 eius
1426 2068 1512 2128 qui
1548 2067 1682 2114 tanti
1718 2065 1840 2114 mali

143 2144 309 2192 fuerat
348 2159 499 2192 causa
538 2144 725 2193 doloris
765 2145 924 2206 ipsius
964 2143 1224 2191 saevitiam
1265 2140 1566 2203 duplicabat.
1641 2139 1840 2188 Aeneae

7 2208 23 2285 ξ
142 2233 260 2267 vero
301 2233 514 2280 persona
553 2218 786 2280 depressa
823 2219 876 2265 in
917 2217 1164 2277 omnibus,
1212 2217 1264 2263 in
1312 2230 1412 2277 qua
1455 2216 1627 2262 tantus
1672 2216 1839 2262 reatus

52 2324 54 2327 -
145 2291 363 2350 extabat,
402 2294 460 2340 ut
490 2294 598 2354 ipse
630 2308 681 2342 se
715 2292 1004 2354 agnosceret
1034 2306 1173 2338 reum
1205 2291 1255 2337 et
1286 2289 1345 2336 de
1378 2288 1511 2336 sacto
1543 2288 1840 2351 purgatione

144 2367 444 2428 interposita
492 2367 751 2414 fateretur.
836 2367 1121 2413 mutaverat
1171 2364 1301 2410 enim
1348 2362 1494 2410 fidem
1541 2364 1712 2410 contra
1751 2359 1839 2407 Di-

265 2556 291 2594 2
323 2551 459 2595 multi
488 2549 532 2595 V
564 2564 678 2594 corr.
713 2550 784 2594 ed.
920 2555 947 2594 5
979 2550 1215 2594 obscuram
1253 2547 1302 2590 in
1340 2546 1560 2591 lemmate
1590 2544 1663 2589 bis
1694 2542 1749 2587 V.

144 2614 170 2653 9
198 2612 396 2666 parebat
417 2609 460 2654 V
483 2609 739 2667 apparebat
761 2608 832 2653 ed.
928 2612 984 2651 10
1009 2613 1186 2653 tantum
1210 2605 1252 2650 V
1276 2611 1427 2651 tamen
1451 2604 1522 2648 ed.
1617 2608 1669 2647 11
1695 2603 1842 2648 visam

143 2683 234 2717 e88e
265 2668 336 2714 ed.
365 2671 372 2727 Ι
399 2669 582 2714 demisit
611 2669 659 2712 in
684 2668 906 2712 lemmate
938 2667 1115 2712 dimisit
1144 2666 1194 2710 in
1218 2666 1408 2721 interpr.
1428 2662 1491 2707 V:
1523 2662 1699 2707 dimisit
1719 2659 1838 2704 Don.

142 2727 317 2786 legisse
355 2730 490 2785 patet
528 2741 584 2772 ex
627 2725 1040 2784 interpretatione,
1080 2724 1130 2768 in
1170 2736 1265 2781 qua
1301 2723 1379 2768 sed
1416 2735 1523 2767 mox
1560 2735 1629 2765 vv.
1662 2723 1750 2765 468
1790 2721 1841 2763 et

142 2791 231 2832 476
264 2788 462 2845 spectat.
619 2791 673 2830 15
705 2786 875 2830 institit
904 2784 946 2830 V
977 2785 1181 2830 instituit
1212 2783 1283 2827 ed.
1430 2785 1484 2824 19
1518 2782 1637 2825 mira
1667 2776 1839 2847 arte-V

143 2846 257 2892 mire
285 2851 399 2891 certe
429 2846 502 2891 ed.
625 2848 682 2889 20
712 2845 919 2889 Didonis
946 2845 1042 2899 fuit
1064 2842 1107 2887 V
1131 2855 1331 2899 persona
1362 2840 1585 2896 interpos.
1611 2837 1682 2884 ed.
1707 2836 1838 2883 Dido

102 2928 109 2936 ·
143 2906 263 2951 enim
295 2904 346 2950 Ο.
500 2909 556 2950 23
587 2905 630 2949 si
659 2903 702 2949 V
732 2905 827 2949 nisi
857 2902 927 2948 ed.
1082 2905 1136 2946 27
1170 2913 1417 2958 personam
1447 2899 1690 2955 depraessa
1718 2895 1774 2941 V.

145 2967 201 3008 28
233 2964 288 3009 de
315 2964 416 3020 fato
447 2962 765 3021 superscripta
795 2977 819 3007 c
848 2961 1002 3019 prima
1031 2974 1176 3005 manu
1206 2958 1261 3004 V.
