2014 3226
182 141 253 191 50
645 137 873 180 DONATI
905 136 1182 179 INTERPR.
1219 136 1397 180 VEB-G.

183 281 432 341 persuasio
467 278 678 325 consulti
709 278 853 339 regis,
879 277 1038 323 ferina
1070 292 1198 335 caro,
1224 292 1375 337 quam
1407 280 1659 337 praestare
1693 278 1866 324 ceteris

182 355 499 400 manifestum
532 354 618 410 est,
657 351 923 410 eademque
962 351 1176 412 pinguis,
1209 350 1300 397 hoc
1341 354 1416 397 est
1455 367 1579 411 quae
1619 366 1717 397 non
1756 352 1864 398 tan·

181 438 290 475 tum
336 430 514 473 natura
562 441 731 471 verum
781 425 932 471 etiam
981 424 1224 484 qualitate
1281 423 1621 485 adpetentium
1676 424 1864 472 animos

181 501 440 559 inritabat,
495 500 598 546 vini
653 500 803 544 etiam
860 499 1066 558 species,
1130 498 1210 544 cui
1271 498 1531 558 multiplex
1594 500 1867 546 accesserat

181 576 343 637 gratia
385 591 411 620 a
452 576 684 633 tempore,
726 572 971 632 qualitate
1012 575 1060 618 et
1105 572 1408 632 quantitate3
1464 587 1580 618 nam
1628 573 1677 618 et
1722 574 1864 619 vetus
1905 587 1932 619 5

94 656 177 694 215
195 650 359 695 fuerat
400 651 447 693 et
488 646 726 707 optimum
770 652 818 692 et
859 645 1126 692 abundans.
1206 645 1416 705 denique
1458 645 1526 692 sic
1565 646 1752 706 posuit:
1791 647 1863 692 in-

170 724 369 781 plentur
427 722 591 767 veteris
638 720 821 766 Bacchi
858 721 1152 779 pinguisque
1199 720 1399 777 ferinae.
1477 719 1612 766 ultra
1664 719 1864 766 modum

181 796 272 842 sibi
313 795 459 842 simul
502 795 665 840 onmia
703 793 1019 855 ingerebant,
1058 794 1108 839 in
1148 795 1346 840 tantum
1385 795 1441 838 ut
1479 808 1579 840 non
1618 792 1865 841 sufficeret

180 884 436 916 occursum
477 883 578 914 esse
619 869 839 927 naturae,
874 867 957 914 sed
997 867 1132 913 ultra
1162 867 1365 913 modum
1397 868 1707 914 sumerentur
1739 882 1863 928 quae

179 942 451 1004 specierum
513 941 940 1003 suppeditantium
999 941 1196 988 bonitas
1253 943 1303 987 et
1358 940 1498 1001 copia
1554 941 1862 1004 suggerebat.
1890 957 1932 989 ιο

179 1017 485 1063 subnectitur
510 1015 683 1062 dehinc
707 1014 964 1063 moralitas
999 1017 1047 1061 et
1080 1014 1217 1061 aliud
1251 1015 1377 1075 aliis,
1402 1015 1509 1076 regi
1534 1014 1674 1061 aliud
1703 1014 1862 1062 datur.

178 1091 394 1151 positum
427 1092 500 1137 est
533 1090 715 1150 quippe
740 1092 999 1148 postquam
1033 1091 1247 1147 eoeempta
1278 1090 1434 1147 fumes
1467 1089 1621 1146 epulis
1651 1103 1863 1136 mensae-

178 1179 266 1223 que
303 1167 523 1218 remotae,
561 1165 763 1210 amissos
802 1163 940 1222 Zonyo
979 1164 1128 1209 socios
1168 1177 1383 1209 sermone
1420 1163 1676 1221 requirunt
1711 1177 1863 1221 spem-

178 1254 265 1297 que
304 1242 571 1298 metumque
612 1238 734 1284 inter
773 1237 921 1291 dubii,
961 1251 1046 1283 seu
1085 1237 1242 1284 vivere
1281 1237 1479 1284 credaut
1515 1237 1615 1283 sive
1655 1240 1861 1284 extrema

169 1314 277 1370 pati
323 1326 407 1358 nee
453 1313 553 1358 iam
592 1312 823 1358 exaudire
860 1314 1061 1357 vocatos.
1140 1325 1251 1357 011111
1292 1309 1423 1358 enim
1460 1311 1591 1356 fame
1632 1313 1683 1357 et
1719 1311 1861 1359 lassi·
1887 1325 1928 1357 15

176 1386 344 1432 tudine
406 1387 769 1446 premerentur,
828 1384 1171 1446 desperassent
1224 1384 1375 1431 etiam
1429 1384 1488 1430 de
1544 1385 1703 1432 salute
1758 1400 1860 1444 sua,

175 1460 361 1507 nullius
395 1475 474 1507 eos
507 1460 602 1506 nisi
633 1459 837 1520 propria
870 1474 986 1506 cura
1017 1457 1271 1521 tangebat.
1329 1459 1527 1506 refectis
1569 1473 1684 1522 ergo
1723 1460 1862 1506 venit

175 1535 225 1579 in
264 1536 479 1580 mentem
518 1533 792 1580 recordatio
834 1532 1090 1592 sociorum,
1124 1547 1332 1594 quorum
1372 1532 1431 1580 de
1470 1535 1629 1579 morte
1663 1533 1861 1581 fuerant

175 1607 362 1654 incerti.
441 1607 571 1668 quod
618 1610 785 1654 autem
833 1606 959 1653 dixit
1003 1608 1135 1654 inter
1181 1622 1317 1668 spem
1358 1609 1407 1654 et
1443 1608 1632 1654 metum
1669 1606 1859 1666 incerti,

175 1696 283 1742 spes
322 1681 537 1742 pertinet
576 1681 639 1727 ad
678 1681 849 1740 vitam,
880 1683 1043 1728 metus
1076 1680 1140 1727 ad
1171 1683 1393 1728 mortem.
1456 1680 1654 1728 Aeneae
1687 1682 1860 1729 contra
1885 1695 1928 1726 20

174 1756 332 1801 maior
370 1754 522 1801 animi
561 1756 718 1802 virtus
751 1755 1058 1816 exprimitur,
1091 1756 1180 1816 qui
1210 1769 1300 1802 nec
1332 1754 1495 1801 cibum
1528 1754 1740 1816 sumpsit
1770 1770 1859 1803 nec

176 1828 484 1876 dissimulare
525 1844 554 1876 a
591 1827 797 1890 perditis
837 1829 1004 1890 potuit
1041 1843 1130 1876 nec
1171 1844 1339 1875 eorum
1373 1844 1542 1876 curam
1572 1828 1740 1890 posuit
1772 1829 1860 1889 qui

88 1908 172 1946 ⁶220
189 1902 398 1948 forsitan
452 1904 685 1964 poterant
738 1917 1015 1964 superasse:
1077 1902 1260 1951 idcirco
1316 1902 1387 1950 ait
1431 1904 1697 1962 praecipue
1738 1904 1858 1961 pius

173 1974 367 2022 Aeneas
396 1991 526 2023 nune
557 1978 685 2023 aeris
719 1975 886 2023 Oronti
923 1991 1054 2023 uuus
1087 1974 1261 2036 Amyci
1299 1990 1467 2023 casum
1501 1978 1648 2036 gemit
1678 1978 1722 2023 et
1750 1990 1856 2023 eru—

175 2049 302 2096 dele'a
329 2064 486 2097 seeum
516 2052 624 2108 fata
646 2050 772 2109 Lyci
800 2051 1062 2110 fortemque
1089 2049 1235 2110 Gyan
1265 2051 1528 2110 fortemque
1555 2049 1856 2098 Cloanthum.
1883 2063 1926 2098 25

175 2122 305 2184 quod
345 2123 418 2170 ait
456 2138 605 2184 supra
644 2139 811 2184 „spem
848 2124 991 2172 vultu
1033 2124 1256 2184 simulat,
1295 2123 1476 2185 premit
1515 2124 1674 2171 altum
1713 2123 1856 2171 corde

174 2195 437 2256 dolorem“,
475 2197 566 2245 hoc
599 2198 749 2244 etiam
779 2197 859 2244 hic
891 2197 1036 2246 dixit:
1077 2213 1241 2246 secum
1281 2198 1510 2260 gemebat
1549 2198 1857 2261 singulorum

174 2285 362 2330 casum,
408 2287 468 2318 ne
515 2270 765 2334 frangeret
812 2271 1001 2319 animos
1040 2275 1333 2332 ceterorum,
1374 2274 1423 2319 et
1463 2287 1574 2319 cum
1613 2271 1856 2319 maximus

174 2342 306 2404 apud
352 2358 462 2390 eum
510 2344 649 2392 dolor
687 2348 836 2406 esset,
883 2360 1067 2408 magna
1103 2349 1272 2393 tamen
1310 2345 1494 2393 virtute
1533 2345 1734 2408 tegebat
1774 2361 1854 2409 ge-

173 2418 322 2464 mitus
362 2433 487 2465 suos.
688 2475 692 2479 ὁ
1274 2469 1279 2475 ,
1879 2435 1923 2468 so

294 2591 315 2629 1
365 2588 560 2631 consulti
597 2586 683 2630 LR
726 2587 796 2631 ed.
837 2589 1072 2632 consulta?
1255 2594 1277 2631 7
1319 2590 1444 2634 ultra
1483 2589 1653 2633 malum
1692 2589 1762 2632 ed.
1960 2627 1965 2658 Ι

174 2649 228 2687 10
265 2647 510 2701 specierum
559 2659 646 2690 om.
689 2646 759 2690 ed.
944 2652 994 2690 11
1043 2649 1141 2705 reyi
1185 2649 1305 2692 aliut
1343 2648 1448 2716 LR·
1474 2648 1608 2692 aliud
1650 2661 1737 2693 om.
1780 2647 1851 2692 ed.
1956 2681 1965 2716 ,

263 2707 316 2746 13
349 2705 478 2762 lonye
508 2704 607 2749 LR.
761 2709 815 2748 14
848 2706 978 2750 dubn
1008 2705 1044 2749 L
1077 2708 1216 2751 dubio
1246 2707 1288 2750 R
1323 2707 1404 2751 sed
1435 2706 1558 2750 infra
1588 2708 1762 2751 incerti.
1926 2716 1965 2771 *⁴3¹

172 2765 227 2805 22
267 2777 298 2806 a
329 2763 525 2818 perditis
562 2763 648 2806 LR
687 2763 768 2807 edI
814 2764 872 2808 cf.
905 2768 990 2808 202
1039 2766 1092 2809 de
1122 2780 1171 2821 p.
1213 2766 1323 2810 edF.
1381 2767 1388 2820 Ι
1444 2766 1652 2821 deposuit
1693 2765 1762 2809 ed.

171 2825 226 2863 23
265 2835 499 2876 superasse
522 2822 608 2865 LR
629 2836 854 2879 superesse
884 2837 907 2866 r
937 2823 1008 2867 ed.
1103 2828 1158 2867 24
1195 2824 1378 2869 Orontis
1399 2824 1486 2868 LR
1517 2824 1598 2868 sed
1624 2827 1709 2868 305
1733 2823 1849 2869 Don=

171 2878 563 2982 OOrrno‘n‘tjlscripsit.
716 2885 769 2924 27
803 2883 938 2926 etiam
968 2882 1041 2926 hic
1070 2882 1156 2925 LR
1186 2897 1220 2927 e.
1254 2885 1348 2940 ipse
1379 2883 1450 2928 ed.
1596 2887 1650 2926 29
1683 2897 1852 2942 magna
1945 2893 1961 2949 ⁴<

1941 2975 1959 3038 i
