2014 3226
800 180 803 182 ’
837 194 1137 240 AENEIDOS
1172 199 1233 241 VI
1766 207 1870 256 599

172 335 319 379 'stant
363 332 466 379 sale
514 332 771 391 Tyrrheno·
816 335 1013 382 classes:
1077 338 1192 398 quid
1249 339 1426 386 iustius
1472 341 1562 388 hac
1611 358 1776 392 causa.
1831 348 1870 391 si

188 406 458 453 timebatur
518 421 654 453 mare
715 408 767 454 in
831 425 929 469 quo
985 411 1299 475 naufragium
1355 415 1536 462 fecerat
1592 420 1639 461 et
1695 419 1869 464 iteruin

189 480 359 528 classis
408 478 500 527 sub
543 480 730 527 incerto
781 483 990 542 periculi
1030 484 1215 532 diutius
1256 503 1351 533 non
1393 502 1494 534 esse
1534 488 1737 536 debuit?
1783 491 1870 537 ho«.-

190 556 296 600 erat
342 553 502 600 dicere
549 556 753 615 propter
799 556 1001 603 eundem
1052 561 1100 605 te
1147 560 1286 606 navis
1335 576 1466 608 meas
1523 564 1569 607 iu
1620 563 1870 623 Tyrrheno

102 628 316 677 '5mari
362 627 551 686 dimisi,
598 629 649 673 in
701 629 876 689 quibus
925 633 1082 679 omnis
1131 634 1398 681 constituta
1447 639 1519 682 est
1567 636 1627 682 ad
1671 636 1870 684 Italiam

187 701 504 763 perveniendi
554 717 678 762 spes.
759 702 890 763 quod
935 705 1005 750 ait
1046 706 1298 766 Tyrrheno
1339 711 1478 766 mari,
1518 709 1608 755 hoc·
1648 710 1870 773 intellegi

187 777 352 836 potest
387 775 437 821 in
473 778 635 836 portu,
669 791 765 822 non
798 778 849 822 in
883 778 984 825 alto
1020 781 1158 826 navis
1191 796 1323 827 meas
1356 781 1534 840 dimisi,
1567 798 1765 830 saevum
1799 787 1873 831 est

187 849 495 910 Tyrrhenum
543 865 701 908 mare,
749 852 889 897 novit
937 853 1036 898 iam
1080 858 1248 900 nostra
1287 856 1562 918 naufragia,
1602 857 1868 904 cavendum

187 926 281 984 est,
351 938 412 970 ne
476 922 598 983 quid
665 923 846 971 iterum
907 927 1140 973 moliatur
1205 928 1369 975 euius*
1407 929 1660 989 perfidiam
1727 933 1869 979 sensi.

27 1039 29 1041 ,
118 1014 163 1046 ιο
187 998 253 1045 da
298 999 496 1058 iun-aere
542 998 776 1053 deoetram,
823 998 902 1053 da,
947 1002 1145 1059 yenitor,
1186 1005 1316 1060 teque
1355 1003 1576 1061 amplexa
1615 1018 1674 1051 ne
1713 1004 1871 1052 divide

184 1074 371 1118 nostro:
426 1071 668 1118 didicerat
713 1071 844 1118 enim
890 1074 942 1119 in
983 1072 1192 1122 Creusae
1240 1090 1389 1123 causa
1427 1079 1728 1124 mortuorum
1769 1064 1870 1126 esse

186 1145 389 1193 fallaces
445 1145 713 1206 amplexus.
792 1147 860 1193 sie
912 1162 1184 1195 memorans
1238 1150 1372 1210 lat-90
1426 1151 1538 1208 fletu-
1590 1151 1739 1198 simul
1782 1166 1867 1197 orn

185 1220 392 1280 rigabat,
431 1219 512 1266 vel
553 1219 685 1282 quod
709 1220 878 1267 'talem
916 1221 1199 1282 perdiderat
1237 1225 1428 1284 patrem
1469 1223 1547 1270 vel
1587 1223 1716 1284 quod
1759 1240 1869 1271 eum

185 1294 348 1340 fuerat
386 1296 583 1341 maturo
603 1294 779 1356 ⁴re‘ditu
812 1294 1104 1344 deserturus.
1165 1299 1233 1344 ter
1264 1300 1463 1344 conatus
1495 1298 1559 1344 ibi
1590 1297 1704 1344 eoll'o
1736 1299 1855 1345 clare
1873 1303 1958 1343 700

99 1385 160 1416 '15
185 1367 411 1415 bracchia
449 1369 645 1422 eircmn,
686 1371 755 1416 ter
792 1369 992 1428 frustra*
1020 1383 1272 1429 conpressa
1309 1385 1486 1417 manus
1518 1372 1681 1431 effuye't
1714 1373 1868 1431 imayo

180 1456 278 1500 par
316 1441 500 1490 levibus
537 1443 691 1490 ventis
728 1443 1003 1502 volucrique
1040 1444 1288 1491 simillima
1331 1458 1521 1491 somno:
1562 1444 1749 1492 factum
1795 1449 1869 1492 est

186 1515 316 1578 quod
356 1514 550 1563 Aeneas
597 1532 658 1564 ne
706 1518 1015 1580 contingeret
1056 1518 1245 1576 timuit3
1299 1534 1414 1565 nam
1454 1532 1564 1565 cum
1604 1518 1778 1565 avidus
1816 1518 1868 1565 in

183 1589 342 1652 patris
380 1590 477 1638 iret
510 1591 765 1652 amplexus
797 1595 846 1639 et
877 1591 1003 1638 colla
1035 1593 1137 1639 eius
1171 1591 1399 1640 officiosis
1431 1591 1643 1639 brachiis
1675 1591 1868 1656 cingere

184 1663 440 1726 niteretur,
464 1664 650 1712 frustra
681 1666 869 1713 factum
902 1668 998 1725 est,
1031 1664 1163 1726 quod
1195 1666 1324 1712 enim
1355 1666 1518 1712 fuerat
1541 1666 1687 1711 inane
1711 1666 1867 1712 teneri

99 1753 161 1786 θα
183 1753 284 1786 non
321 1739 500 1800 potuit.
565 1737 776 1801 denique
815 1739 946 1803 fugit
983 1740 1150 1801 imago
1189 1755 1286 1786 non
1326 1739 1395 1786 sio
1434 1737 1572 1797 dixit,
1604 1739 1746 1799 quasi
1784 1754 1867 1787 vo-

183 1811 377 1860 luntate
415 1811 490 1859 fili
525 1815 648 1861 vota·
686 1813 943 1874 desereret,
977 1813 1060 1861 sed
1100 1811 1482 1860 subtrahebatur
1512 1811 1738 1859 manibus
1770 1827 1865 1860 non

183 1885 431 1934 Anchisae
478 1886 664 1948 studio,
710 1886 795 1935 sed
840 1888 1045 1934 naturae
1092 1885 1344 1934 deficiente
1392 1884 1689 1945 substantia,
1731 1900 1786 1932 ac
1824 1888 1866 1933 si

183 1960 299 2022 quis
336 1960 461 2008 velit
497 1963 665 2009 tenere
704 1961 876 2009 ventos
916 1963 1004 2008 aut
1041 1975 1186 2008 auras
1224 1975 1373 2008 manu
1412 1958 1711 2022 concludere.

294 2034 494 2083 Interea
537 2035 669 2083 videt
703 2033 898 2083 Aeneas
942 2036 995 2082 in
1031 2034 1158 2082 valle
1194 2033 1391 2082 redacta
1427 2032 1662 2081 seclusum
1701 2046 1867 2080 neruus

115 2122 160 2156 25
184 2110 229 2156 et
270 2109 486 2170 virqulta
530 2111 759 2158 sonantia
803 2109 956 2157 silvae
991 2107 1368 2167 Lethaeamque,
1415 2107 1584 2154 domas
1623 2105 1851 2167 placidas
1868 2109 1954 2151 ’105

183 2183 268 2242 qui
295 2185 577 2242 praenotat,
617 2198 820 2232 amnem.
895 2183 1022 2230 hunc
1058 2182 1236 2229 circum
1272 2182 1556 2228 innwmerae
1588 2182 1750 2239 yentoe
1778 2193 1867 2239 po-

172 2256 378 2317 pulique
412 2257 667 2305 volabant:
707 2271 892 2319 magna
929 2256 1112 2304 circum
1150 2253 1422 2302 Lethaeum
1458 2252 1663 2301 fiuvium
1702 2267 1866 2300 nemo·

180 2344 338 2391 raque
370 2332 477 2379 eius
509 2333 560 2380 et
589 2331 861 2379 multarum
888 2330 1123 2394 gentium,
1146 2329 1326 2390 inquit,
1352 2327 1551 2390 agmina
1574 2325 1864 2374 volitabant.

183 2418 242 2452 ae
278 2404 408 2452 velat
442 2407 499 2453 in
526 2407 706 2466 pratis,
737 2405 821 2452 nbi
858 2418 975 2464 apes
1011 2405 1189 2451 aestate
1218 2414 1388 2450 serena
1418 2400 1620 2460 floribus
1648 2399 1868 2447 insidunt

97 2483 172 2527 'zo
183 2479 339 2526 variis
391 2482 436 2526 et
487 2479 699 2528 candida
752 2479 932 2526 circum
985 2475 1090 2524 lilia
1143 2474 1444 2536 funduntw,
1497 2474 1664 2533 strepit
1709 2473 1865 2520 omnis

305 2653 328 2692 1
361 2649 471 2693 haec
499 2662 642 2695 causa
665 2647 718 2692 V.
818 2651 842 2690 7
872 2659 967 2691 non
996 2646 1048 2689 in
1078 2646 1172 2690 loco
1195 2644 1237 2687 V
1267 2658 1314 2688 n.
1340 2645 1370 2687 i.
1395 2644 1487 2694 aleo
1516 2654 1600 2685 noe
1631 2638 1864 2685 coniectu·

180 2718 285 2751 ram
317 2709 467 2752 secuti
498 2706 723 2760 Fabricii,
758 2705 839 2762 qui
868 2718 962 2751 seu
977 2705 1070 2750 alto
1101 2701 1364 2760 adscripsit.
1486 2706 1512 2744 9
1541 2712 1762 2746 cenamus
1790 2697 1862 2743 ed.

274 2771 330 2811 10
369 2767 522 2812 divide
551 2766 594 2810 V
631 2765 843 2811 subtrahe
881 2763 951 2808 ed.
985 2764 1034 2807 et
1068 2762 1180 2807 libri
1211 2759 1483 2820 Vergiliani.
1635 2762 1691 2801 12
1727 2755 1865 2802 simul

111 2797 115 2800 ι
168 2807 306 2881 fletu
320 2825 375 2871 V.
522 2830 578 2870 14
610 2825 915 2870 deser-foturus
943 2821 986 2866 V
1017 2822 1274 2867 deoertwnoe
1302 2820 1374 2864 ed.
1512 2821 1567 2861 ιδ
1596 2814 1866 2874 conpr-amu

182 2883 227 2927 V
255 2884 372 2930 item
403 2889 446 2940 2,
471 2888 570 2928 ⁷93.
698 2887 875 2928 21—22
905 2895 999 2927 non
1032 2880 1235 2925 Anchisa
1264 2884 1329 2924 eet
1357 2877 1463 2923 odeo
1492 2874 1534 2920 V
1565 2887 1676 2920 corr
1703 2873 1774 2919 ed.

183 2947 238 2987 21
271 2941 362 3000 defi
398 2949 495 2989 ente
524 2942 580 2987 V.
731 2946 789 2987 24
826 2941 944 2986 vidit
972 2938 1028 2984 V.
1186 2942 1243 2983 2⁶
1282 2937 1441 2982 domus
1468 2933 1510 2978 V
1548 2933 1624 2991 (cf.
1656 2933 1774 2989 2³1).

183 3006 239 3046 27
273 3003 462 3048 letheum
491 3002 636 3058 fluum
667 3001 723 3046 V.
