2014 3226
167 211 276 261 452
636 207 867 252 DONATI
897 207 1175 251 INTERPR.
1210 208 1389 252 VERG.

167 351 297 398 leum
339 351 619 410 superasset
659 348 792 409 apud
830 347 995 408 Ilium,
1027 349 1231 396 victoris
1270 350 1377 396 iure
1409 350 1692 410 sustulerat,
1726 352 1857 412 quod

166 440 263 471 non
312 424 517 482 faceret,
564 423 662 469 nisi
708 422 853 468 illum
901 423 1081 483 speciei
1128 423 1344 483 qualitas
1386 426 1435 470 et
1474 425 1706 471 meritum
1744 442 1855 487 pro-

165 499 401 545 vocasset.
481 497 630 543 donat
674 496 846 543 habere
891 498 995 543 viro
1043 497 1185 543 (lecus
1234 500 1275 544 et
1320 499 1534 544 tutamen
1579 499 1631 544 in
1680 501 1858 547 armis:

166 572 340 630 donat,
395 571 582 631 inquit,
637 569 766 629 viro,
820 571 877 616 ut
927 571 1219 632 congrueret
1265 586 1476 630 persona
1523 587 1633 619 cum
1680 575 1854 633 specie.

164 645 313 708 digno
361 646 511 691 istam
560 643 664 690 viro
714 644 948 703 contulit,
995 646 1054 690 ut
1100 645 1151 690 in
1202 645 1351 691 armis
1391 645 1482 691 hoc
1522 648 1596 692 est
1634 647 1686 692 in
1724 647 1853 694 bello
1903 663 1922 696 5

165 722 213 766 et
252 719 455 779 pulcher
495 732 598 765 esse
638 719 805 779 posset
846 720 894 764 et
933 719 1093 778 tutus,
1142 719 1279 765 tutus
1320 733 1408 778 per
1445 720 1658 766 trilicem
1698 720 1854 768 factu-

162 809 270 840 ram
312 795 360 838 et
398 793 658 839 hamorum
698 806 865 851 nexus,
905 791 1122 852 pulcher,
1165 793 1282 852 quia
1315 808 1437 839 auro
1469 792 1708 855 fulgebat.
1774 797 1856 851 vim

161 867 298 914 illam
329 866 507 926 famuli
531 867 746 925 Pheqeus
778 865 1075 925 Sagyarisque
1105 866 1325 924 ferebant
1354 867 1668 925 multiplicem
1698 870 1856 916 conixi

73 947 158 986 265
176 942 379 995 umeris,
428 940 629 987 indutus
677 943 728 986 al
774 940 887 986 olim
934 939 1187 986 Demoleos
1235 954 1382 987 cursu
1426 942 1651 999 palantis
1702 942 1855 990 Troas

2006 945 2009 1020 1

163 1016 355 1075 ayebat:
411 1014 573 1060 adhuc
619 1013 672 1059 111
720 1015 997 1076 augmentis
1046 1015 1121 1060 est
1165 1014 1350 1073 laudis,
1399 1015 1520 1062 satis
1564 1015 1922 1067 Demoleum1o
2004 1026 2008 1085 J

2003 1119 2005 1153 ι

161 1090 465 1150 praeferens,
507 1089 594 1149 qui
630 1087 759 1134 hanc
800 1088 988 1148 primus
1028 1087 1227 1148 habuit,
1268 1088 1471 1135 Aenean
1511 1104 1728 1150 quoque,
1769 1091 1854 1151 qui

162 1162 421 1210 occidisset
450 1163 605 1209 talem
645 1163 693 1207 et
731 1163 865 1208 tanti
895 1161 1126 1222 ponderis
1161 1163 1373 1222 speciem
1406 1162 1564 1210 occiso
1597 1163 1854 1212 detrahere

161 1239 248 1284 aut
274 1237 405 1284 solus
438 1239 638 1298 portare
670 1236 924 1297 valuisset,
951 1250 1061 1282 cum
1093 1236 1198 1296 ipse
1233 1252 1427 1296 quoque
1462 1239 1588 1284 esset
1617 1239 1852 1286 armatus.

159 1326 248 1358 nec
296 1313 459 1358 minus
509 1312 661 1357 etiam
707 1311 851 1357 illum
900 1310 981 1356 0111
1021 1309 1299 1356 donabatur
1336 1309 1452 1357 huic
1492 1313 1662 1358 nexuit
1701 1312 1853 1371 laudi,

161 1386 398 1446 quoniam
447 1384 736 1432 credebatur
783 1383 964 1431 molem
1009 1385 1204 1430 tantam
1242 1399 1386 1445 posse
1425 1384 1655 1445 perferre.
1733 1386 1852 1434 haec
1879 1403 1920 1436 15

158 1461 316 1522 igitur
362 1474 474 1506 cum
518 1457 822 1518 traderetur,
865 1458 948 1505 vix
987 1457 1130 1503 illam
1167 1457 1392 1504 tulerunt
1431 1457 1526 1506 duo
1567 1459 1717 1519 servi,
1763 1475 1852 1507 nec

159 1534 278 1582 solis
317 1533 545 1580 manibus
585 1548 757 1579 verum
797 1533 950 1579 etiam
988 1532 1185 1578 umeris.
1245 1523 1442 1578 tantum
1475 1535 1642 1580 autem
1674 1533 1851 1581 Demo-

158 1608 263 1655 leus
295 1608 461 1668 potuit
492 1607 693 1654 lacertis
728 1609 877 1668 atque
910 1607 1110 1665 virtute,
1135 1606 1192 1651 ut
1219 1605 1348 1653 hanc
1370 1606 1572 1654 indutus
1596 1607 1852 1656 habuisset

158 1697 248 1743 pro
287 1682 389 1728 levi
428 1683 477 1728 et
517 1697 663 1728 cursu
700 1680 939 1744 fugientis
981 1682 1151 1740 ageret
1191 1679 1419 1727 Teucros.
1490 1696 1587 1727 non
1630 1681 1691 1729 ad
1732 1682 1851 1730 Tro-

158 1757 386 1803 ianorum
427 1756 611 1802 crimen
648 1754 933 1816 pertinebat
973 1752 1092 1814 quia
1130 1769 1228 1800 uno
1260 1755 1549 1815 insequente
1581 1755 1851 1818 fugiebant,
1876 1772 1919 1806 20
1967 1749 1972 1756 ¹

160 1829 246 1877 sed
299 1829 495 1877 Aeneae
548 1829 854 1891 praedicatio
910 1827 1163 1875 cumulata
1218 1830 1312 1887 est,
1369 1830 1455 1889 qui
1509 1844 1620 1876 eum
1674 1831 1852 1878 stravit

161 1918 308 1964 quem
345 1904 618 1951 timuerant
657 1917 836 1950 omnes.
902 1903 1043 1949 tertia
1082 1901 1212 1948 (lona
1250 1903 1372 1961 facit
1405 1905 1621 1962 yeminos
1655 1918 1710 1950 ex
1742 1919 1852 1951 aere

160 1977 332 2025 lebetas
387 1978 666 2038 cymbiaque
721 1979 917 2037 amento
962 1977 1184 2034 perfecta
1237 1979 1377 2036 atque
1441 1991 1617 2035 aspera
1674 1979 1852 2038 siqnis:

161 2053 247 2112 qui
306 2053 455 2099 tertio
516 2051 625 2099 loco
689 2051 1006 2112 convenerat,
1069 2065 1343 2111 congruum
1405 2066 1582 2099 munus
1645 2053 1851 2113 accepit,

160 2141 464 2186 quamquam
517 2127 567 2172 et
618 2125 712 2173 hoc
764 2125 916 2172 fuerit
969 2124 1264 2184 pretiosum3
1334 2124 1606 2172 ornabatur
1667 2125 1850 2188 quippe
1875 2141 1916 2175 25

161 2199 354 2262 argenti
398 2199 611 2247 materia
659 2201 708 2246 et
754 2198 1033 2246 subtilitate
1080 2197 1215 2245 artis.
1291 2198 1484 2259 iamque
1524 2199 1642 2267 adeo
1681 2199 1850 2248 donati
1935 2240 1938 2246 .

160 2287 321 2320 ammes
375 2274 636 2332 opibusque
693 2273 891 2332 superbi
942 2273 1168 2332 puniceis
1221 2272 1359 2320 ibant
1411 2274 1584 2320 evincti
1635 2276 1850 2332 tempora
1928 2331 1931 2333 ,

161 2348 339 2394 laenis:
392 2347 502 2394 vult
548 2346 804 2394 ostendere
852 2346 1050 2408 quantis
1089 2346 1240 2392 moris
1279 2346 1549 2407 inplicatus
1591 2347 1848 2411 Sergestus

159 2421 372 2468 veniret:
411 2421 527 2480 iam,
559 2421 742 2482 inquit,
775 2435 941 2468 omnes
983 2419 1069 2480 qui
1108 2422 1346 2467 venerant
1375 2420 1663 2468 muneribus
1701 2420 1848 2468 ditati
1926 2419 1927 2423 ’

161 2494 487 2543 discesserant
526 2496 575 2540 et
613 2494 906 2541 incedebant
943 2494 1112 2541 vincta
1149 2493 1386 2541 habentes
1424 2496 1650 2556 tempora
1687 2496 1846 2543 taenis
1920 2542 1922 2549 ,

282 2669 304 2707 1
337 2665 457 2708 hanc
486 2666 594 2720 post
624 2665 772 2708 Ilium
801 2661 974 2721 repetit
1003 2663 1046 2707 R
1077 2663 1166 2707 del.
1191 2678 1228 2707 r.
1339 2668 1366 2706 4
1398 2665 1540 2708 donat
1570 2665 1721 2721 inquit
1750 2665 1847 2709 viro

162 2737 249 2766 om.
283 2723 325 2766 R
354 2723 405 2766 111
435 2735 582 2780 marg.
617 2723 723 2766 add.
755 2721 805 2767 r'.
949 2728 974 2766 5
1007 2724 1146 2781 cliyno
1178 2725 1314 2768 istam
1344 2723 1380 2765 L
1412 2723 1482 2767 ed.
1516 2725 1660 2782 (liqna
1690 2724 1775 2768 isto
1805 2723 1848 2767 R
1908 2727 1911 2731 ’

160 2781 358 2826 fortasse
388 2782 578 2840 cliynam
609 2783 774 2826 istam?
911 2787 936 2826 6
960 2796 1048 2839 per
1077 2782 1165 2826 LR
1187 2787 1376 2839 propter
1407 2783 1478 2827 ed.
1616 2787 1642 2826 9
1673 2783 1848 2827 venen'e
1903 2837 1908 2839 λ

158 2855 243 2898 pro
274 2843 441 2885 umeris
471 2841 521 2884 L.
571 2842 578 2898 Ι
627 2846 668 2886 et
698 2841 806 2885 olim
835 2840 934 2884 LR.
986 2843 992 2898 Ι
1041 2842 1235 2886 demoleo
1265 2841 1302 2884 L
1333 2841 1450 2886 -leus
1478 2842 1532 2885 R.
1686 2845 1741 2884 10
1771 2842 1845 2886 de·

159 2900 316 2944 molem
337 2899 375 2944 L
399 2901 536 2945 -leum
559 2899 615 2944 R.
715 2905 768 2944 21
795 2914 960 2944 aeneae
976 2900 1063 2944 LR
1085 2914 1150 2945 ae.
1170 2900 1325 2944 laudis
1348 2900 1419 2943 ed.
1529 2906 1583 2944 23
1609 2901 1779 2952 lebatas
1793 2899 1842 2945 L.
1864 2901 1866 2903 ’

158 3017 200 3062 ἢ.
234 2959 554 3062 ἕὸιτηὲιψαε
584 2958 632 3002 L.
786 2963 842 3002 28
873 2960 1042 3004 taeniis
1073 2959 1143 3003 ed.
1296 2963 1352 3003 30
1383 2961 1538 3004 vincta
1565 2960 1775 3004 habentes
1803 2958 1846 3021 Β,
