2014 3226
232 202 334 253 162
695 198 924 242 DONATI
954 198 1235 242 INTERPR.
1268 198 1445 242 VERG.

228 341 363 387 aliud
394 342 591 401 pectore
623 339 870 385 retineret.
933 352 1076 398 saepe
1113 339 1285 398 fuyasm
1324 340 1498 386 Danai
1539 340 1689 387 Troia
1729 341 1919 399 cupiere

226 417 392 462 relicta
423 415 584 460 moliri
617 417 658 459 et
688 413 827 471 leupo
859 413 975 471 fessi
1007 412 1246 460 discedere
1278 410 1421 460 bello:
1459 413 1772 460 mendacium
1809 430 1915 462 cum

228 490 518 550 argumento
575 502 670 547 quo
727 484 958 532 credibile
1013 487 1172 534 videri
1224 488 1471 547 potuisset
1525 487 1656 548 quod
1710 487 1918 535 dicebat.

228 563 542 623 paraverunt,
580 561 763 621 inquit,
804 575 949 620 saepe
989 560 1226 607 reditum:
1265 560 1359 607 hoc
1396 560 1581 607 falsum
1619 561 1798 622 fuerat,
1835 561 1918 608 ad-

228 635 354 682 didit
410 650 610 682 causam
663 633 822 680 veluti
877 632 1064 681 reditus
1127 633 1412 681 maturandi
1468 637 1518 681 et
1573 637 1918 696 argumentum
1967 653 1986 684 ει

228 710 438 769 sumpsit
494 724 522 754 a
568 710 812 768 tempore:
874 707 1023 770 longo
1072 708 1189 755 fessi
1236 707 1485 755 discedere
1531 708 1685 768 bello,
1731 711 1788 755 ut
1835 711 1920 770 qui

228 783 367 830 annis
407 784 484 829 tot
522 782 786 829 victoriam
826 781 1059 843 consequi
1090 783 1434 842 nequivissent
1467 781 1781 829 crederentur
1812 782 1919 828 diu-

142 864 224 900 110
242 857 500 904 turnitatis
539 854 708 902 taedio
749 855 1000 903 adfectum
1037 855 1263 903 reiecisse
1304 856 1540 903 certandi.
1609 858 1920 915 fecissentque

229 933 437 978 atinam:
487 930 611 977 bene
651 925 942 990 optabiliter
979 930 1171 992 posuit,
1225 930 1317 976 hoc
1358 929 1489 976 enim
1529 932 1578 976 et
1617 929 1821 976 Troiani
1860 930 1918 976 11-

225 1005 396 1058 benter
443 1002 715 1050 audiebant
761 1004 810 1050 et
850 1002 1026 1051 Sinoni
1071 1003 1318 1064 proderat.
1395 1003 1540 1050 huius
1590 1004 1784 1051 consilii
1822 1019 1919 1051 non
1948 1021 1999 1053 ιο·

225 1077 430 1140 perfecti
459 1077 593 1125 ultro
624 1077 868 1124 rationem
899 1078 1144 1138 praestat3
1177 1078 1344 1139 potuit
1375 1079 1505 1125 enim
1539 1077 1638 1124 dici
1670 1093 1694 1124 e
1727 1077 1919 1125 diverso

226 1154 267 1198 si
313 1152 423 1199 hoc‘
453 1151 821 1213 disposuerant,
871 1166 957 1198 cur
995 1151 1183 1198 factum
1221 1167 1317 1198 non
1361 1149 1467 1200 est‘?
1544 1166 1700 1210 saepe,
1741 1151 1921 1212 inquit,

228 1226 332 1273 illos
373 1239 549 1285 aspera
579 1226 722 1285 ponti
759 1225 1028 1272 interclusit
1064 1226 1213 1272 hiems
1254 1227 1297 1272 et
1333 1227 1506 1272 terruit
1543 1229 1710 1272 auster
1750 1226 1919 1277 euntis,

224 1301 281 1346 ut
326 1315 424 1347 non
473 1298 733 1346 consilium
784 1299 942 1359 facto,
994 1298 1079 1347 sed
1134 1300 1336 1347 eventus
1392 1299 1606 1346 defuerit
1655 1299 1919 1346 voluntati.

218 1375 482 1434 praecipue
535 1388 645 1421 eum
697 1375 798 1420 iam
851 1373 926 1419 hie
980 1374 1197 1421 trabibus
1248 1376 1491 1421 contextus
1539 1375 1729 1420 acernis
1774 1377 1922 1421 staret
1941 1380 1988 1423 '15

227 1462 396 1506 equus,
454 1450 545 1494 toto
593 1451 860 1494 sonuerunt
905 1448 1093 1494 aeth-ere
1138 1448 1315 1494 uiiribi:
1377 1462 1466 1495 nec
1514 1446 1607 1494 soli
1654 1448 1792 1493 venti
1842 1447 1922 1494 vel

227 1522 470 1583 asperitas
520 1521 672 1568 maris
711 1521 926 1569 volentis
968 1537 998 1568 a
1036 1521 1238 1584 navigio
1277 1522 1553 1580 revocavit,
1592 1520 1922 1582 inpedierunt‚
1980 1526 1983 1572 ἐ

225 1597 414 1658 inquit,
463 1598 512 1642 et
560 1597 703 1657 signa
751 1595 999 1643 caelestia.
1076 1597 1301 1654 suspensi
1338 1595 1651 1655 Eurypylum
1698 1596 1923 1642 scitatum

139 1676 222 1714 115
241 1670 442 1717 oracula
486 1669 665 1716 Phoebi
710 1670 966 1725 mittimus,
1020 1671 1157 1728 isque
1206 1670 1367 1729 adytis
1418 1669 1535 1716 haec
1583 1669 1743 1716 tristia
1793 1669 1922 1715 dieta
1961 1636 1977 1733 ,i

224 1747 462 1803 reportat:
521 1742 623 1803 his,
674 1744 768 1803 ait,
815 1757 926 1790 cum
973 1758 1142 1790 omnes
1182 1759 1281 1790 non
1319 1742 1552 1790 inmerito
1591 1745 1920 1802 moverentur,
1960 1733 1977 1754 ω·

225 1817 430 1865 missum
477 1820 550 1864 est
597 1816 662 1863 ad
699 1817 1008 1878 Apollinem,
1055 1819 1112 1864 ut
1162 1816 1283 1878 quid
1323 1816 1450 1864 illud
1487 1816 1804 1878 portenderet
1842 1815 1920 1863 vel
1961 1830 1974 1851 t

228 1890 347 1952 quid
385 1890 517 1938 facto
558 1906 682 1952 opus
721 1893 849 1938 esset
885 1906 1141 1952 possemus
1190 1889 1462 1951 addiscere,
1512 1890 1597 1938 sed
1635 1890 1921 1951 Eurypylus
1962 1852 1974 1955 ἒ

225 1979 450 2012 remeans
496 1965 639 2011 triste
690 1964 956 2012 admodum
1001 1964 1254 2012 nuntiavit
1301 1967 1351 2012 et
1390 1964 1607 2011 dubium.
1683 1965 1922 2022 sanquine
1966 2020 1969 2029 i

218 2039 458 2098 placastis
486 2041 650 2086 ventos
682 2043 725 2086 et
753 2041 941 2100 virgine
973 2053 1128 2092 caesa,
1154 2053 1263 2086 eum
1285 2039 1506 2098 primumi
1533 2039 1724 2085 Iliacas
1749 2037 1922 2085 Danai

227 2113 424 2160 venistis
469 2113 536 2159 ad
574 2126 710 2167 oras,
757 2114 996 2172 sanquine
1034 2112 1299 2172 quaerendi
1335 2113 1522 2159 reditus
1561 2113 1821 2171 animaque
1860 2111 1915 2158 li·

229 2187 433 2233 tandum
468 2183 725 2246 Aryoliea:
765 2201 933 2234 caesae
971 2186 1182 2249 virginis
1221 2186 1388 2233 ferunt
1424 2202 1594 2234 veram
1634 2200 1737 2233 esse
1777 2184 1962 2252 faba-3

227 2260 351 2320 lam,
395 2259 489 2308 hoc
535 2261 702 2307 autem
749 2260 881 2322 quod
927 2260 1049 2308 dicit
1094 2254 1386 2322 Apollinem
1431 2259 1767 2320 respondisse,
1813 2260 1962 2320 ipses}

230 2333 382 2380 Sinon
429 2333 491 2380 ad
538 2333 813 2381 fallendum
859 2336 1119 2396 conposuit
1165 2336 1215 2381 et
1260 2349 1395 2381 more
1437 2349 1524 2381 suo
1566 2333 1751 2380 falsum
1789 2325 1962 2407 veris&

229 2407 514 2467 admiscuit,
560 2406 618 2454 ut
664 2423 720 2455 ex
765 2408 908 2470 parte
956 2423 1082 2470 quae
1127 2408 1295 2455 fuerat
1332 2423 1449 2455 vera
1489 2407 1747 2468 conposita
1785 2421 1919 2453 men-
1925 2391 1962 2467 ’ζέ

228 2481 371 2528 dacia
422 2483 720 2544 tegerentur.
805 2481 998 2529 addidit
1051 2483 1319 2544 animaque
1372 2481 1620 2528 litandum
1669 2479 1967 2545 Argolica,³

229 2555 347 2616 quia
401 2554 620 2602 dicturus
674 2555 839 2603 fuerat
885 2571 936 2603 se
983 2556 1264 2617 quaesitum
1310 2554 1374 2603 ad
1418 2556 1650 2615 mortem3
1711 2569 1828 2601 nam
1875 2553 1944 2612 s''·

229 2628 428 2692 sanguis
474 2628 719 2676 humanus
766 2628 1010 2677 diceretur
1047 2630 1374 2688 necessarius,
1419 2629 1584 2690 potuit
1622 2627 1963 2689 quicumqu-·.'

347 2774 375 2811 4
407 2769 602 2812 reditum
633 2767 720 2811 LR
751 2783 786 2812 r.
825 2769 992 2814 Graeci
1022 2769 1093 2813 ed.
1234 2773 1288 2812 10
1321 2769 1571 2813 audiebant
1600 2768 1642 2810 R
1673 2768 1866 2812 audi'era
1887 2786 1893 2803 τ

228 2827 278 2879 L
311 2827 393 2871 sed
416 2828 514 2871 iera
537 2827 587 2870 in
609 2840 773 2870 rasura
798 2829 1058 2872 atramento
1081 2827 1260 2873 recenti
1284 2841 1391 2871 cum
1413 2827 1681 2871 imitatione
1704 2828 1838 2870 vetus
1871 2844 1875 2862 τ
1901 2843 1918 2860 ·-=

229 2886 508 2947 scripturae:
556 2886 807 2930 audiebant
842 2886 995 2943 primo
1035 2887 1261 2944 scriptum
1300 2886 1446 2930 fuisse
1485 2885 1576 2929 ΗΟ
1616 2885 1806 2939 docent,
1849 2883 1909 2928 81
1926 2898 1946 2918 *-

229 2946 278 2988 et
307 2943 377 2988 ed.
501 2949 556 2987 29
590 2957 646 2988 ex
668 2950 804 3001 parte
833 2945 920 2988 LR
949 2959 1003 2990 ea
1035 2947 1105 2991 ed.
1134 2948 1140 3004 Ι
1174 2947 1364 3001 fueraut
1392 2945 1463 2989 ed.
1493 2946 1499 3001 Ι
1526 2958 1633 2989 vera
1663 2958 1751 2988 om.
1784 2943 1883 2988 ed

229 3007 404 3047 29—30
436 3004 693 3048 mendacitas
723 3009 977 3060 teyerentur
997 3005 1085 3048 LR
1106 3005 1347 3049 mendacia
1369 3011 1476 3059 nos,
1508 3005 1683 3047 temere
1710 3004 1838 3046 mut.-
1878 3020 1886 3038 0
