2014 3226
243 205 348 256 146
706 201 935 245 DoNATI
966 200 1244 244 INTERPR.
1277 199 1455 244 VEB-c.

240 345 484 406 principia
524 343 705 388 multas
747 343 956 388 virtutes
997 342 1240 387 oratorias
1282 342 1560 387 continent:
1601 355 1717 387 nam
1751 344 1800 387 et
1830 341 1928 388 loci

241 423 289 465 et
326 416 561 478 temporis
603 419 651 461 et
691 429 1011 476 personarum
1034 413 1285 477 Vergilius
1318 429 1505 460 memor
1537 416 1611 460 est
1643 417 1692 460 et
1724 413 1927 461 Aenean

239 494 401 553 ipsum
447 490 636 536 inducit
683 489 940 549 proposita
986 489 1210 535 retinere.
1291 486 1422 548 quod
1467 502 1579 533 cum
1617 488 1726 534 vult
1766 490 1926 534 osten-

240 566 374 622 dere,
415 563 560 610 simul
600 562 793 623 prolixa
833 561 1018 608 adserit
1055 565 1104 608 et
1150 562 1330 621 multa,
1376 576 1501 622 quae
1549 576 1637 607 nec
1683 561 1791 608 loco
1839 576 1928 608 nec

238 638 449 698 tempori
481 651 569 682 nec
608 635 830 696 personis
871 636 1200 683 convenirent.
1262 635 1384 681 haec
1417 638 1556 680 erant
1596 634 1675 681 vel
1714 636 1927 681 maxime
1974 650 1994 682 5

240 713 455 758 relaturo
496 710 768 769 contraria,
807 724 923 756 nam
963 709 1133 755 audire
1172 709 1339 755 tristia
1379 712 1427 754 et
1465 709 1695 769 proprios
1735 708 1927 755 dolores

240 786 419 832 referre
459 799 557 830 non
598 787 672 830 est
709 798 801 844 par
839 797 926 829 nec
968 783 1167 843 aequali
1200 798 1366 829 morsu
1399 783 1620 828 animum
1651 782 1780 828 ferit.
1844 782 1929 829 sed

241 860 358 920 quia
397 858 518 904 haec
558 856 788 918 cupiebat
826 857 1001 920 regina
1040 871 1348 919 cognoscere,
1382 855 1519 902 cuius
1559 855 1808 902 voluntati
1838 870 1929 916 pro

239 932 430 979 ratione
470 931 707 991 temporis
747 930 925 977 relatio
966 933 1139 978 exacta
1185 931 1358 991 negari
1404 945 1503 977 non
1549 932 1770 990 poterat,
1817 944 1927 976 con-

239 1005 368 1067 fugit
407 1004 471 1051 ad
508 1004 768 1051 brevitatis
814 1004 1109 1059 remedium,
1156 1007 1212 1051 ut
1251 1019 1409 1064 neque
1448 1003 1554 1064 ipse
1594 1002 1766 1050 multis
1806 1003 1929 1050 dura
1956 1019 1994 1050 ιο

239 1078 492 1126 referendo
531 1078 704 1141 longos
746 1078 991 1126 cruciatus
1030 1077 1304 1125 incurreret
1338 1093 1496 1138 neque
1528 1077 1776 1124 Didonem
1806 1081 1928 1124 tem-

239 1169 357 1214 pore
405 1151 584 1212 quietis
631 1152 854 1215 fugiente
907 1152 1180 1213 plurimum
1233 1151 1443 1214 vigilare
1490 1150 1761 1212 perficeret.
1837 1151 1930 1197 hoc

239 1229 345 1274 loco
386 1241 536 1287 supra
577 1227 697 1273 artis
736 1229 1003 1287 praecepta
1027 1225 1279 1287 Vergilius
1319 1225 1463 1272 docet
1502 1224 1622 1286 quid
1660 1225 1713 1270 in
1743 1223 1929 1271 talibus

239 1299 399 1347 causis
439 1299 801 1347 observandum
841 1301 928 1360 sit3
983 1316 1100 1346 nam
1139 1314 1250 1346 cum
1290 1300 1449 1346 omnis
1489 1299 1712 1346 narratio
1753 1297 1931 1345 debeat

238 1373 482 1421 brevitate
522 1375 757 1436 succingi,
787 1377 894 1420 tum
934 1373 1095 1435 magis
1136 1372 1415 1436 colligenda
1456 1376 1544 1432 est,
1577 1388 1689 1420 cum
1726 1373 1932 1434 propria
1958 1388 1993 1420 ιε

240 1448 371 1494 mala
410 1450 688 1495 narrantur.
766 1447 931 1494 nullus
972 1448 1104 1494 enim
1141 1447 1264 1494 haec
1302 1447 1477 1504 refert,
1515 1447 1614 1493 nisi
1650 1447 1802 1493 fuerit
1841 1446 1931 1493 ali-

244 1538 340 1582 qua
387 1524 444 1568 ut
489 1521 683 1568 Aeneas
738 1522 1032 1568 necessitate
1088 1521 1366 1582 conpulsus.
1442 1520 1571 1567 unde
1619 1519 1943 1567 sentiendum*

243 1599 316 1643 est
355 1611 380 1642 e
420 1596 667 1642 contrario
707 1596 887 1642 vitium
926 1611 1025 1642 non
1066 1609 1171 1642 esse
1210 1595 1478 1654 narrantis,
1519 1595 1562 1641 si
1598 1595 1652 1641 in
1690 1594 1931 1641 relatione

239 1670 487 1716 laetarum
524 1684 691 1716 rerum
730 1668 1046 1730 aliquantum
1084 1668 1239 1716 fuerit
1285 1671 1639 1728 commoratus3
1692 1682 1930 1729 prospera

242 1744 423 1804 quippe
464 1745 513 1790 et
551 1743 845 1790 referentem
875 1744 1052 1790 iuvant
1083 1745 1133 1790 et
1165 1744 1364 1805 erigunt
1395 1742 1691 1789 audientem.
1752 1743 1930 1788 tracte·
1957 1757 1990 1788 ε(

241 1831 348 1863 mus
388 1831 504 1879 ergo
542 1816 804 1864 infandum
851 1816 1025 1879 regina
1071 1816 1211 1864 iubes
1257 1832 1495 1863 renovare
1544 1815 1785 1881 dolorem:
1849 1814 1933 1862 do·

241 1891 370 1938 lores
403 1905 569 1937 omnes
603 1891 688 1952 qui
720 1906 778 1938 ex
808 1891 956 1938 malis
989 1890 1327 1938 accidentibus
1359 1891 1588 1937 oriuntur
1618 1905 1717 1937 non
1747 1888 1934 1935 habent

241 1980 412 2025 parem
445 1979 643 2011 causam
674 1963 975 2025 perindeque
1007 1964 1240 2025 aequales
1272 1978 1376 2011 esse
1406 1980 1506 2011 non
1536 1966 1758 2025 possunt.
1819 1965 1933 2010 sunt

241 2039 398 2100 igitur
435 2037 590 2098 leves,
638 2041 752 2085 sunt
790 2037 966 2098 medii,
1013 2041 1128 2085 sunt
1166 2039 1471 2101 gravissimi,
1511 2040 1626 2085 sunt
1664 2053 1722 2083 ex
1760 2036 1932 2083 multis

243 2110 547 2172 diversisque
587 2111 872 2159 informniis
912 2113 1134 2175 congesti
1173 2115 1222 2159 et
1261 2114 1439 2159 merito
1478 2110 1687 2158 infandi.
1750 2110 1934 2172 repetit
1956 2125 1976 2157 2

243 2200 360 2247 ergo
394 2184 506 2232 aliis
545 2184 708 2232 verbis
747 2185 957 2234 Didonis
995 2185 1404 2248 propositionem,
1442 2188 1500 2232 ut
1538 2184 1768 2232 ostendat
1806 2183 1930 2230 mul-

242 2262 405 2306 torum
467 2261 515 2305 et
577 2260 805 2321 gravium
869 2259 1115 2307 malorum
1175 2260 1470 2307 relationem
1530 2257 1760 2306 brevibus
1827 2272 1947 2305 esse.-

244 2331 610 2379 executionibus
658 2332 1011 2380 conficiendam
1056 2336 1107 2380 et
1151 2336 1292 2395 tunc,
1339 2334 1383 2380 si
1427 2336 1623 2394 tempus
1670 2334 1758 2379 aut
1795 2331 1931 2378 locus

244 2404 479 2452 admittat
515 2409 574 2453 ut
613 2405 805 2467 aliquid
843 2406 958 2454 inde
997 2407 1254 2454 referatur.
1333 2410 1549 2455 ceterum
1595 2407 1649 2453 in
1688 2407 1933 2453 conventu

244 2479 459 2527 convivii
511 2478 773 2527 laetissimi
827 2483 876 2527 et
929 2495 1042 2527 cum
1094 2482 1198 2528 iam
1251 2481 1386 2528 caelo
1436 2496 1533 2528 nox
1578 2479 1932 2542 praecipitaret
1954 2494 1976 2527 3

246 2567 463 2612 somnos,
508 2568 598 2600 nec
642 2554 786 2601 triste
832 2569 922 2602 nec
967 2554 1217 2615 prolixum
1264 2554 1454 2616 aliquid
1494 2553 1678 2601 adserit
1717 2567 1821 2600 esse
1859 2551 1932 2598 di—

364 2712 392 2750 4
430 2708 615 2763 prolixa
644 2707 731 2750 LR
765 2722 838 2763 pr.
870 2722 960 2752 esse
998 2709 1107 2752 edF.
1292 2713 1316 2752 7
1349 2723 1435 2765 pei
1465 2708 1506 2751 R
1538 2723 1632 2764 par
1663 2723 1687 2750 r
1712 2729 1766 2745 =
1791 2706 1841 2750 L.

248 2771 299 2808 12
328 2766 561 2822 perficeret
590 2765 677 2808 LR
701 2767 939 2822 proficeret
968 2767 1048 2810 edJ
1079 2773 1247 2826 cogeret
1277 2768 1386 2812 edF.
1511 2772 1565 2811 16
1597 2768 1783 2822 referret
1813 2765 1884 2809 ed.
1922 2765 1927 2823 l

243 2825 386 2877 fuerit
415 2824 502 2868 LR
531 2830 639 2869 esset
670 2825 740 2869 ed
889 2829 942 2870 18
974 2827 1028 2870 de
1058 2827 1289 2871 eontran'o
1321 2826 1392 2871 ed.
1451 2828 1457 2882 Ι
1521 2826 1739 2871 narranti
1769 2825 1840 2869 ed.

245 2887 302 2926 :30
333 2884 499 2940 quippe
522 2883 609 2926 LR
633 2884 811 2940 quidem
835 2884 906 2928 ed.
993 2889 1047 2928 26
1073 2885 1267 2930 ostendit
1289 2885 1331 2928 R
1353 2890 1424 2930 -at
1444 2900 1541 2929 1—
1486 2907 1540 2912 —
1559 2884 1608 2928 L.
1695 2887 1751 2928 28
1776 2896 1932 2928 execu—

246 2942 446 2986 mnibus
475 2941 517 2984 R
548 2956 636 2986 om.
654 2941 690 2985 L
716 2945 1109 2999 prosecutionibus
1138 2959 1162 2987 r
1191 2943 1266 2989 vel
1296 2944 1645 2990 narrationibus
1676 2955 1848 3007 quaere
1877 2938 1932 2986 r‘

335 3005 390 3044 29
424 3001 635 3046 admittat
665 3000 751 3044 LR
780 3002 988 3046 abwndat
1018 3003 1091 3049 ed.
1851 3027 1856 3031 ·
