2014 3226
744 191 747 193 -
773 162 1075 207 AENEIDOS
1106 163 1149 206 II
1710 164 1810 215 169

121 307 172 352 111
232 321 328 366 quo
383 306 491 366 ipso
547 307 713 350 tuetur
767 318 1026 365 personam
1083 320 1223 351 suam
1278 307 1328 350 et
1383 319 1586 350 suorum
1634 304 1815 351 civium

121 382 320 442 gravat,
375 393 498 439 quos
549 377 658 424 vult¹
709 377 964 426 ostendere
1012 377 1231 425 extitisse
1280 392 1480 424 causam
1526 380 1583 424 ut
1631 378 1815 425 civicae

119 453 375 515 relig-ionis
422 452 675 499 naturalia
723 451 923 499 vincula
970 455 1235 513 rumperet.
1316 467 1426 498 cum
1474 452 1605 499 enim
1647 450 1815 511 Sinon,

121 530 176 573 ut
223 525 438 585 dicebat,
485 525 611 572 nihil
658 526 758 572 tale
807 524 866 572 de
914 525 1104 572 civibus
1144 524 1205 572 ob
1246 525 1443 587 culpam
1485 519 1637 590 (quae
1676 525 1815 572 nulla

76 619 95 649 5
121 594 307 664 fuerat)
356 600 638 657 meruisset,
692 600 878 647 iniusto
927 599 1171 660 supplicio
1218 603 1423 660 propter
1468 599 1614 646 unius
1653 598 1815 646 Ulixis

120 673 407 721 inimicitias
447 673 687 721 destinari
725 689 824 719 non
865 673 1036 720 debuit
1075 688 1132 720 ac
1171 689 1260 734 per
1298 673 1391 719 hoc
1430 673 1628 720 videtur
1658 674 1816 721 iustas

119 763 291 795 causa-s
331 747 510 794 habere
550 747 848 809 proditionis
890 763 1037 808 quem
1077 763 1175 794 non
1215 747 1317 793 iam
1357 748 1529 806 civem,
1571 747 1657 794 sed
1696 748 1814 795 alie-

119 838 236 867 num
277 836 380 868 esse
421 821 694 868 constabat.
759 821 836 868 cui
878 823 1009 868 enim
1048 838 1147 869 non
1188 823 1264 868 est
1303 837 1331 868 a
1372 820 1561 869 civibus
1595 821 1814 868 exhibita

116 895 306 958 religio,
347 897 426 943 cui
466 896 698 942 ultimum
737 895 1040 957 supplicium
1078 898 1431 956 praeparatum
1471 896 1635 942 fuerat
1668 895 1838 942 desiit.

0 982 1 992 ³
54 988 94 1018 ιο
119 968 298 1016 habere
344 969 633 1031 religiosum
682 971 803 1016 civis
850 985 1028 1017 nomen
1075 969 1250 1031 illique
1299 985 1467 1016 omnes
1506 970 1558 1015 in
1596 968 1813 1016 hostium

119 1059 377 1090 numerum
430 1044 631 1090 fuerant
685 1043 944 1106 redigendi
999 1044 1085 1104 qui
1140 1059 1335 1090 omnem
1390 1042 1513 1091 civis
1562 1043 1812 1091 adfectum

117 1117 257 1164 nulla
313 1133 370 1164 ex
434 1133 586 1165 causa
647 1118 883 1178 nulloque
946 1117 1185 1164 existente
1249 1116 1454 1165 crimine
1516 1116 1812 1164 abiecerant.

119 1206 328 1253 cumque
375 1192 503 1239 tales
551 1192 831 1239 extitissent
877 1193 930 1238 in
978 1186 1158 1252 civem,
1206 1207 1306 1238 non
1344 1195 1401 1238 ut
1440 1193 1586 1250 civis,
1634 1191 1719 1239 sed
1758 1196 1814 1238 111

116 1266 288 1313 reiecti
334 1265 616 1326 proditione
667 1266 829 1327 decipi
868 1268 1167 1313 meruerunt.
1245 1267 1326 1324 fas
1376 1266 1496 1312 milei
1546 1265 1813 1313 Grae'Orwm

23 1343 94 1389 '15
118 1343 315 1386 sacrata
362 1341 596 1387 resolvere
643 1342 770 1394 iura,
818 1341 899 1399 fas
938 1339 1095 1387 odisse
1133 1340 1263 1387 viros
1303 1343 1445 1398 atque
1482 1341 1647 1387 omn-ia
1685 1340 1814 1398 ferre

116 1415 205 1461 sub
238 1427 407 1469 auras,
437 1416 482 1461 εἰ
514 1428 611 1473 qua
643 1417 827 1475 tefflmt:
866 1429 975 1461 ecce
1015 1429 1128 1460 cum
1166 1429 1410 1461 summam
1450 1413 1813 1474 deprecationis

118 1503 234 1534 suae
274 1487 554 1550 colligeret,
595 1488 813 1536 ostendit
852 1504 903 1536 se
944 1504 973 1534 a
1013 1489 1115 1535 suis
1156 1488 1390 1550 alienum,
1429 1487 1594 1546 liceat⁷
1634 1489 1812 1548 inquit„

117 1561 239 1608 mihi
290 1560 555 1609 Graiorum
609 1565 806 1610 sacrata
859 1562 1105 1610 resolvere
1160 1562 1294 1622 iura⁷
1351 1563 1495 1622 quasi
1549 1562 1652 1608 iam
1705 1563 1812 1623 ipse

117 1633 332 1683 Graecus
389 1651 486 1683 non
542 1640 670 1684 esset
715 1636 795 1684 vel
842 1636 920 1683 illi
967 1635 1071 1684 eius
1119 1637 1241 1683 socii
1286 1651 1386 1684 non
1434 1636 1660 1683 fuissent.
1737 1635 1812 1683 fas

51 1728 94 1759 20
117 1709 279 1758 odisse
318 1711 451 1758 viros
491 1716 641 1772 atque
681 1712 847 1758 omnia
886 1710 1014 1758 ferre
1054 1709 1143 1758 sub
1183 1725 1355 1769 auras,
1395 1711 1438 1757 si
1477 1726 1576 1771 qua
1614 1712 1812 1772 tegunt:

116 1784 290 1843 liceat,
337 1784 523 1846 inquit,
573 1784 734 1833 odisse
780 1785 861 1831 vel
906 1785 1112 1846 prodere
1153 1800 1235 1832 eos
1276 1785 1362 1846 qui
1400 1783 1535 1831 cives
1572 1785 1670 1830 mei
1709 1799 1812 1832 esse

116 1858 396 1906 noluerunt.
487 1859 608 1906 haec
664 1859 727 1906 ad
781 1858 1178 1920 deprecationem
1233 1861 1282 1905 et
1335 1857 1812 1905 commendationem

120 1929 318 1980 Sinonis
350 1934 617 1994 pertinent⁷
642 1936 807 1980 cetera
841 1933 995 1980 alium
1028 1932 1254 1981 ordinem
1284 1935 1481 1992 tenent3
1516 1948 1633 1978 nam
1658 1932 1813 1979 Sinon

116 2005 193 2053 illi
223 2006 385 2067 primo
416 2008 553 2068 pai-fi
582 2007 849 2068 respondet
873 2022 973 2068 qua
997 2022 1148 2068 supra
1171 2006 1400 2054 Priamus
1425 2005 1552 2053 dixit
1575 2007 1812 2067 „amissos

20 2097 93 2131 1:³5
117 2079 232 2127 hinc
285 2082 388 2127 iam
442 2080 732 2129 obliviscere
788 2080 986 2140 Graios,
1048 2084 1217 2128 noster
1270 2078 1410 2128 eris“.
1502 2079 1686 2128 idcirco
1741 2082 1813 2127 ait

38 2211 42 2214 γ
117 2158 276 2201 teneor
312 2156 513 2214 patriae
556 2170 643 2203 nec
688 2156 873 2215 leyibus
909 2155 1027 2203 ullis
1037 2172 1056 2211 ‚·
1107 2171 1286 2217 pamm
1326 2156 1458 2201 enim
1495 2155 1663 2202 fuerat
1700 2170 1812 2216 pro-

116 2228 300 2275 fessum
348 2227 557 2276 Graium
604 2244 656 2277 se
703 2243 806 2277 esse
854 2229 1062 2289 desisse,
1115 2228 1212 2276 nisi
1266 2228 1420 2276 etiam
1472 2226 1600 2276 illud
1650 2232 1812 2276 osten-

76 2351 78 2353 ,
117 2301 269 2362 deret,
307 2302 496 2350 factum
536 2318 641 2351 esse
680 2303 954 2352 Troianum
992 2304 1085 2351 hoc
1121 2305 1196 2351 est
1229 2302 1466 2351 abiecisse
1499 2301 1635 2364 quod
1665 2306 1812 2351 natus

44 2427 45 2431 Ἰ
119 2377 194 2422 est
245 2378 295 2423 et
355 2391 463 2424 esse
525 2377 658 2439 quod
718 2380 1018 2439 provenerat
1077 2377 1416 2425 benivolentia
1470 2376 1812 2424 Troianorum.

37 2465 96 2498 ⁵³0
117 2452 288 2497 teneor
324 2451 519 2512 patriae
560 2466 650 2498 nec
688 2450 880 2515 legibus
919 2451 1060 2512 111113;
1114 2452 1227 2514 plus
1267 2453 1363 2499 est
1382 2451 1513 2499 enim
1553 2450 1812 2498 voluntate

36 2558 51 2602 ἒ
118 2524 322 2571 retineri
377 2541 526 2586 quam
580 2525 797 2589 legibus,
844 2525 1060 2573 alterum
1107 2526 1292 2588 quippe
1340 2541 1398 2572 ex
1446 2524 1611 2573 studio
1658 2540 1811 2586 purae

41 2606 51 2665 j
117 2599 319 2658 mentis,
367 2599 581 2646 alterum
627 2615 684 2647 ex
730 2600 1026 2648 necessitate
1074 2598 1339 2647 descendit.
1416 2602 1469 2646 tu
1505 2599 1646 2646 modo
1679 2612 1798 2658 pro-
1818 2601 1902 2642 160

37 2669 55 2743 j?
117 2672 279 2719 missis
307 2686 511 2720 maneas
539 2677 827 2733 servataque
856 2688 1030 2728 servae,
1059 2673 1224 2728 Troia,
1255 2673 1428 2732 fidem:
1459 2671 1812 2736 apostropham

238 2802 260 2839 1
294 2798 389 2853 ipse
421 2799 493 2844 ed.
630 2803 684 2842 12
716 2800 980 2844 abiecerunt
1008 2798 1051 2842 R
1081 2804 1212 2844 -rant
1239 2812 1264 2841 1·
1288 2820 1344 2835 =
1369 2798 1419 2841 L.
1551 2803 1605 2841 13
1637 2811 1731 2842 ‘nou
1761 2803 1814 2843 ut

117 2857 228 2899 civis
258 2855 346 2900 LR
374 2858 464 2912 fide
492 2860 673 2915 proteyi
701 2858 810 2901 add,
836 2858 887 2901 in
918 2871 1063 2916 marg.
1089 2857 1142 2912 r',
1174 2858 1259 2902 sed
1289 2857 1410 2901 nihil
1442 2856 1751 2901 desideratur.

119 2918 175 2956 14
209 2916 358 2960 reiecti
387 2915 476 2959 LR
503 2922 670 2962 retecta
701 2917 773 2960 ed.
800 2919 810 2973 Ι
837 2918 986 2973 decipi
1008 2916 1095 2960 LR
1116 2918 1258 2962 hostis
1281 2917 1439 2972 officia
1462 2916 1535 2961 ed.
1629 2920 1686 2960 24
1712 2917 1823 2972 pri<

117 2987 217 3017 mae
246 2974 318 3017 ed.
440 2979 496 3019 27
534 2976 731 3021 Graium
762 2990 851 3021 om.
873 2976 947 3020 ed.
