2014 3226
787 165 1128 208 PRAEFATIO
1615 166 1804 208 XXXIX

111 310 273 368 fuisse,
313 306 444 369 quod
477 309 528 353 et
557 323 646 367 pro
681 306 762 367 „id
794 303 897 353 est“
930 308 979 353 et
1011 321 1100 367 pro
1134 303 1325 365 „idem“
1359 320 1503 368 saepe
1537 306 1801 353 invenitur.

110 399 169 431 ne
215 384 381 430 autem
429 383 518 428 aut
556 380 599 426 R
644 382 730 427 aut
770 396 827 427 ex
867 379 1006 427 libris
1047 377 1262 427 HOUM
1303 379 1484 440 aliquis
1525 379 1675 427 fuisse
1715 397 1802 442 pu-

110 459 243 504 tetur
297 470 445 517 supra
500 456 826 516 praecautum
882 456 969 501 est.
1047 453 1172 500 illud
1227 469 1344 501 vero
1399 468 1615 501 asserere
1671 454 1802 513 licet,

109 532 310 592 propter
356 529 489 577 locos
537 527 864 575 communiter
911 528 971 575 ab
1013 527 1052 574 L
1101 529 1149 573 et
1189 527 1234 570 V
1275 527 1632 589 discrepantes,
1679 544 1802 589 quo-

107 620 218 651 rum
258 602 481 664 exempla
521 617 672 663 supra
713 602 884 663 attuli,
930 601 1175 649 editorum
1216 600 1604 663 „archetypum“
1643 602 1801 649 eidem

107 677 325 725 familiae
365 676 793 724 adnumerandum
833 691 937 723 esse
978 677 1127 737 atque
1160 674 1387 723 HOUM.
1449 676 1667 735 „mendis
1701 676 1801 723 edi-

106 752 292 799 tionem
330 750 717 812 Neapolitanam
763 750 836 797 ita
880 750 1119 811 repletam
1169 765 1294 808 esse,
1343 752 1398 796 ut
1439 749 1623 797 Donati
1671 764 1800 797 com-

106 824 334 873 mentarii
382 827 432 871 et
479 823 599 871 editi
648 826 698 871 et
743 840 842 872 non
889 823 1012 871 editi
1056 822 1385 884 viderentur“,
1437 825 1543 871 iure
1596 827 1799 885 questus

103 902 179 947 est
219 898 460 960 Georgius
500 897 768 946 Fabricius.
848 914 997 959 quam
1043 897 1165 944 bene
1213 898 1317 960 ipse
1363 898 1421 944 de
1462 897 1660 946 Donato
1699 915 1799 946 me-

103 973 228 1020 ritus
261 969 328 1020 sit
358 988 471 1019 mox
504 971 795 1019 videbimus.
854 988 1007 1018 unum
1048 971 1199 1019 addo:
1239 974 1430 1033 quanta
1470 987 1583 1033 pars
1625 973 1798 1034 culpae

106 1047 156 1094 in
195 1046 384 1105 Flavio,
426 1048 613 1107 quanta
653 1046 704 1093 in
744 1045 982 1108 scriptore
1023 1045 1128 1094 eius
1169 1045 1349 1094 codicis
1387 1046 1603 1106 haereat,
1642 1062 1797 1108 quon-

102 1120 203 1168 iam
250 1120 328 1167 hic
374 1120 519 1167 hodie
566 1135 665 1167 non
713 1122 869 1179 extat,
921 1119 1187 1181 disceptari
1236 1136 1334 1169 non
1382 1122 1560 1181 potest.
1638 1121 1796 1168 multa

103 1195 153 1242 in
201 1210 257 1242 eo
305 1194 508 1254 omissa,
556 1194 854 1254 deformata,
909 1197 1103 1241 mutata
1159 1194 1308 1242 fuisse
1365 1210 1421 1241 ex
1469 1189 1796 1242 similitudine

102 1268 342 1316 librorum
374 1266 531 1316 HOU
564 1268 918 1330 suspicandum
958 1271 1045 1316 est.
1109 1268 1451 1315 additamenta
1485 1271 1666 1327 autem,
1698 1285 1796 1317 non

101 1342 211 1390 dico
252 1359 310 1390 ea
349 1358 475 1404 quae
516 1342 811 1390 emendandi
850 1357 999 1390 causa
1038 1342 1268 1390 breviora
1306 1344 1493 1390 inserta
1535 1345 1666 1403 sunt,
1710 1343 1796 1391 sed

101 1416 222 1464 haec
262 1432 388 1478 quae
428 1416 569 1464 nulla
600 1419 806 1479 cogente
840 1432 989 1464 causa
1021 1416 1326 1478 interpolata
1358 1416 1797 1478 deprehenduntur

107 1492 151 1550 1,
179 1483 324 1538 346¹&
374 1492 495 1539 506.
546 1492 595 1551 4,
623 1493 742 1538 221.
794 1491 840 1551 6,
868 1491 988 1538 579.
1033 1491 1154 1539 647.
1196 1491 1244 1550 8,
1270 1492 1392 1538 323.
1436 1492 1481 1551 9,
1509 1491 1630 1538 487.
1672 1492 1793 1539 818.

106 1566 187 1627 10,
207 1566 327 1612 325.
365 1567 447 1626 11,
469 1566 587 1612 126.
624 1565 743 1612 678.
781 1566 900 1612 750.
938 1567 1020 1625 12,
1047 1565 1170 1624 878,
1202 1565 1376 1612 Flavio
1409 1565 1607 1612 crimini
1630 1564 1793 1612 danda

102 1642 230 1686 sunt.
309 1654 479 1686 eorum
518 1638 730 1686 maxime
769 1639 988 1686 notabile
1033 1641 1116 1699 10,
1142 1640 1247 1686 325
1286 1638 1555 1687 Garcilassi
1594 1640 1793 1701 patroni

101 1711 455 1760 adolescentuli
502 1714 666 1776 gratia
717 1712 979 1760 confictum
1025 1715 1160 1774 puto.
1201 1739 1274 1746 —
1320 1712 1462 1760 Hanc
1511 1713 1792 1773 editionem,

101 1803 250 1848 quam
288 1787 594 1850 incognitam
629 1786 886 1835 Germanis
927 1803 984 1834 ex
1023 1787 1199 1834 itinere
1238 1787 1416 1835 Italico
1457 1802 1621 1835 secum
1661 1791 1790 1835 attu-

101 1859 248 1922 lerat,
296 1859 351 1908 G.
393 1861 647 1909 Fabricius
689 1859 1054 1909 Chemnicensis
1102 1861 1243 1909 annis
1287 1862 1646 1908 1547—1551
1693 1878 1791 1908 una

100 1950 211 1982 cum
248 1935 459 1999 Vergilii
505 1937 646 1983 textu
693 1938 743 1982 et
782 1934 1150 1984 commentariis
1192 1934 1351 1982 Servii
1389 1935 1619 1984 Basileae
1658 1937 1790 1998 apud

99 2006 365 2058 Hem-icum
398 2009 534 2057 Petri
564 2009 700 2071 typis
731 2009 1112 2071 imprimendam
1145 2009 1354 2058 curavit.
1416 2009 1788 2058 vitiosissimam

99 2097 204 2130 eam
245 2098 349 2131 esse
388 2099 556 2132 omnes
590 2083 676 2145 qui
706 2083 758 2130 in
788 2084 1042 2132 Donatum
1082 2099 1285 2144 operam
1315 2084 1665 2146 impenderunt
1702 2099 1789 2146 pa-

43 2206 46 2209 *
98 2155 220 2203 riter
255 2157 620 2206 intellexerunt.
683 2156 769 2205 sed
798 2157 939 2219 peius
971 2173 1022 2206 se
1053 2173 1132 2205 res
1164 2157 1316 2205 habet
1348 2173 1494 2219 quam
1529 2158 1609 2205 vel
1642 2157 1787 2206 Thilo

98 2231 385 2292 praesensit,
417 2247 527 2279 cum
568 2231 763 2279 collatis
795 2232 1092 2293 quibusdam
1116 2231 1352 2280 Vaticani
1382 2231 1502 2280 locis
1535 2231 1786 2279 Donatum

99 2319 228 2352 nova
273 2304 488 2354 editione
533 2307 795 2368 vulgatum
842 2307 1018 2368 „longe
1067 2306 1219 2353 aliam
1274 2305 1452 2353 faciem
1498 2305 1787 2353 habiturum

98 2376 230 2426 esse“
270 2379 518 2440 scriberet,
556 2379 635 2427 vel
674 2396 719 2427 v.
744 2379 790 2426 d.
814 2379 1019 2428 Hoeven
1058 2381 1297 2442 repperit,
1347 2396 1458 2428 cum
1497 2379 1787 2427 Harlemen-

99 2466 200 2499 sem
246 2454 501 2501 conferret.
578 2469 695 2500 nam
740 2469 840 2501 non
885 2454 1031 2502 modo
1080 2469 1247 2502 eorum
1291 2454 1529 2502 vitiorum
1569 2469 1695 2516 quae
1734 2454 1785 2500 in

100 2525 312 2575 editione
342 2527 584 2575 Flaviana
622 2530 886 2576 occurrunt
917 2530 1145 2576 sexcenta
1176 2527 1431 2576 Fabricius
1470 2528 1786 2576 inemendata

99 2598 286 2648 dimisit
338 2601 424 2649 sed
478 2601 626 2649 etiam
681 2616 811 2650 nova
863 2602 970 2664 ipse
1015 2602 1224 2666 ingessit
1269 2617 1368 2650 non
1414 2616 1586 2663 pauca.
1664 2603 1785 2650 satis

98 2672 274 2722 habuit
324 2675 615 2724 manifestos
669 2675 902 2723 editionis
948 2675 1219 2723 Flavianae
1275 2691 1463 2724 errores
1518 2678 1607 2724 aut
1661 2691 1783 2737 quos

55 2740 58 2745 ’
98 2748 385 2796 manifestos
441 2748 672 2797 credebat
725 2750 967 2812 corrigere
1022 2749 1172 2812 idque
1218 2751 1563 2812 properanter,
1616 2749 1783 2796 indili-

98 2822 284 2883 genter,
321 2837 467 2884 saepe
504 2823 687 2885 inepte,
725 2823 972 2872 sententia
1008 2839 1186 2886 parum
1231 2838 1488 2886 perpensa.
1565 2823 1783 2871 codicem

98 2894 228 2941 enim
265 2895 479 2959 Neapoli
523 2898 643 2945 tunc
687 2896 819 2945 haud
866 2897 1011 2945 dubie
1058 2897 1251 2946 salvum
1298 2897 1360 2944 ab
1400 2912 1457 2945 eo
1496 2912 1592 2945 non
1633 2897 1783 2945 colla-

97 2968 205 3015 tum
235 2982 340 3017 esse
370 2970 552 3021 omissa
573 2970 691 3033 >ipsa
720 2970 910 3019 maiora
942 2971 1230 3032 ostendunt-3
1270 2973 1386 3020 sunt
1417 2970 1547 3019 enim
1578 2986 1782 3019 numero
