2014 3226
757 122 1060 166 AENEIDOS
1092 123 1134 165 Π
1692 123 1785 173 151

109 266 314 313 Teucria
345 265 487 312 luctu.
546 263 840 325 panduntur
862 266 1049 322 portae,
1082 265 1220 310 iuvat
1251 265 1321 310 ire
1353 266 1396 310 et
1417 263 1603 310 Dorica
1635 267 1797 310 eastra

106 341 403 397 desertosque
442 337 602 383 ridere
641 338 766 383 loeas
804 337 1011 395 litusque
1048 337 1290 384 relictum:
1343 335 1602 384 moralitas
1649 337 1795 398 plena

106 414 197 460 hoc
237 413 343 459 loco
383 412 712 470 monstratum
751 410 837 456 ubi
876 410 1006 457 enim
1043 410 1284 457 creditum
1316 414 1390 458 est
1422 413 1471 458 et
1503 410 1796 457 multimoda

107 485 383 547 suspicione
423 484 674 531 firmatum
712 484 831 531 belli
870 483 1060 531 rabiem
1100 484 1326 532 abscessu
1358 484 1514 532 hostis
1547 499 1650 532 esse
1684 483 1794 530 sub-

63 577 84 609 5
108 563 314 618 motam,
362 558 556 606 solutus
605 559 678 605 cst
724 558 861 619 longi
899 558 1136 619 temporis
1176 558 1341 605 luctus
1382 561 1432 604 et
1469 559 1796 605 reseravimus

106 635 289 696 portaS,
330 634 439 679 ausi
478 633 598 693 quin
639 631 790 679 etiam
830 647 1000 679 sumus
1040 631 1302 692 procedere
1344 631 1683 692 aliquantum,
1722 649 1795 679 re-

105 709 260 755 visere
300 707 408 753 loca
450 722 574 767 quae
614 705 769 753 hostis
810 705 1070 753 obsederat
1109 708 1158 753 et
1197 705 1426 767 deinceps
1466 705 1683 767 liquerat
1715 706 1795 753 de-

106 784 359 841 sertosque
407 779 572 827 videre
619 779 775 839 locos,
823 794 1005 827 vacuos
1054 779 1115 826 ab
1162 779 1387 827 hostibus
1435 796 1556 841 quos
1612 779 1798 827 dudum

107 855 299 901 animus
356 854 581 915 oppletos
635 854 882 901 horrebat.
951 869 1079 913 pars
1124 857 1282 914 stupet
1326 853 1561 913 innuptae
1617 856 1794 901 (lorium
1822 851 1882 896 '31

0 938 2 999 l
41 947 82 979 ιο
107 929 296 976 exitiale
332 929 591 975 Minervae
631 931 674 975 et
709 928 880 975 molem
917 929 1164 975 ‘mirantur
1196 927 1326 987 equi:
1365 927 1676 975 mirabantur
1708 929 1797 975 ali-

0 1003 1 1018 ³
107 1004 190 1064 qui
222 1006 270 1049 et
302 1001 632 1049 subtilitatem
665 1002 785 1050 artis
811 1004 861 1049 et
885 1001 1101 1049 fabricae
1127 1001 1536 1065 magnitudinem.
1580 1003 1797 1061 primus-

106 1091 194 1135 que
244 1076 525 1135 Thymoetes
571 1076 684 1122 duci
732 1078 860 1123 iutra
906 1090 1074 1123 muros
1117 1077 1340 1123 hortatur
1387 1079 1429 1123 et
1475 1091 1587 1124 arce
1632 1077 1798 1125 locari.

104 1152 205 1197 sive
259 1150 365 1197 dolo
419 1164 503 1197 seu
551 1151 650 1197 iam
699 1150 876 1196 Troiae
921 1151 990 1196 sic
1033 1150 1143 1209 fata
1188 1151 1429 1210 ferebant:
1490 1149 1635 1197 huius
1686 1153 1798 1211 post

106 1224 290 1271 exitum
327 1240 493 1270 rerum
533 1223 779 1271 sententia
817 1224 956 1271 venit
992 1225 1046 1270 in
1087 1223 1292 1271 dubium
1331 1227 1395 1283 et,
1435 1223 1552 1285 quia
1583 1223 1708 1270 nihil
1741 1239 1798 1270 ex

23 1315 83 1350 ,15
107 1300 277 1360 aperto
326 1298 638 1357 constiterat,
684 1299 872 1359 partim
918 1297 1187 1359 proditoris
1228 1298 1394 1345 animo
1434 1300 1620 1359 partim
1658 1299 1798 1346 inno-

107 1374 271 1420 center
318 1373 525 1419 sensisse
574 1371 820 1419 iudicatus
870 1374 967 1431 est,
1013 1371 1124 1420 ideo
1165 1371 1411 1434 proditor,
1452 1371 1569 1434 quia
1608 1373 1798 1432 primus

106 1449 291 1494 ceteros
330 1446 557 1493 hortatus
599 1448 673 1493 est
711 1448 769 1492 ut
807 1462 963 1507 equus
1002 1445 1356 1507 perduceretur
1401 1462 1555 1507 usque
1604 1445 1668 1492 ad
1706 1446 1797 1492 Mi-

106 1535 283 1568 nervae
322 1520 579 1581 templum,
618 1519 728 1567 ideo
767 1521 1024 1580 innocens,
1065 1520 1184 1581 quia
1222 1520 1408 1567 maiore
1447 1520 1499 1567 vi
1538 1519 1798 1568 constabat

106 1594 332 1642 interisse
386 1594 649 1655 imperium
697 1594 887 1642 Troiae.
968 1598 1019 1641 at
1067 1594 1229 1654 Capys
1285 1598 1328 1642 et
1380 1608 1586 1653 quorum
1631 1593 1800 1642 'melior
1832 1596 1887 1637 35

14 1684 85 1718 eno
106 1670 339 1716 sententia
391 1669 538 1715 mereti
593 1672 679 1715 aut
723 1669 900 1728 pelayo
947 1669 1186 1716 Danaum
1231 1669 1442 1715 insidias
1487 1671 1801 1728 suspectaque

107 1743 235 1790 doua
281 1744 610 1802 praecipitare
662 1743 828 1789 iuberet
879 1743 1194 1801 subiectisque
1246 1757 1388 1790 urere
1440 1744 1653 1800 flammis
1714 1746 1801 1790 aut

106 1817 344 1864 terebrare
383 1831 530 1864 cavas
575 1818 700 1864 uteri
748 1820 790 1863 et
835 1819 1066 1876 temptare
1105 1817 1340 1863 latebras:
1404 1815 1582 1878 Capys,
1621 1816 1799 1877 inquit,

109 1894 155 1938 et
188 1890 275 1938 alii
308 1889 484 1938 melius
513 1890 803 1951 sentientes3
837 1890 923 1938 sed
953 1906 1052 1937 non
1084 1893 1202 1937 tunc
1234 1889 1444 1938 iudicati
1475 1892 1591 1938 sunt
1621 1890 1798 1937 melius

108 1964 330 2024 sensisse,
355 1965 440 2012 sed
464 1967 579 2026 post
602 1963 847 2011 excidium
865 1964 1057 2012 Troiae.
1099 1966 1272 2011 contra
1290 1962 1474 2025 Capyis
1499 1965 1800 2012 sententiam

36 2052 84 2090 aa
107 2041 377 2086 tractantes
417 2039 518 2085 alia
557 2037 788 2086 dicebant
827 2038 1069 2098 facienda,
1108 2037 1238 2085 ideo·
1260 2037 1332 2085 ait
1370 2038 1609 2086 scinditur
1646 2040 1799 2086 incer-

107 2116 208 2159 tum
232 2113 394 2160 studia
417 2114 470 2159 iu
494 2114 742 2160 contraria
763 2113 951 2173 vulqus.
1008 2127 1121 2160 cum
1150 2113 1313 2175 totum
1345 2111 1476 2159 enim
1509 2111 1800 2173 suspicioni·

108 2186 197 2233 bus
237 2190 480 2250 ageretur,
511 2186 637 2234 nihil
676 2187 843 2248 potuit
872 2189 1005 2235 recte
1037 2179 1257 2233 firmari(
1301 2185 1423 2248 quid
1454 2202 1571 2250 ergo
1604 2186 1801 2234 dicebat

108 2275 222 2321 pars
255 2276 382 2322 quae
415 2263 588 2308 contra
620 2260 909 2322 Thymoetis
943 2259 1208 2308 arbitrium
1239 2258 1496 2308 senserat?
1554 2259 1684 2308 dona
1714 2260 1799 2307 ho-

76 2333 259 2381 stium
304 2334 478 2382 debere
527 2350 631 2382 esse
679 2337 923 2396 suspecta,
969 2333 1175 2396 proinde
1222 2333 1466 2382 tradenda
1503 2334 1800 2396 praecipitia

36 2423 89 2457 eto
112 2410 197 2455 aut
236 2408 568 2456 consumenda
604 2409 832 2457 incendio
873 2401 961 2456 aut
999 2407 1294 2456 terebrando
1333 2407 1638 2470 temptanda.

229 2584 255 2622 5
286 2580 534 2623 seravimus
565 2579 607 2621 R
638 2592 752 2622 corr.
785 2593 809 2622 r
833 2600 888 2614 =
914 2578 962 2622 L.
1073 2583 1096 2621 ’ἶ
1132 2579 1327 2634 liquerat
1357 2577 1444 2621 LR
1475 2578 1636 2622 licebat
1667 2578 1738 2622 ed.
1817 2618 1823 2623 .

112 2640 139 2679 8
169 2651 252 2692 que
276 2650 364 2681 om.
383 2638 454 2681 ed.
484 2639 491 2694 Ι
518 2639 635 2682 locos
658 2637 745 2681 LR
769 2639 796 2681 Ξ.
820 2639 902 2681 hoc
925 2643 989 2682 est
1019 2637 1092 2682 ed.
1189 2643 1241 2680 16
1272 2639 1440 2682 sentire
1469 2637 1541 2681 ed
1635 2641 1691 2680 23
1722 2637 1800 2681 sed

54 2748 57 2750 q
112 2693 198 2738 LR
227 2698 308 2752 qui
338 2711 373 2740 r.
402 2699 409 2755 Ι
435 2697 693 2742 iudicantes
722 2696 766 2740 R
795 2697 992 2742 iudicati
1020 2702 1131 2740 suut
1159 2710 1184 2739 r
1207 2718 1263 2733 =
1288 2696 1338 2739 L.
1440 2700 1496 2739 24
1531 2697 1682 2754 Capys
1713 2693 1800 2738 LR

40 2799 54 2807 .
112 2753 165 2810 (L
197 2768 302 2798 cum
331 2758 507 2812 puncto
540 2757 626 2800 sub
657 2759 704 2814 y)
737 2756 807 2799 ed.
845 2756 1008 2814 Gapyn
1039 2756 1110 2800 ed.
1144 2758 1265 2812 post.
1301 2755 1473 2812 Capyis
1502 2769 1600 2799 nos.
1645 2757 1650 2811 Ι
1700 2769 1799 2799 seu-

43 2829 66 2873 3²
113 2814 298 2858 tentiam
336 2828 424 2859 om.
458 2816 567 2859 edF.
732 2819 788 2858 29
814 2815 1063 2884 praecipiti
1092 2815 1143 2858 id
1175 2814 1210 2857 L
1235 2815 1516 2871 praecipitia
1546 2815 1597 2858 id
1627 2813 1669 2856 R
1694 2814 1800 2870 (sed

112 2871 184 2974 6131
208 2871 296 2916 del.
287 2873 455 2976 ,tipse)
495 2875 770 2931 praecipitio
809 2889 832 2916 r
876 2875 928 2918 iu
967 2887 1186 2930 praeceps
1231 2874 1369 2918 iidem
1409 2873 1480 2918 ed
1528 2874 1665 2917 iidem
1709 2873 1798 2917 del

47 2934 66 3006 ἒ
113 2942 138 2972 e
216 2945 299 2987 pos

44 3016 86 3226 ἰ
