2014 3226
190 175 297 226 272
659 173 891 217 DONATI
921 172 1201 216 INTERPR.
1237 173 1416 216 VERG.

189 317 473 362 amicorum.
555 313 776 360 dedimus
823 312 1150 376 intellegendi
1195 314 1350 374 viam,
1401 315 1564 360 cetera
1610 314 1766 361 lector
1813 314 1888 360 in-

190 391 369 450 veniet,
405 403 529 449 quae
569 389 712 434 tanta
753 390 868 434 sunt
907 402 1007 434 uno
1046 402 1195 434 versu
1227 387 1474 447 conclusa,
1506 389 1562 433 ut
1593 388 1715 435 haec
1747 387 1888 435 libris

192 463 428 524 explicari
481 477 581 508 non
635 462 850 521 possent.
929 463 1193 522 postquam
1245 475 1406 519 pavor
1468 475 1579 508 ossa
1639 462 1889 521 relinquet:

192 553 340 597 supra
390 536 518 581 enim
568 534 692 580 dixit
740 537 875 595 „tum
925 550 1041 581 vero
1092 535 1300 595 ancipiti
1354 536 1570 581 mentem
1624 535 1888 584 formidine

190 626 386 671 pressus
420 608 639 670 obstipui
672 610 1014 669 steteruntque
1045 623 1213 655 comae
1241 611 1288 655 et
1314 624 1408 655 vox
1433 609 1658 656 faucibus
1683 608 1886 659 haesit“.
1935 625 1954 658 5

190 686 456 744 postquam
496 698 681 744 pavore
723 682 1005 729 discedente
1044 683 1322 745 integratus
1364 685 1460 743 est,
1500 682 1684 743 inquit,
1734 683 1890 730 animi

191 759 288 804 mei
328 758 487 819 vigor,
525 757 723 804 delectos
753 757 930 815 populi
961 756 1028 803 ad
1050 770 1275 815 proceres
1297 757 1611 816 primumque
1633 760 1890 816 parentem

191 835 410 878 neon-stra
438 832 581 878 deum
604 832 760 889 refero
786 834 829 877 et
851 844 974 889 quae
997 831 1061 878 sit
1082 832 1316 877 sententia
1331 844 1503 889 posco:
1537 831 1659 891 quid
1683 830 1890 878 vidisset

190 906 271 952 vel
321 904 440 965 quid
488 904 710 951 audisset
755 904 973 965 primum
1025 903 1088 950 ad
1141 906 1358 965 patrem,
1415 905 1502 965 qui
1554 904 1774 952 iudicare
1830 905 1889 952 de

190 980 424 1026 monstris
474 980 523 1025 et
571 979 794 1040 auguriis
842 980 1029 1039 nosset,
1078 978 1252 1025 deinde
1309 979 1373 1025 ad
1426 980 1644 1039 potiores
1701 981 1888 1026 ceteros
1915 994 1958 1026 10

190 1053 419 1114 pertulit3
476 1051 648 1100 debuit
696 1053 827 1099 enim
875 1052 995 1114 quid
1038 1052 1171 1099 facto
1213 1067 1336 1113 opus
1378 1054 1507 1100 esset
1547 1053 1767 1100 omnium
1808 1053 1888 1100 de-

107 1134 162 1172 60
196 1127 331 1173 finiri
384 1126 646 1174 sententia.
731 1127 953 1173 omnibus
1005 1125 1132 1173 idem
1187 1127 1405 1173 animus:
1468 1142 1658 1187 omnes,
1710 1127 1889 1188 inquit,

191 1218 345 1247 unum
382 1202 584 1248 tenuere
635 1200 909 1248 consilium.
988 1201 1222 1248 scelerata
1270 1201 1489 1248 excedere
1534 1205 1686 1256 terra,
1736 1202 1891 1260 linqui

181 1275 429 1335 pollutum
458 1275 720 1335 hospitium
753 1277 794 1321 et
825 1275 945 1322 dare
977 1275 1214 1321 elassibus
1245 1278 1461 1322 austros:
1500 1275 1554 1321 in
1591 1274 1890 1322 tractatibus

190 1349 425 1411 publicis,
475 1364 585 1395 cum
626 1348 772 1395 dubia
814 1350 867 1394 in
906 1347 1124 1395 medium
1163 1350 1393 1409 veniunt,
1439 1349 1492 1396 id
1530 1350 1743 1396 maxime
1782 1348 1891 1396 fieri
1915 1365 1957 1398 15

192 1424 424 1471 convenit
465 1423 597 1484 quod
636 1423 865 1484 plurimis
906 1422 1103 1470 sederit.
1169 1423 1250 1470 hic
1291 1425 1472 1484 autem,
1512 1425 1751 1484 quoniam
1791 1425 1890 1471 evi-

193 1497 311 1544 dens
349 1497 538 1544 malum
578 1496 844 1543 videbatur
884 1498 932 1544 et
970 1498 1076 1543 tam
1118 1497 1389 1544 execrabile
1423 1498 1657 1544 extiterat
1689 1498 1891 1557 factum,

193 1587 361 1619 omnes
394 1571 610 1633 probant
649 1586 754 1618 esse
794 1570 1100 1633 fugiendum,
1132 1587 1193 1618 ne
1231 1572 1286 1618 in
1324 1570 1471 1618 terris
1505 1571 1784 1619 crudelibus
1816 1572 1891 1632 pii

194 1648 243 1692 et
289 1645 515 1708 religiosi
562 1661 673 1692 cum
718 1644 825 1708 iugi
876 1645 1055 1692 salutis
1110 1660 1228 1692 suae
1281 1645 1503 1706 periculo
1558 1647 1892 1693 morarentur:

192 1735 463 1780 numquam
519 1720 652 1766 enim
707 1718 1062 1766 dissimilitudo
1116 1735 1311 1767 morum
1367 1718 1616 1767 amicitiae
1678 1719 1891 1767 vinculis
1916 1735 1975 1768 20³

191 1796 357 1854 potest
405 1793 672 1854 aliquando
721 1793 968 1856 coniungi.
1046 1795 1245 1854 praeter
1281 1793 1411 1841 hanc
1451 1809 1653 1842 causam
1693 1793 1890 1842 accede-

191 1867 278 1914 bat
326 1867 450 1928 alia,
497 1867 629 1928 quod
676 1867 958 1914 incolarum
997 1867 1178 1915 scelere
1217 1867 1469 1928 pollutum
1510 1868 1687 1915 fuisset
1725 1867 1891 1929 hospi-

192 1942 319 1987 tium
373 1941 466 1989 hoc
522 1944 596 1989 est
650 1941 815 1988 soluta
864 1958 954 2003 per
1001 1941 1158 1989 scelus
1206 1941 1429 1989 amicitia
1477 1957 1604 2003 quae
1650 1941 1892 2004 religione

193 2015 444 2062 foederum
490 2015 654 2062 fuerat
699 2016 946 2077 iniuncta,
1001 2014 1130 2063 unde
1182 2015 1245 2062 ad
1298 2015 1351 2062 id
1400 2015 1638 2063 tendebat
1683 2031 1783 2076 res,
1837 2017 1894 2063 ut

192 2089 298 2136 illic
345 2090 613 2137 consistere
659 2105 749 2137 nec
796 2090 919 2136 utile
965 2089 1220 2137 videretur
1267 2092 1317 2138 et
1362 2090 1710 2153 inreligiosum
1762 2090 1892 2137 esset
1915 2101 1982 2138 253·

192 2162 298 2210 illic
336 2164 577 2210 remorari
614 2162 700 2210 ubi
738 2165 1018 2211 innocentis
1059 2163 1266 2210 Troiani
1303 2165 1447 2225 pueri
1483 2165 1684 2226 sanguis
1715 2163 1892 2212 fuisset
1975 2197 1985 2202 ·-

196 2236 394 2284 effusus.
473 2237 590 2284 dare
630 2237 872 2285 classibus
912 2240 1128 2285 austros:
1179 2237 1368 2285 locutio
1407 2253 1507 2285 non
1544 2239 1745 2284 tantum
1792 2253 1893 2285 non
1978 2256 1985 2308 ς

193 2309 390 2371 vitiosa,
421 2327 595 2359 verum
627 2310 780 2358 etiam
811 2311 1093 2373 splendida3
1125 2312 1335 2373 simplex
1367 2312 1499 2359 enim
1530 2311 1698 2358 fuerat
1730 2310 1892 2359 dicere
1973 2316 1999 2366 ,ἢ

195 2383 312 2431 dare
352 2383 494 2432 navis
534 2386 712 2446 ventis,
748 2385 833 2433 sed
864 2387 921 2432 ut
951 2386 1230 2433 novitatem
1267 2385 1525 2434 induceret
1564 2385 1892 2447 eloquentiae,

314 2574 339 2613 2
373 2575 457 2613 aut
486 2569 573 2613 LR
603 2575 655 2614 ut
684 2585 707 2613 r
737 2571 808 2614 ed.
933 2574 958 2613 3
985 2575 1168 2626 possent
1198 2569 1286 2613 LR
1311 2571 1492 2625 possint
1521 2584 1556 2614 r.
1612 2571 1619 2625 Ι
1671 2570 1891 2626 relinquit

194 2629 282 2672 LR
311 2630 498 2685 reliquit
527 2644 551 2672 r
582 2629 654 2673 ed.
779 2636 804 2672 ϋ
839 2630 1092 2674 descedente
1123 2629 1211 2672 LR
1241 2629 1493 2673 discedente
1527 2628 1602 2674 ed.
1635 2629 1895 2674 decedente?

287 2693 340 2732 11
373 2689 497 2743 facio
527 2688 570 2731 R
599 2689 723 2743 facto
754 2703 777 2731 r
802 2710 855 2725 =
881 2688 930 2732 L.
1101 2692 1154 2731 13
1188 2689 1390 2746 linquere
1422 2688 1494 2733 ed.
1593 2711 1597 2716 -
1661 2693 1716 2732 15
1749 2688 1895 2732 medio

197 2746 285 2790 LR
315 2747 386 2792 ed.
421 2748 616 2792 medium
649 2761 747 2791 nos.
884 2753 937 2791 16
969 2748 1133 2792 sederit
1163 2747 1250 2790 LR
1281 2747 1408 2792 cordi
1436 2761 1471 2792 s.
1507 2747 1577 2791 ed.
1718 2751 1771 2790 21
1806 2748 1893 2791 ali·
1971 2787 1974 2790 .

195 2807 380 2863 quando
411 2820 499 2850 om.
526 2806 597 2850 ed.
634 2807 640 2862 Ι
682 2807 870 2863 coninyi
899 2806 988 2850 LR
1018 2819 1132 2850 corr.
1166 2821 1201 2849 r.
1326 2810 1502 2850 23—24
1534 2806 1771 2863 reliqionis
1800 2807 1893 2860 foe·
1966 2822 1979 2846 .·

195 2867 410 2910 dei-arum
456 2865 543 2908 LR
588 2866 807 2924 reliyt'one
851 2865 1084 2920 foederum
1129 2880 1152 2908 r
1196 2865 1435 2922 religionis
1479 2866 1656 2920 foedere
1703 2865 1774 2910 ed.
1944 2847 1996 2922 Ἴ·

196 2929 254 2967 24
285 2925 497 2970 iniuncta
527 2923 616 2967 LR
645 2925 891 2970 coniuncta
920 2923 971 2968 r'.
1087 2929 1144 2968 25
1176 2939 1257 2968 nec
1287 2925 1400 2969 utile
1431 2924 1520 2968 LR
1552 2925 1664 2968 utile
1693 2938 1788 2969 non
1820 2923 1893 2968 ed.
1964 2925 1967 2939 ²

314 2988 369 3028 29
400 2984 635 3028 indneeret
663 2989 705 3028 et
734 2983 822 3027 LR
851 2989 893 3028 et
923 2983 1012 3028 del.
1044 2998 1069 3027 r
1099 2983 1170 3027 ed.
