2014 3226
22 2727 50 2819 &aar
24 2636 44 2710 en:

145 1015 186 1046 10

144 1383 186 1415 15

143 1754 185 1786 20

143 2125 185 2156 25

867 192 1170 236 AENEIDOS
1202 193 1242 244 II
1801 196 1901 246 157

212 336 494 381 retenturus
535 334 810 380 veritatem.
872 332 981 392 tibi,
1019 334 1198 395 inquit,
1238 350 1336 390 rex,
1377 348 1494 379 vcra
1535 332 1696 380 dicam
1737 336 1902 392 omnia

213 407 475 468 adsumpta
508 406 687 454 fiducia
718 407 857 453 velut
889 407 1168 467 confitendi,
1202 407 1333 468 quod
1366 406 1498 468 apud
1530 423 1695 470 regem
1729 408 1903 455 fuisset

212 481 489 540 locuturus,
547 480 631 541 qui
686 482 737 527 et
792 482 1118 543 cognoscendi
1173 483 1222 528 et
1275 481 1562 544 ignoscendi
1612 482 1903 529 facultatem

213 555 481 602 habuisset.
558 555 743 610 locutio
792 557 958 601 autem
1005 556 1123 602 talis
1172 559 1267 602 est:
1321 558 1588 615 utcumque
1644 558 1719 602 est
1774 557 1905 616 quod

211 644 318 676 sum
358 628 621 687 relaturus,
661 630 837 675 cuncta
877 628 1039 676 dicam
1078 645 1208 676 vera.
1272 629 1606 690 promittendo
1640 630 1904 676 veritatem

210 702 574 750 commendavit
620 717 881 762 personam
931 718 1072 749 suam
1118 705 1168 750 et
1215 702 1420 750 dicendo
1468 719 1632 766 regem
1687 703 1780 750 hoc
1829 708 1903 750 est

210 792 322 823 eum
370 777 452 822 cui
497 779 640 823 tanta
687 776 964 824 reverentia
1011 776 1271 824 deberetur
1316 776 1601 823 benivolum
1649 778 1788 836 fecit,
1845 793 1901 824 eo

210 851 368 913 magis
411 850 542 910 quod
580 850 904 911 promittebat
944 852 1282 898 narrationem
1322 866 1449 912 quae
1488 850 1634 898 fidem
1675 853 1901 899 veritatis

210 923 501 972 ostenderet.
579 925 694 984 hoc,
733 923 919 985 inquit,
959 926 1198 986 primum:
1249 924 1368 985 quid
1408 926 1538 971 enim
1581 927 1696 972 ante
1736 927 1902 972 omnia

209 997 259 1044 in
302 998 543 1045 eiusmodi
582 997 743 1045 causis
785 998 1042 1059 quaeritur
1079 999 1177 1046 nisi
1217 997 1436 1046 veritas?
1507 999 1702 1046 fatebor
1740 1002 1790 1046 et
1828 1015 1902 1045 re-

210 1073 367 1119 feram
399 1088 498 1119 non
530 1074 606 1119 est
637 1088 812 1132 unum3
844 1088 959 1119 nam
990 1073 1203 1119 referam
1236 1072 1484 1134 significat
1516 1088 1626 1120 cum
1655 1073 1904 1120 indicatur

210 1145 401 1207 aliquid
440 1146 650 1207 simplex
690 1148 741 1192 et
778 1148 944 1208 potest
980 1146 1191 1207 proferri
1224 1147 1330 1194 sine
1361 1148 1722 1195 tormentorum
1753 1151 1903 1207 metu⁷

210 1221 359 1267 fateri
399 1223 566 1267 autem
606 1222 682 1267 est
720 1220 913 1281 aliquid
951 1220 1159 1281 prodere
1192 1220 1324 1281 quod
1356 1222 1423 1268 sit
1454 1221 1757 1269 contrarium
1790 1236 1904 1268 con-

209 1293 373 1340 fitenti
423 1297 472 1341 et
517 1293 702 1341 habeat
749 1295 933 1341 crimen
975 1310 1044 1356 ac,
1087 1296 1129 1341 si
1168 1295 1320 1342 fuerit
1358 1294 1531 1341 fraude
1571 1309 1902 1356 suppressum,

211 1369 369 1430 possit
407 1369 579 1429 poenis
620 1368 901 1416 durioribus
948 1371 1144 1430 pectore
1192 1370 1421 1432 negantis
1469 1369 1674 1416 excludi.
1752 1368 1903 1415 fuerit

211 1441 576 1503 quodcumque:
618 1445 809 1502 cuncta,
840 1442 1022 1503 inquit,
1056 1445 1106 1489 et
1145 1442 1379 1504 quicquid
1417 1443 1568 1490 fuerit
1605 1442 1813 1502 fatebor,
1846 1445 1904 1490 ut

210 1516 406 1564 fatebor
445 1516 521 1564 bis
562 1517 850 1577 accipiatur,
891 1532 951 1564 ne
990 1516 1079 1563 fiat
1118 1533 1207 1578 per
1244 1532 1474 1564 numeros
1515 1517 1709 1577 vitium,
1747 1520 1805 1563 ut
1837 1517 1902 1564 sit

208 1590 402 1637 fatebor
440 1593 638 1649 cuncta,
677 1591 800 1638 item
838 1591 1033 1638 fatebor
1073 1590 1419 1652 quodcumque
1451 1591 1615 1638 fuerit.
1677 1591 1769 1638 hoc
1802 1592 1900 1652 pri-

208 1680 368 1711 mum:
409 1664 633 1725 denique,
666 1664 845 1728 inquit,
877 1665 1010 1726 quod
1041 1680 1223 1727 negare
1255 1665 1537 1726 debueram,
1561 1665 1653 1711 hoc
1684 1666 1902 1726 primum

209 1738 490 1786 confitebor.
552 1754 710 1799 neque
749 1754 827 1785 me
866 1739 1104 1803 Argolica
1143 1738 1202 1786 de
1242 1741 1388 1802 gente
1427 1737 1639 1802 negabo:
1679 1739 1811 1800 quod
1849 1739 1902 1785 in

209 1815 384 1873 aperta
428 1812 720 1874 probatione
773 1828 878 1860 esse
924 1813 1111 1874 potuit,
1160 1814 1358 1860 etiamsi
1403 1813 1510 1874 ipse
1555 1828 1654 1860 non
1702 1812 1901 1872 diceret,

208 1886 300 1934 hoc
348 1888 509 1948 primo
558 1887 810 1934 confessus
850 1888 945 1947 est,
984 1890 1042 1934 ut
1078 1889 1341 1948 putaretur
1380 1889 1542 1934 cetera
1582 1886 1686 1935 sine
1726 1886 1900 1933 fraude

209 1960 446 2008 dicturus.
523 1976 683 2022 neque
722 1976 801 2008 me
839 1960 1076 2024 Argolica
1114 1961 1174 2008 de
1221 1963 1369 2023 gente
1414 1960 1628 2024 negabo:
1684 1958 1900 2008 Graecus

209 2050 340 2093 sum,
394 2036 582 2096 inquit,
634 2035 728 2082 hoc
782 2038 858 2082 est
910 2035 1071 2083 dicere
1117 2035 1274 2083 hostis
1322 2050 1428 2082 sum
1476 2036 1652 2083 vester.
1727 2050 1814 2082 nec
1858 2036 1902 2082 εἰ

207 2110 437 2155 miserum
466 2111 668 2167 fortuna
697 2108 928 2156 Sinonem
957 2111 1114 2168 finoe‘z't,
1138 2124 1326 2156 vanum
1360 2110 1504 2156 etiam
1533 2107 1902 2168 mendacemque

210 2183 417 2242 inproba
447 2185 616 2242 sinyet:
649 2184 745 2230 etsi
769 2198 879 2230 cum
902 2183 1124 2244 periculo
1148 2199 1273 2243 meo,
1297 2182 1477 2244 inquit,
1500 2199 1673 2230 verum
1700 2183 1901 2244 loquar3

210 2257 411 2304 fortuna
449 2257 579 2303 enim
618 2258 807 2304 statum
837 2258 965 2304 mihi
993 2257 1175 2319 prioris
1205 2257 1464 2305 felicitatis
1497 2256 1686 2319 eripere
1719 2258 1901 2318 potuit,

209 2345 307 2378 non
345 2332 514 2377 tamen
551 2333 746 2378 mutare
787 2330 922 2392 quod
958 2333 1105 2379 natus
1145 2346 1266 2379 sum.
1330 2330 1457 2378 dixit
1495 2346 1612 2394 ergo
1653 2346 1752 2392 quo
1789 2346 1901 2378 san-

210 2404 358 2466 guine
413 2406 598 2464 cretus,
652 2404 848 2452 addidit
902 2406 1055 2453 etiam
1099 2421 1278 2453 nomen
1325 2420 1491 2465 suum,
1536 2407 1594 2452 ut
1637 2419 1901 2466 personam

331 2594 352 2631 1
394 2595 651 2634 retentums
689 2589 776 2632 LR
814 2590 1058 2635 relicturus
1096 2590 1167 2634 ed.
1227 2593 1233 2646 Ι
1299 2590 1455 2634 omnia
1494 2589 1582 2632 LR
1619 2590 1744 2632 omni
1783 2602 1898 2633 corr.

212 2647 251 2690 R
282 2647 395 2704 ipse.
511 2655 538 2692 4
569 2655 611 2693 et
642 2649 808 2694 locutio
839 2649 926 2692 LR
956 2654 999 2693 et
1029 2649 1118 2693 del.
1150 2664 1174 2692 r
1205 2649 1442 2693 ed.10
1473 2648 1738 2692 huiusmodi
1767 2648 1838 2691 ed.

213 2711 267 2750 12
298 2708 489 2763 simplex
519 2707 606 2751 LR
638 2708 711 2752 ed.
741 2708 1008 2764 simpliciter
1037 2723 1061 2751 r
1102 2708 1203 2765 (sed
1233 2709 1341 2752 vide
1371 2708 1512 2776 quod.
1528 2706 1797 2764 oppositum
1829 2708 1902 2750 est

209 2767 492 2811 contrariwm
522 2768 783 2823 confitenti).
838 2769 845 2825 Ι
894 2768 1100 2824 proferri
1128 2767 1213 2810 LR
1246 2768 1320 2812 vel
1350 2767 1512 2824 vaeyari
1541 2765 1575 2808 r'
1608 2766 1659 2809 in
1689 2779 1838 2823 marg.

213 2829 267 2867 15
292 2826 440 2882 possit
461 2825 548 2869 LR
579 2826 632 2883 (L
664 2840 771 2870 cum
801 2827 916 2871 nota
946 2840 1088 2883 supra
1112 2841 1149 2883 p
1180 2839 1302 2883 quae
1333 2831 1375 2870 et
1404 2824 1656 2883 significat)
1688 2830 1730 2869 et
1756 2827 1902 2881 possit

212 2883 284 2928 ed
313 2886 318 2940 Ι
346 2885 529 2929 excludi
550 2885 637 2928 LR
665 2886 826 2931 extudi
855 2885 980 2942 (sic')
1010 2884 1062 2929 r‘.
1091 2887 1097 2942 Ι
1131 2886 1275 2940 suerit
1295 2885 1383 2928 LR
1406 2884 1487 2929 ed]
1509 2886 1553 2927 ει·
1573 2884 1607 2938 f.
1634 2884 1753 2927 edFI
1774 2886 1842 2929 sic
1862 2886 1899 2938 f.

174 2942 283 2986 sed.
315 2946 436 3000 post.
527 2947 606 2988 24
615 2957 697 2994 ‘nec
727 2945 771 2988 ει·
799 2943 886 2988 LR
915 2945 999 2989 hoc
1024 2945 1226 3001 primum
1255 2943 1474 3001 praefixit
1503 2943 1574 2988 ed..
1676 2947 1732 2986 26
1763 2944 1899 3001 fingit

212 2999 253 3043 R
284 3015 397 3046 corr
422 3017 456 3046 r.
486 3004 492 3060 Ι
526 3017 621 3048 meo
652 3017 741 3048 om
766 3003 839 3048 ed.
962 3007 1018 3046 28
1044 3007 1213 3060 putare
1242 3003 1284 3046 R
1314 3008 1491 3047 mutare
1520 3017 1555 3044 r.
1629 3054 1635 3061 ,

1933 2112 1990 2151 80
