2014 3226
782 170 1084 215 AENEIDOS
1117 172 1180 215 ΙΙΙ
1726 174 1829 223 327

142 313 335 359 nullum
373 312 470 359 nisi
508 312 821 357 muneratum
856 311 1061 372 reliquit
1093 312 1214 359 dans
1248 312 1380 373 quod
1411 312 1704 373 conpetebat
1736 313 1833 360 for-

141 386 275 433 tibus
311 387 444 433 viris.
523 386 705 431 interea
745 385 945 431 classem
982 385 1100 433 velis
1140 390 1310 445 aptare
1348 387 1540 434 iubebat
1577 384 1834 434 Anchises:

143 460 359 507 Helenus
398 460 450 506 in
491 458 667 506 officiis
706 458 954 521 religiosis
994 460 1157 507 fuerat
1197 462 1483 521 occupatus,
1517 475 1627 507 cum
1668 463 1833 507 autem

143 534 261 581 haec
302 535 482 595 ageret,
522 532 727 579 iubebat
766 547 879 580 suos
911 532 1151 581 Anchises
1191 550 1367 595 parare
1404 535 1546 582 navis
1580 536 1630 581 et
1662 535 1833 595 aptare

93 625 116 656 5
142 608 453 671 navigationi
492 607 769 654 necessaria
806 606 900 654 hoc
940 609 1015 653 est
1054 610 1168 668 apte
1209 624 1519 670 congrueque
1560 607 1832 668 disponere.

140 685 275 740 fieret
305 685 441 728 vento
472 694 612 728 mora
642 695 802 740 nequa
831 682 1028 739 ferenti:
1068 697 1154 728 cur
1193 682 1384 729 iuberet
1416 682 1563 729 dixit:
1603 697 1663 729 ne
1695 681 1835 729 fieret

140 772 280 804 mora
327 754 717 817 suffragantibus
766 755 942 802 ventis.
1020 771 1158 814 quem
1196 756 1373 804 Phoebi
1410 759 1647 815 interpres
1684 756 1833 802 multo

140 829 376 889 conpellat
412 830 613 876 honore:
651 829 781 876 1111110
820 828 1038 877 Helenus
1076 829 1358 877 honorificis
1398 830 1560 878 verbis
1601 829 1834 891 adloque-

139 903 307 964 batur‚
362 902 728 952 continentibus
783 902 973 950 scilicet
1025 903 1234 952 laudem.
1314 903 1500 951 dicitur
1543 904 1652 952 laus
1699 904 1831 965 ipsa:

73 997 116 1028 10
140 979 360 1037 eoniuyio
398 976 618 1024 Anchisa
667 977 865 1025 Veneris
904 978 1099 1037 cliynate
1139 979 1368 1037 superbo:
1422 994 1521 1026 non
1568 993 1665 1039 quo
1711 979 1817 1038 ipse
1835 983 1922 1022 475

141 1053 285 1113 quasi
330 1052 497 1113 potior
535 1051 770 1114 dignatus
814 1052 881 1098 sit
925 1052 1067 1114 iungi
1113 1052 1431 1099 matrimonio
1471 1052 1701 1111 Veneris,
1749 1051 1833 1098 sed

140 1125 272 1187 quod
318 1125 497 1188 dignus
546 1127 674 1172 esset
718 1125 951 1173 inventus
999 1126 1086 1186 qui
1133 1125 1178 1172 ei
1215 1125 1501 1188 iungeretur
1541 1141 1666 1187 quae
1706 1127 1835 1173 esset

138 1200 242 1247 filia
280 1199 429 1247 Iovis.
495 1198 589 1247 hoc
626 1199 892 1247 locutionis
932 1214 1086 1262 genus
1126 1201 1177 1246 et
1214 1201 1266 1246 in
1305 1199 1465 1261 primo
1504 1199 1631 1247 libro
1674 1190 1831 1265 (335)

24 1325 35 1333 ‚
137 1273 306 1335 posuit
367 1273 533 1322 dicens
589 1273 742 1335 „haut
803 1273 1032 1335 equidem
1093 1274 1189 1321 tali
1241 1290 1319 1320 me
1374 1274 1552 1336 dignor
1603 1271 1832 1320 honore“.

70 1364 114 1398 15
139 1363 260 1396 eura
291 1349 448 1403 deam,
480 1347 533 1394 id
571 1350 646 1396 est
685 1363 830 1409 quem
871 1346 942 1394 dii
982 1349 1220 1408 amarent,
1252 1348 1480 1410 probatio
1511 1347 1656 1394 huius
1690 1347 1832 1394 dicti:

139 1423 210 1470 bis
248 1423 529 1482 Pergameis
577 1425 731 1482 erepte
767 1423 944 1470 ruinis.
1023 1423 1109 1483 qui
1155 1437 1267 1470 cum
1314 1424 1441 1470 esset
1488 1421 1686 1481 debilis,
1733 1437 1832 1469 non

138 1497 311 1556 semel,
359 1495 444 1544 sed
490 1495 703 1544 secundo
752 1497 904 1543 etiam
950 1494 1190 1544 liberatus
1237 1497 1303 1544 sit
1348 1495 1582 1558 periculis
1621 1497 1832 1557 patriae,

136 1570 189 1616 in
238 1585 337 1632 qua
382 1570 665 1618 ceciderunt
710 1570 808 1619 viri
845 1571 1014 1618 fortes.
1093 1570 1298 1618 dicendo
1345 1570 1420 1618 bis
1468 1569 1685 1618 ostendit
1732 1585 1832 1616 non

138 1646 369 1692 eventum
408 1645 560 1692 fuisse
599 1645 679 1692 vel
719 1659 909 1704 casum,
957 1643 1042 1692 sed
1080 1645 1249 1693 favore
1288 1645 1547 1692 numinum
1587 1658 1690 1691 0330
1733 1659 1834 1691 301·-

67 1735 114 1768 20
137 1721 322 1766 vatum.
402 1733 503 1767 eece
548 1719 635 1766 aba
679 1717 932 1767 Ausoniae
978 1719 1141 1766 tellus:
1200 1720 1326 1767 hane
1372 1720 1538 1778 arripe
1582 1718 1713 1765 velis.
1792 1720 1835 1764 et

138 1796 299 1840 tamen
336 1793 463 1840 hanc
492 1793 669 1852 pelayo
699 1793 1068 1852 praeterlabare
1106 1807 1292 1840 necesse
1332 1796 1421 1840 est:
1462 1791 1659 1839 Aeneae
1700 1790 1833 1837 dixe-

137 1869 218 1914 rat
248 1867 394 1931 longe
427 1882 531 1915 0330
563 1866 782 1927 Italiam,
821 1883 995 1915 verum
1033 1884 1093 1914 ne
1132 1866 1354 1915 taedium
1393 1882 1538 1914 senex
1576 1867 1833 1927 pateretur

136 1941 340 2005 longam
371 1957 573 2003 sperans
605 1956 860 2003 superesse
893 1941 1280 2005 navigationem,
1313 1939 1698 1988 sollicitudinem
1727 1939 1831 1987 eius

31 2067 35 2071 ,
136 2015 326 2063 relevat
365 2014 652 2076 spondendo
690 2016 969 2077 proximam
1009 2017 1059 2063 et
1096 2030 1214 2063 usus
1254 2018 1327 2062 est
1366 2014 1498 2062 dicto
1533 2028 1654 2071 ecce,
1690 2013 1832 2074 quasi

29 2081 39 2130 1
67 2105 112 2139 25
137 2089 239 2137 iam
276 2104 429 2136 manu
466 2088 627 2137 teneri
663 2089 910 2151 potuisset
949 2092 1036 2137 aut
1076 2090 1230 2137 oculis
1270 2088 1416 2136 cerni.
1482 2088 1600 2136 licet
1638 2088 1717 2147 sit,
1756 2087 1830 2134 in-

26 2186 40 2225 fx
139 2165 262 2225 quit,
293 2164 535 2226 proxima,
566 2178 722 2224 usque
761 2163 884 2211 adeo
923 2165 981 2211 ut
1018 2162 1349 2212 demonstrari
1379 2164 1430 2210 et
1460 2161 1620 2210 videri
1658 2161 1831 2223 possit,

135 2238 304 2285 tamen
350 2237 683 2299 conprehendi
728 2253 827 2285 non
873 2239 1059 2299 potest,
1106 2237 1204 2285 11131
1253 2237 1315 2285 ad
1355 2252 1463 2284 eam
1502 2236 1654 2283 fuerit
1691 2235 1830 2283 navi-

137 2313 324 2374 gatum.
401 2311 529 2360 hanc
576 2313 740 2374 arripe
782 2312 929 2360 velis:
982 2312 1281 2360 facilitatem
1319 2309 1512 2357 nitendi
1549 2309 1711 2357 voluit
1749 2308 1831 2355 de-

137 2388 428 2434 monstrare.
490 2384 746 2434 Ausoniae
774 2400 901 2446 pars
931 2386 1022 2434 illa
1044 2387 1220 2446 procul
1251 2399 1398 2445 quam
1419 2385 1602 2444 pandit
1630 2380 1832 2443 Apollo:

67 2474 114 2509 ³0
139 2459 271 2521 quod
317 2461 391 2507 ait
436 2475 546 2508 0000
594 2459 978 2508 demonstrantis
1026 2461 1121 2519 est,
1163 2459 1256 2508 hoc
1296 2460 1371 2507 est
1409 2457 1544 2520 quod
1582 2455 1831 2518 conplevit

137 2533 344 2582 dicendo
397 2534 592 2596 partem
647 2549 750 2583 esse
804 2533 982 2582 Italiae
1038 2548 1165 2595 quae
1221 2532 1466 2594 templum
1518 2529 1831 2594 praeferebat

14 2610 38 2698 ἰ
135 2606 401 2669 Apollinis.
479 2608 739 2656 constabat
802 2609 969 2655 autem
1029 2607 1175 2670 longe
1238 2622 1337 2654 non
1399 2621 1503 2655 esse
1564 2604 1830 2652 discretum

256 2752 283 2792 5
314 2762 399 2794 con
512 2762 596 2805 que
626 2748 714 2792 LR
743 2754 787 2794 et
815 2762 1010 2806 corcyrae
1041 2747 1113 2792 ed.
1143 2750 1148 2805 Ι
1185 2747 1430 2804 disponens
1452 2745 1541 2790 LR.
1562 2758 1677 2789 corr.
1695 2743 1768 2787 ed.

135 2812 164 2851 6
195 2806 369 2852 iuberet
441 2807 484 2851 R
513 2809 637 2863 fieret
667 2807 739 2851 ed.
872 2811 927 2851 10
959 2820 1047 2864 quo
1077 2806 1164 2850 ΕΒ,
1193 2806 1314 2863 quod
1345 2805 1416 2850 ed.
1548 2807 1720 2848 11--12
1753 2802 1831 2847 sed

134 2880 226 2923 quo
254 2866 343 2910 LR
371 2880 406 2911 s.
439 2868 558 2924 quod
589 2868 630 2912 is
660 2866 733 2911 ed.
765 2880 800 2911 s.
832 2866 952 2923 quod
982 2880 1081 2910 nos.
1203 2870 1257 2909 12
1289 2866 1373 2922 qui
1401 2865 1444 2909 ei
1471 2862 1560 2907 LR
1589 2863 1666 2907 eui
1696 2861 1768 2906 ed.

139 2930 195 2969 15
227 2926 320 2970 diei
348 2925 384 2969 L
417 2925 492 2970 dei
519 2925 560 2969 R
599 2926 712 2971 dicti
741 2924 785 2968 r‘
817 2925 890 2969 ed.
1020 2929 1075 2969 21
1103 2924 1434 2982 praeterlabere
1463 2937 1501 2966 r.
1622 2925 1679 2964 24
1709 2933 1829 2965 reve·

134 2985 207 3029 lat
234 2984 277 3029 R
307 2997 422 3030 corr.
454 3000 490 3030 r.
534 2986 540 3043 Ι
590 2990 633 3030 et
662 2997 774 3030 usus
802 2984 890 3028 LR
919 2989 961 3030 et
991 2998 1080 3028 om.
1106 2983 1179 3028 ed.
