2014 3226
768 176 1071 220 AENEIDos
1104 177 1165 221 Ἦ
1710 180 1813 231 537

130 316 507 365 similitudinem
540 318 782 364 monstret
813 317 892 364 vel
932 317 1170 366 colorem:
1211 319 1352 377 quale
1382 319 1496 365 solet
1527 320 1661 365 silvis
1695 321 1803 365 bru-
1822 323 1907 362 205

130 392 249 439 mali
287 391 469 451 friyore
508 392 692 438 viseum
730 391 904 450 froude
943 394 1099 439 virere
1137 406 1278 446 nova,
1319 392 1446 450 quod
1483 406 1581 439 non
1618 407 1709 439 sua
1750 409 1818 439 se—

127 466 284 512 minat
321 465 478 520 arb08,
519 468 561 511 et
591 478 748 511 croceo
780 466 881 522 f‘etu
913 466 1069 512 teretis
1116 466 1417 514 circumdare
1462 470 1670 522 truncae,
1709 468 1819 514 talis

130 542 234 586 erat
268 540 447 599 species
487 540 602 586 auri
640 539 912 597 frondentis
950 552 1106 598 opaea
1136 541 1265 590 ilice,
1313 541 1382 587 sic
1422 540 1517 587 leui
1557 541 1819 600 crepitabat

84 629 103 661 5
130 613 315 660 brattea
337 616 488 660 vento.
552 612 980 674 quemadmodum,
1013 613 1191 674 inquit,
1223 613 1427 660 hiemali
1451 614 1634 676 frigore
1668 630 1819 661 emer-

130 686 360 750 gentibus
386 685 640 733 frondibus
676 687 816 733 novis
848 687 1009 733 solent
1034 687 1261 734 arborum
1288 689 1452 735 trunci
1480 687 1613 735 visco
1638 688 1819 736 fluente

131 760 364 822 perfundi
389 763 438 807 et
463 761 676 808 colorem
702 775 922 808 croceum
957 760 1310 820 demonstrare,
1349 762 1466 809 talis
1499 763 1605 809 erat
1636 763 1820 823 species

130 834 238 881 auri
277 834 566 882 frondentis.
645 850 755 881 cum
796 834 1124 882 admiratione
1164 837 1382 896 positum
1424 839 1497 883 est
1537 837 1649 883 auri
1689 838 1818 883 fron·

129 907 291 956 dentis
339 923 494 971 opaca
540 909 676 968 ilice,
722 909 1019 956 miraculum
1068 911 1197 956 enim
1237 910 1334 956 fuit
1375 925 1431 955 ex
1479 909 1652 958 arbore
1691 910 1819 958 ilicis

61 999 104 1030 10
126 983 218 1030 hoc
266 984 340 1030 est
387 998 443 1030 ex
489 983 626 1044 ligno
678 982 942 1029 durissimo
993 999 1185 1030 ramum
1234 999 1436 1030 aureum
1492 999 1601 1031 cum
1656 986 1819 1031 aureis

127 1055 384 1104 frondibus
424 1056 657 1103 extitisse.
736 1058 937 1116 corripit
966 1056 1159 1104 Aeneas
1199 1058 1453 1116 extemplo:
1490 1060 1693 1119 propter
1730 1074 1803 1105 re·
1823 1060 1911 1098 ‘210

127 1130 419 1178 movendam
444 1130 682 1177 narrandi
704 1131 1046 1191 prolixitatem
1070 1146 1167 1178 non
1201 1130 1327 1178 dixit
1359 1132 1601 1192 quomodo
1627 1132 1819 1179 Aeneas

131 1204 196 1251 ad
233 1205 396 1266 ipsam
445 1204 670 1252 arborem
709 1204 943 1251 videatur
986 1206 1280 1266 perrexisse,
1328 1220 1438 1252 cum
1476 1205 1703 1254 volantes
1742 1221 1819 1254 co-

131 1277 327 1326 lumbae
359 1279 442 1326 vix
472 1278 560 1326 illo
592 1279 933 1340 pervenissent
963 1281 1167 1340 propter
1197 1278 1386 1326 Averni
1417 1279 1820 1342 graveolentiam,

0 1355 1 1358 ’
60 1368 101 1400 15
126 1367 215 1399 nos
253 1354 418 1400 tamen
463 1352 594 1414 quod
634 1351 934 1400 breviandae
973 1354 1275 1401 narrationis
1315 1368 1463 1401 causa
1502 1357 1650 1414 poeta
1679 1369 1819 1415 prae-

130 1428 347 1474 termisit
370 1426 659 1489 intellegere
691 1441 967 1488 possumus,
1008 1428 1255 1488 quaesisse
1280 1426 1482 1474 Aenean
1510 1427 1660 1475 aliam
1686 1428 1820 1475 viam

8 1538 18 1576 ⁶,
128 1502 178 1548 et
215 1501 517 1562 pervenisse,
558 1502 615 1546 ut
652 1501 910 1548 inventum
948 1516 1128 1548 munus
1167 1501 1379 1549 offerret.
1456 1502 1627 1549 statim
1665 1501 1821 1565 igitur

8 1577 20 1691 ἃ
128 1574 321 1622 Aeneas
376 1575 506 1622 hunc
559 1590 755 1622 ramum
810 1575 1050 1635 corripuit
1101 1576 1275 1636 utpote
1333 1574 1418 1622 diu
1473 1574 1819 1623 desideratum.

8 1703 12 1715 k
127 1648 395 1708 avidusque
432 1649 661 1708 refrinyvit
697 1649 1022 1696 cunctantem:
1069 1650 1118 1696 et
1163 1663 1273 1696 cum
1290 1660 1293 1662 ·
1312 1663 1479 1695 ramus
1517 1648 1623 1710 ipse
1662 1649 1821 1696 avidi—

8 1728 22 1785 i‘·
60 1738 104 1772 20
127 1723 283 1770 tatem
335 1723 650 1783 properantis
699 1718 998 1781 retardaret,
1053 1720 1183 1771 hunc
1229 1725 1396 1770 tamen
1442 1722 1634 1770 Aeneas
1686 1722 1819 1770 vicit.

15 1798 18 1799 ⁷
127 1799 171 1844 et
220 1798 347 1844 vatis
391 1799 562 1856 portat
613 1797 702 1844 sub
757 1800 873 1844 {ecta
927 1793 1163 1856 Sibyllae:
1216 1797 1536 1844 nuntiaturus
1591 1797 1823 1858 conpleta

127 1871 295 1918 omnia
332 1870 555 1932 portavit
593 1871 757 1932 ipsum
796 1884 996 1918 ramum·
1029 1869 1119 1917 sub
1158 1872 1292 1919 vatis
1330 1872 1477 1918 tecta.

13 1994 20 2010 ⁸
237 1943 341 1992 Nee
377 1945 542 1993 minus
580 1946 765 1992 interea
803 1946 1056 1992 Misenum
1093 1946 1147 1991 iu
1187 1945 1322 1992 litore
1356 1945 1531 1992 Teucri
1568 1945 1748 2003 flebant
1778 1948 1821 1992 et

7 2005 22 2093 ζ
126 2020 278 2067 cineri
314 2020 508 2079 iuyrato
553 2033 786 2079 suprema
816 2019 1063 2079 ferebant:
1107 2018 1258 2066 rediit
1297 2017 1360 2064 ad
1400 2033 1458 2066 ea
1496 2018 1625 2065 unde
1664 2032 1820 2065 reces-

7 2096 19 2155 ξ
59 2106 103 2142 25
127 2094 260 2141 serat
299 2094 348 2140 et
386 2092 629 2155 conpletis
674 2092 724 2139 in
768 2108 916 2141 causa
960 2093 1089 2140 rami
1126 2091 1355 2153 partibus
1396 2091 1459 2140 ad
1498 2092 1675 2140 Miseni
1713 2107 1819 2140 exe-

130 2167 272 2228 quias
310 2167 564 2215 revolutus
605 2169 700 2214 est:
741 2166 858 2214 dum
888 2167 1098 2226 Aeneas,
1136 2167 1317 2228 inquit,
1356 2165 1455 2213 alia
1496 2167 1694 2213 curaret
1731 2181 1822 2214 nec

125 2243 295 2289 tamen
350 2257 408 2288 ea
462 2242 573 2303 ipsa
627 2240 884 2289 obstarent
938 2239 1224 2288 curantibus
1279 2240 1608 2302 sepulturam,
1661 2239 1819 2287 nihilo

51 2331 54 2334 ’
125 2315 290 2363 minus
329 2315 534 2362 Troiani
572 2314 817 2363 Misenum
855 2314 1041 2362 flebant
1079 2317 1129 2362 et
1166 2315 1320 2362 cineri
1356 2315 1556 2377 ingrato
1588 2329 1822 2376 suprema

127 2388 365 2437 ferebant.
444 2404 554 2436 cum
601 2389 819 2437 nondum
868 2389 1090 2448 arsisset,
1138 2387 1222 2435 sed
1269 2402 1382 2435 mox
1429 2390 1558 2436 esset
1603 2402 1819 2447 arsurus,

57 2479 103 2512 zo
125 2464 258 2513 recte
297 2463 517 2511 defuncti
557 2478 737 2525 corpus
769 2463 979 2510 cinerem
1015 2461 1154 2522 dixit,
1195 2463 1314 2523 quia
1343 2462 1435 2509 hoc
1468 2460 1723 2525 agebatur,
1760 2463 1820 2508 ut

244 2637 271 2677 5
304 2633 460 2678 bratea
490 2633 545 2678 V.
692 2637 718 2676 6
749 2633 914 2689 fluente
945 2631 986 2675 V
1018 2631 1090 2675 ed.
1122 2633 1336 2687 florente?
1473 2635 1496 2673 7
1531 2629 1643 2674 tales
1672 2628 1725 2672 V.

127 2696 182 2737 10
213 2693 511 2737 dmssimum
550 2692 621 2736 ed.
777 2697 829 2736 11
862 2691 1082 2748 extemplo
1111 2691 1294 2736 Aeneas
1323 2690 1394 2735 ed
1549 2692 1603 2733 14
1632 2701 1819 2746 91·ουεο-

125 2751 311 2796 lentiam
342 2751 384 2794 V
413 2766 598 2810 gravem
635 2752 815 2796 odorem
852 2750 923 2794 ed.
1109 2754 1162 2794 17
1202 2764 1370 2796 munus
1401 2748 1442 2792 V
1479 2762 1526 2794 se
1563 2762 1619 2792 m.
1652 2746 1723 2791 ed.

128 2815 181 2855 19
213 2825 394 2855 ramum
424 2813 520 2868 ipse
550 2810 592 2854 V
625 2824 738 2855 corr.
773 2810 844 2854 ed.
1026 2813 1083 2853 20
1113 2809 1402 2854 ietardwent
1430 2807 1474 2852 V
1505 2820 1618 2851 corr.
1651 2805 1723 2849 ed.

126 2873 182 2913 25
213 2870 376 2914 miseni
406 2868 449 2914 V
486 2871 558 2915 ad
582 2870 654 2914 M
687 2869 760 2914 ed.
913 2873 968 2912 26
1001 2869 1191 2913 dum—
1216 2873 1398 2913 curaret
1434 2866 1678 2921 0111.6(1.Ι
1734 2878 1819 2910 nec

123 2929 166 2972 V
197 2940 254 2973 ne
292 2929 363 2972 ed.
515 2933 572 2972 30
611 2943 704 2986 qua
740 2929 826 2972 hae
863 2929 1118 2986 agebantur
1147 2927 1190 2971 V
1227 2928 1339 2984 quia
1375 2927 1485 2971 haec
1523 2940 1565 2991 a.
1598 2923 1669 2968 ed.
1701 2924 1818 2979 quia

121 2988 204 3032 hoc
234 2989 454 3046 ayebatur
483 3002 581 3032 nos
