2014 3226
776 169 1077 214 AENEIDOS
1110 171 1128 213 I
1729 172 1801 224 35

107 311 302 358 Aeneae
344 314 393 357 et
433 315 546 357 ante
585 309 741 371 ipsius
783 310 966 371 oculos,
1006 314 1076 370 ut,
1109 312 1227 371 quia
1269 311 1347 357 illi
1385 327 1483 359 non
1524 311 1801 374 contigerat

106 386 310 432 interire
349 384 627 446 naufragio,
658 383 813 430 fidum
852 383 947 431 sibi
986 385 1171 445 perisse
1212 386 1522 446 conspiceret
1562 389 1710 446 atque
1744 401 1802 432 ex

107 475 162 507 eo
220 474 336 506 casu
390 457 558 506 dolore
615 456 918 506 adficeretur.
998 462 1259 505 excusatur
1315 456 1548 520 Orontes,
1602 475 1662 506 ne
1714 475 1804 520 per

106 532 394 593 inperitiam
433 547 610 579 navem
650 546 814 579 secum
860 531 1134 593 perdidisse
1180 535 1463 594 putaretur3
1526 549 1644 580 nam
1692 549 1803 580 cum

63 624 83 656 5
106 607 279 669 ingens
334 609 537 667 pontus,
591 605 682 654 hoc
738 610 811 654 est
865 605 940 654 vis
987 607 1149 654 maior
1195 610 1244 653 et
1291 608 1494 655 veniens
1542 623 1573 654 a
1618 607 1802 655 vertice

38 703 45 706 ·
106 696 283 728 navem
323 681 610 740 operuisset,
651 679 783 741 quod
823 696 853 727 a
891 679 1036 728 dorso
1076 680 1241 727 fuerat
1281 683 1446 728 caveri
1484 698 1584 730 non
1622 682 1801 742 potuit.

105 756 205 801 iam
256 755 469 802 validam
516 753 702 801 Ilionei
748 768 943 809 uae-em,
1003 755 1106 801 iam
1151 755 1292 813 fortis
1339 753 1556 804 Achatae
1602 759 1646 802 et
1690 770 1788 815 qua
1807 760 1891 799 120

110 832 263 875 sectus
302 826 440 875 Abas
489 831 531 875 et
575 843 674 887 qua
715 829 1029 887 yraudaevus
1076 827 1237 876 Aletes
1284 831 1397 877 vicit
1445 830 1651 889 hiemps:
1711 829 1801 876 has

107 898 388 964 specialiter
438 917 547 949 cum
595 918 764 950 corum
812 901 1095 950 nominibus
1151 904 1319 963 posuit
1375 905 1462 964 qui
1507 905 1558 950 in
1605 905 1668 951 iis
1715 919 1801 965 po·

41 994 83 1026 ιο
105 978 256 1024 tiores
295 975 601 1039 navigabant
641 979 689 1023 et
727 992 826 1024 uno
871 991 987 1024 casu
1026 975 1323 1024 ferebantur.
1396 977 1601 1026 dicendo
1640 991 1803 1026 omnes

106 1052 351 1109 acce'piunt
413 1051 661 1097 inimicum
722 1051 922 1098 imbrem
984 1052 1221 1110 rem-isque
1281 1052 1517 1110 fatiscunt
1585 1051 1802 1100 ostendit

105 1140 257 1171 unam
296 1124 517 1172 omnium
557 1139 758 1171 causam
798 1128 847 1172 et
886 1125 1102 1172 similem
1140 1124 1293 1173 fuisse
1333 1126 1598 1173 fortunam.

218 1197 286 1245 Ut
327 1202 494 1246 autem
533 1214 631 1246 non
670 1198 815 1259 plene
855 1198 1102 1246 obtineret
1140 1198 1330 1246 factum
1361 1199 1630 1247 secundum
1661 1215 1802 1246 man-

107 1272 278 1320 datum
325 1272 550 1335 Iunonis,
596 1273 831 1333 Neptuno
879 1273 1026 1320 datur
1073 1275 1290 1333 occasio,
1342 1275 1429 1334 qui
1466 1290 1565 1322 non
1604 1276 1803 1321 tantum

35 1364 83 1402 «1⁵
105 1348 343 1394 iniuriam
390 1361 530 1394 suam
578 1350 875 1408 removeret,
923 1363 1094 1395 verum
1135 1348 1288 1395 etiam
1329 1347 1557 1396 Troianis
1596 1363 1801 1409 pereun-

104 1420 237 1468 tibus
279 1421 571 1482 subveniret,
608 1420 776 1482 ibique
818 1420 1114 1470 describitur
1145 1422 1399 1483 conplesse
1430 1421 1644 1471 Aeolum
1675 1437 1803 1484 quae

105 1495 229 1543 Iuno
277 1494 625 1554 mandaverat,
674 1511 786 1542 cum
833 1494 953 1542 dicit
1001 1497 1251 1544 disiectam
1296 1494 1493 1544 Aeneae
1538 1498 1631 1544 toto
1675 1497 1806 1543 videt

106 1583 311 1628 aequore
360 1570 583 1623 classem,
632 1570 858 1627 fluctibus
897 1584 1149 1629 oppressos
1191 1569 1349 1618 Troas
1387 1571 1599 1630 caelique
1635 1571 1800 1617 ruina.

104 1657 190 1691 nec
235 1643 418 1691 latuere
464 1643 562 1690 dola·
606 1644 811 1702 fratrem
857 1644 1069 1692 Iunonis
1115 1647 1159 1691 et
1194 1646 1313 1692 irae.
1391 1645 1591 1692 Eurum
1629 1644 1696 1692 ad
1733 1658 1785 1691 se
1806 1649 1891 1689 130

46 1713 50 1716 ⁴
106 1717 473 1778 Zephyrumque
515 1720 662 1772 cocat,
702 1718 872 1765 deleme
910 1719 1032 1766 talia
1061 1719 1212 1777 satur.
1280 1720 1454 1766 statim
1485 1717 1638 1766 sentit
1668 1717 1801 1766 unde

104 1791 225 1839 haec
280 1791 371 1839 hoc
419 1795 493 1839 est
539 1793 677 1839 cuius
724 1791 838 1840 dolo
886 1795 1048 1840 essent
1098 1793 1343 1854 perfecta3
1405 1793 1613 1840 fratrem
1668 1794 1803 1840 enim

107 1858 288 1914 sororis
328 1866 597 1926 pessimum
637 1865 856 1912 studium
895 1882 995 1914 non
1033 1865 1236 1914 latebat.
1299 1868 1500 1915 vocavit
1530 1869 1705 1915 ventos
1738 1865 1802 1914 ad

107 1954 209 1988 sese
235 1944 284 1987 et
307 1939 591 1988 huiusmodi
618 1939 795 1987 habuit
820 1939 1234 2004 obiurgationem,
1262 1957 1388 2002 quae
1421 1942 1517 1988 erit
1546 1940 1803 2003 pathetica

106 2017 279 2075 utpote
319 2015 554 2062 commoti
586 2018 636 2061 et
666 2013 799 2074 irati,
840 2013 1032 2063 abscisa
1071 2015 1182 2064 hoc⁴
1201 2018 1276 2063 est
1314 2031 1414 2063 non
1446 2016 1683 2064 continua
1711 2029 1802 2062 nec

32 2101 84 2146 ³3⁵
107 2087 387 2149 conposita,
433 2088 596 2136 brevis
644 2089 820 2149 etiam,
866 2088 1202 2137 subvenientis
1250 2089 1384 2136 enim
1429 2088 1481 2136 in
1519 2088 1613 2137 tali
1653 2103 1803 2137 causa

83 2161 397 2227 beneficium
435 2162 807 2223 multiloquium
846 2179 946 2211 non
985 2162 1269 2224 quaerebat.
1349 2166 1548 2211 tamtane
1595 2177 1680 2212 vos
1721 2177 1801 2223 ,qe-

48 2252 51 2255 ’
106 2238 238 2284 neris
291 2237 441 2284 tenuit
492 2237 676 2295 fiducia
728 2238 909 2284 vestri?
997 2237 1175 2299 incipit
1229 2236 1292 2285 ab
1345 2238 1626 2286 invectione
1681 2230 1800 2303 (hoc

52 2327 57 2339 ··
108 2311 240 2357 enim
280 2326 434 2374 genus
472 2309 710 2358 materiae
749 2326 849 2358 non
879 2310 1030 2359 habet
1059 2305 1390 2378 principium)
1423 2314 1473 2359 et
1503 2312 1690 2358 crimen
1720 2326 1800 2359 ex-

109 2387 316 2447 aggerat
354 2383 520 2432 dicens
559 2399 642 2432 eos
680 2400 781 2432 non
811 2384 971 2433 solum
1003 2401 1144 2434 suam
1176 2384 1262 2433 sed
1291 2385 1647 2434 hereditariam
1678 2401 1799 2447 quo-

109 2473 203 2520 que
243 2460 422 2506 sectari
458 2459 806 2519 temeritatem,
846 2458 979 2520 quod
1017 2475 1170 2522 genus
1210 2459 1336 2520 vitii,
1382 2458 1617 2522 quoniam
1654 2462 1800 2507 natu-

41 2539 60 2598 2‘
108 2531 212 2580 1310
244 2535 334 2593 est,
364 2548 463 2580 non
483 2535 667 2595 „potest
706 2531 971 2580 emendari.
1034 2533 1209 2582 volunt
1247 2535 1382 2581 enim
1420 2535 1594 2583 ventos
1632 2535 1800 2595 patres

230 2694 254 2732 1
288 2690 399 2749 quia
429 2688 515 2733 LR
546 2688 616 2732 ed.
651 2694 704 2735 ut
733 2690 845 2744 quia
874 2702 971 2733 nos.
1104 2693 1129 2732 2
1161 2672 1217 2734 eci:
1248 2702 1337 2732 om.
1370 2689 1442 2732 ed.
1564 2693 1592 2732 4
1624 2689 1798 2744 impru—

42 2789 44 2791 ,
109 2746 312 2793 denua-m
343 2747 414 2791 ed.
509 2752 532 2792 '1
563 2747 679 2803 forti
708 2746 795 2791 LR
825 2756 939 2792 corr.
964 2763 1000 2792 r.
1093 2751 1120 2791 8
1152 2749 1304 2792 Aletes
1334 2760 1423 2791 om.
1456 2747 1544 2791 LR
1573 2747 1680 2791 add.
1713 2761 1750 2791 r.
1787 2747 1793 2805 Ι

41 2871 42 2874 ¹
75 2860 78 2861 ⁷
108 2805 195 2852 leae
222 2805 314 2851 L'R'
338 2807 419 2851 hos
449 2807 520 2851 ed.
658 2810 684 2849 9
717 2808 779 2852 iis
807 2806 894 2850 LR.
923 2807 996 2852 his
1026 2807 1097 2851 ed.
1238 2811 1294 2851 14
1325 2807 1486 2864 Neptu
1514 2806 1557 2849 R
1588 2806 1802 2863 Neptuni

109 2862 147 2910 L
176 2865 247 2909 ed.
281 2866 499 2922 Neptuno
527 2879 628 2910 nos.
751 2870 805 2910 15
835 2870 1062 2912 revocaret
1091 2865 1164 2915 ed,
1287 2870 1343 2909 23
1374 2871 1474 2911 erat
1511 2865 1584 2909 ed.
1614 2866 1736 2922 post.

42 2978 44 2982 y
74 2924 368 3028 4⁶²4nt‘fib30‘83’
368 2939 405 3026 ‘d
429 2923 516 2968 LR
541 2937 661 3028 §prr
694 2925 765 3028 eid..
904 2929 1135 2974 micam
1164 2924 1253 2971 LR
1282 2925 1492 2973 cosmed.
1559 2969 1562 2972 ,
1635 2927 1692 2969 27
1724 2925 1798 2969 in-

108 2995 158 3031 ve
211 2995 313 3028 wne
347 2997 372 3028 e
409 3018 419 3027 .
628 2997 712 3028 ven
732 2999 751 3028 ι
779 2999 826 3032 r..
1596 3028 1600 3031 .

1383 3055 1444 3101 80
