2014 3226
239 211 348 262 602
709 210 939 254 DONATI
971 211 1251 254 INTERPR.
1289 212 1463 255 VERG.

236 350 533 398 tractatibus
575 351 764 398 diutius
804 353 1012 398 teneam.
1087 354 1143 397 ut
1183 351 1448 413 cupiditati
1487 351 1842 414 interrogantis
1883 355 1932 399 et

238 426 549 486 properantis
599 426 930 485 satisfaceret,
980 424 1106 471 dixit
1151 441 1251 472 non
1298 428 1346 472 te
1388 441 1679 486 suspensum
1721 428 1928 474 teneam.

236 500 438 557 suscipit
475 497 710 545 Anchises
758 502 898 557 atque
945 500 1112 546 ordine
1158 500 1354 558 sinyula
1384 499 1589 558 pandit:
1644 499 1931 561 adgreditur

237 573 474 619 Anchises
507 572 801 619 relationem
836 575 883 619 et
917 572 1087 619 ordine
1120 588 1208 620 suo
1242 573 1438 636 singula
1469 573 1701 634 persequi
1727 574 1929 634 occepit.
1977 563 1979 566 Α

238 647 490 693 occasione
539 647 735 694 futurae
783 647 1040 693 relationis
1089 648 1238 693 altior
1284 649 1528 693 tractatus
1569 646 1835 706 inducitur,
1875 649 1931 694 ut
2013 646 2014 663 ³

238 720 467 767 ostendat
506 722 654 781 poeta
695 737 751 767 ex
792 721 969 782 quibus
1011 722 1201 767 constet
1240 720 1495 767 hominum
1528 736 1681 784 genus
1716 721 1793 767 vel
1826 722 1930 767 ani·
1979 720 1982 723 ’

237 794 443 840 malium
499 796 798 854 ceterorum,
853 794 981 841 unde
1036 797 1331 841 moveantur
1385 795 1438 841 in
1489 794 1747 857 gaudium,
1802 794 1929 841 unde
1968 794 1982 842 ζ

236 870 495 914 vertantur
533 870 586 915 in
617 871 817 928 metum,
852 868 981 915 unde
1016 868 1222 915 diversis
1257 868 1618 930 cupiditatibus
1650 869 1929 929 teneantur,
1968 908 1997 931 3,

235 942 363 989 unde
406 942 709 1004 adfligantur
748 942 1014 1002 doloribus,
1054 943 1184 990 unde
1218 945 1411 989 animae
1444 944 1748 990 nutrimenta
1781 942 1929 989 susci·
1969 978 1977 993 .

235 1016 398 1078 piant3
450 1017 535 1063 sed
582 1018 719 1078 prius
769 1019 874 1064 erat
923 1017 1182 1063 dicendum
1232 1032 1358 1078 quae
1398 1016 1634 1063 istarsint
1674 1019 1722 1063 et
1763 1032 1929 1077 quem·

236 1090 502 1137 admodum
543 1092 768 1138 constent
801 1107 857 1136 ex
892 1091 1068 1152 quibus
1101 1091 1331 1138 universa
1363 1093 1635 1137 nascuntur
1667 1093 1716 1137 et
1746 1090 1928 1137 valent.
1964 1094 1988 1156 ᾖ

147 1171 231 1210 725
242 1166 488 1224 principio
527 1165 714 1212 caelum
754 1180 810 1212 ac
848 1169 1006 1212 terras
1038 1179 1322 1224 camposque
1354 1165 1578 1224 liquentis
1610 1165 1930 1224 lucentemque
1964 1215 1966 1217 ,

230 1238 423 1297 ,ᾳῖοόηηι
455 1238 634 1286 Lunae
670 1239 959 1298 Titaniaque
991 1242 1128 1286 astra
1158 1241 1360 1298 spiritus
1395 1240 1527 1285 intus
1567 1239 1656 1286 alit
1694 1241 1931 1297 totamque

233 1313 406 1370 infusa
442 1326 537 1372 per
583 1315 721 1360 artus
767 1327 902 1361 mens
949 1315 1101 1373 aqitat
1142 1313 1314 1360 molem
1354 1316 1396 1360 et
1431 1326 1608 1372 mamm
1647 1322 1713 1360 se·
1735 1326 1930 1372 corpore
1960 1348 1985 1366 -.,

233 1387 419 1434 miscet:
473 1388 712 1448 quattuor
753 1387 954 1448 quidem
994 1387 1236 1434 elementa
1277 1403 1380 1434 esse
1426 1386 1740 1447 adseruntur,
1789 1386 1928 1447 caeli,
1965 1402 1992 1454 (Ὗ

233 1462 410 1521 terrae,
450 1461 600 1508 maris
643 1464 691 1508 et
729 1462 1016 1521 inferorum,
1057 1461 1140 1508 sed
1177 1462 1296 1522 quia
1330 1461 1466 1522 apud
1496 1461 1684 1507 inferos·
1713 1461 1811 1507 fuit
1843 1461 1930 1521 qui
1953 1485 1977 1557 {-
2006 1461 2009 1507 1

233 1535 532 1596 loquebatur
565 1537 613 1582 et
645 1535 887 1599 agebatur
920 1535 978 1582 de
1010 1536 1202 1582 ratione
1235 1549 1540 1596 superorum,
1564 1534 1747 1582 idcirco
1772 1535 1929 1581 trium
1963 1558 1981 1586 r·

232 1611 505 1656 tractatum
542 1611 875 1671 prosequitur,
917 1609 1055 1670 caeli,
1094 1611 1257 1656 terrae
1299 1611 1348 1656 et
1386 1610 1553 1668 maris,
1595 1608 1787 1655 addidit
1831 1608 1927 1655 duo
1964 1597 1988 1675 ’1

234 1683 350 1744 alia,
390 1682 475 1731 sed
517 1699 644 1744 quae
676 1682 729 1730 in
760 1686 903 1745 parte
937 1685 1052 1731 sunt
1084 1683 1221 1743 caeli,
1255 1684 1409 1731 solem
1442 1683 1630 1730 scilicet
1662 1685 1712 1729 et
1742 1682 1926 1730 lunam.
1978 1709 1989 1731 a,

233 1757 309 1804 his
364 1759 495 1805 enim
551 1759 681 1805 stare
737 1758 919 1805 dicitur
975 1757 1211 1819 quicquid
1266 1758 1328 1805 ad
1382 1757 1572 1804 caelum
1619 1757 1837 1818 pertinet
1874 1758 1929 1804 vet

235 1832 471 1892 quicquid
520 1834 716 1879 constat
763 1831 852 1880 sub
901 1832 1059 1892 caelo,
1088 1831 1302 1880 scilicet
1351 1831 1587 1893 quicquid
1633 1833 1768 1878 terra
1815 1845 1926 1878 con-
1962 1842 1974 1883 ;

231 1907 381 1967 tinet,
423 1906 660 1967 quicquid
698 1922 833 1953 mare
874 1906 1223 1967 conplectitur,
1272 1906 1454 1953 nutriri
1493 1905 1674 1966 spiritu
1714 1903 1929 1965 quodam
1959 1943 1982 1970 a

234 1979 460 2028 abstruso
516 1983 565 2027 et
618 1980 872 2028 recondito
929 1983 978 2027 et
1031 1980 1248 2027 latenter
1301 1979 1566 2043 gubernari
1622 1979 1990 2043 eundemque

233 2045 464 2115 spiritum
502 2069 591 2115 per
631 2054 798 2102 omnia
838 2069 940 2101 esse
981 2054 1215 2101 diffusum
1255 2057 1304 2101 et
1341 2053 1641 2115 permixtum
1685 2052 1925 2100 omnibus.
1959 2045 1994 2099 2⁷5-

232 2127 344 2176 iude
383 2130 629 2175 hominum
655 2129 990 2188 pecudumque
1017 2142 1171 2188 yenus
1201 2130 1420 2187 vitaeque
1449 2126 1698 2175 volantum
1731 2130 1774 2173 et
1804 2141 1952 2186 quae

231 2217 500 2250 marmoreo
546 2203 642 2261 fert
677 2206 895 2250 monstra
934 2203 1024 2250 sub
1065 2216 1270 2262 aequore
1303 2205 1510 2262 pontus:
1562 2201 1700 2262 inde,
1745 2201 1925 2262 inquit,

231 2275 409 2323 vivunt
446 2276 685 2337 volantia,
723 2277 838 2324 inde
875 2277 1148 2338 terrestria,
1186 2276 1301 2324 inde
1338 2277 1491 2324 etiam
1523 2274 1758 2336 quicquid
1789 2290 1926 2322 mon-

143 2355 228 2395 730
247 2351 462 2397 strorum
508 2351 659 2398 maris
703 2350 836 2397 unda
877 2351 1170 2414 contegitur.
1245 2351 1417 2410 iqueus
1456 2353 1525 2398 est
1561 2349 1671 2396 ollis
1709 2350 1846 2408 viqor
1885 2350 1955 2396 et

233 2424 446 2472 caelestis
484 2426 616 2485 oriyo
655 2425 942 2481 seminibus,
989 2428 1225 2484 quantum
1261 2438 1360 2471 non
1397 2425 1546 2471 noxia
1585 2436 1787 2482 corpora
1827 2426 1926 2469 tar·
1952 2415 1953 2418 '

231 2498 354 2546 dant
399 2500 668 2558 terrenique
711 2498 932 2546 hebetant
977 2502 1114 2546 artus
1152 2499 1537 2557 moribusndaque
1575 2497 1812 2544 membra:
1866 2511 1945 2543 ex

232 2571 442 2619 duorum
496 2572 850 2620 elementorum
904 2571 1187 2620 substantia
1235 2571 1486 2620 hominem
1533 2572 1775 2618 memorat
1821 2585 1924 2618 esse
1981 2591 1985 2640 ὲ

233 2648 565 2708 conpositum,
611 2647 668 2693 ut
715 2645 919 2707 spiritus
968 2662 992 2693 e
1039 2645 1265 2707 partibus
1321 2645 1447 2693 caeli
1500 2645 1630 2692 sumi-
1681 2643 1924 2704 videatur,

232 2735 407 2782 corpus
456 2736 514 2768 ex
558 2723 714 2779 terra,
763 2719 894 2782 quod
940 2719 999 2767 de
1047 2720 1183 2768 caelo
1223 2720 1435 2768 sumitur
1473 2734 1576 2767 esse
1614 2720 1923 2780 perpetuum,
1978 2760 1981 2771 ,,

354 2852 375 2888 1
410 2851 463 2890 ut
479 2872 534 2878 —
554 2851 578 2888 2
611 2851 786 2890 teneam
818 2859 906 2889 om.
933 2845 1005 2889 ed.
1148 2850 1175 2888 4
1202 2845 1414 2902 persequi
1444 2844 1612 2900 occepit
1641 2843 1684 2887 V
1709 2843 1947 2900 prosequi.
1976 2830 1979 2842 ἲ

231 2906 376 2961 eoepit
413 2905 484 2948 ed.
618 2908 642 2948 7
681 2904 803 2949 unde
833 2919 944 2949 mov.
970 2904 1013 2946 V
1043 2910 1084 2948 et
1114 2905 1235 2948 unde
1265 2919 1323 2948 m.
1357 2904 1428 2948 ed.
1562 2907 1612 2946 11
1651 2906 1854 2947 constent
1881 2901 1945 2947 V

233 2969 335 3008 -ant
365 2963 436 3007 ed.
577 2968 630 3007 13
662 2965 923 3020 titaneaque
954 2963 1008 3007 V.
1156 2967 1328 3008 16—17
1363 2964 1443 3019 qui
1475 2962 1740 3019 loquebatur
1769 2961 1812 3005 V
1843 2960 1924 3006 edI

230 3023 312 3067 ubi
342 3023 370 3066 l.
405 3023 513 3066 edF.
637 3028 691 3066 21
725 3023 1209 3079 constat—quicquid
1239 3036 1327 3066 om.
1354 3022 1424 3066 ed.
