2014 3226
185 166 256 215 60
646 161 877 203 DONATI
908 159 1187 203 INTERPR.
1222 158 1397 202 VERG.

188 305 284 351 vim
323 304 533 350 'moenim-
573 305 775 363 propter
815 301 945 360 quod
984 300 1171 347 dictum
1204 302 1278 347 est
1310 302 1541 359 „cunctus
1574 299 1635 346 ob
1667 299 1869 347 Italiam

182 383 427 425 terrarum
460 376 706 422 clauditur
739 373 897 422 orbis“
931 378 980 420 et
1012 374 1128 435 quia
1161 373 1351 420 dixerat
1374 373 1542 420 Venus
1575 373 1729 434 „caeli
1762 374 1870 434 qui-

183 452 275 499 bus
310 450 482 498 adnuis
517 446 720 508 arcem“,
746 447 817 494 ait
840 447 1066 509 Iuppiter
1098 449 1438 506 sublimemque
1468 448 1595 506 feres
1619 448 1684 495 ad
1706 448 1871 494 sidera

97 530 181 569 260
200 526 319 572 caeli
356 525 723 582 mayoaanimzmz
762 519 966 568 Aenean
1011 535 1162 580 neque
1206 536 1279 568 me
1325 522 1557 568 sententia
1601 522 1760 576 vertit,
1814 523 1871 568 ut

184 597 500 660 responderet
545 595 621 643 illi
659 597 815 656 parti,
865 611 964 655 qua
1005 594 1193 642 dictum
1233 596 1306 641 est
1346 610 1503 656 „quae
1542 596 1613 655 te,
1662 594 1870 657 genitor,
1917 609 1936 642 5

186 673 429 719 sententia
467 667 681 717 vertit‘?“
757 671 814 716 ut
854 671 1018 716 autem
1068 669 1364 730 apertiorem
1414 669 1600 715 faceret
1646 667 1870 729 speciali-

184 748 341 792 tatem
387 745 568 805 ipsam,
619 742 810 790 addidit
850 738 1002 790 etiam
1042 742 1147 803 ipse
1187 741 1414 803 Iuppiter
1452 743 1670 789 fatorum
1710 741 1871 803 dispo-

186 819 412 866 sitionem
453 820 502 863 et
542 832 736 864 omnem
776 817 932 864 futuri
970 816 1207 877 temporis
1248 831 1444 863 cursum
1487 818 1550 876 et,
1597 815 1713 863 dum
1751 816 1873 862 haec

185 893 331 954 plena
387 891 695 939 ordinatione
750 891 1024 952 ponuntur,
1079 890 1132 937 in
1181 890 1319 937 brevi
1369 889 1687 951 conplexione
1734 905 1871 937 mon-

187 969 373 1013 stratur
420 964 541 1025 quid
587 966 752 1011 textus
800 963 1081 1026 Vergiliani
1135 964 1367 1011 carminis
1423 965 1550 1011 esset
1594 963 1869 1011 habiturus.
1898 979 1940 1012 ιο

184 1042 324 1103 gesta
363 1040 494 1086 enim
532 1039 702 1101 tetigit
742 1054 868 1099 quae
909 1037 1116 1085 saeculis
1157 1037 1383 1084 omnibus
1426 1037 1486 1085 ab
1517 1036 1686 1084 Aenea
1717 1052 1872 1098 usque

184 1114 247 1160 ad
274 1112 495 1160 Caesaris
526 1114 752 1173 tempora
785 1114 834 1159 et
864 1113 1021 1173 ipsius
1049 1110 1271 1159 Caesaris
1305 1110 1515 1159 scribere
1548 1111 1870 1172 disposuerat.

184 1187 268 1235 sod
313 1188 433 1234 haec
478 1187 531 1232 in
576 1187 733 1247 ipsius
782 1187 998 1234 carmine
1043 1185 1226 1232 idcirco
1271 1185 1495 1246 perquiri
1541 1201 1640 1233 non
1679 1184 1873 1244 debent,

186 1262 302 1322 quia
356 1260 450 1307 fine
504 1259 705 1307 vivendi
759 1260 1016 1307 conclusus
1070 1260 1326 1321 proposita
1379 1258 1609 1320 nequivit
1661 1259 1872 1320 inplere:

184 1335 556 1396 dispositionem
611 1349 752 1381 suam
806 1336 973 1380 tamen
1026 1333 1080 1380 in
1139 1333 1233 1381 hoc
1293 1333 1420 1380 libro
1484 1332 1716 1396 signavit.
1792 1332 1872 1380 hic
1898 1348 1939 1381 15

183 1409 301 1456 licet
353 1407 595 1468 inspicere
651 1424 748 1469 qua
803 1411 908 1455 arte
961 1406 1180 1455 carmina
1227 1422 1317 1454 sua
1363 1406 1614 1470 Vergilius
1659 1407 1872 1467 repleat3

185 1498 336 1543 supra
383 1482 534 1542 enim,
581 1483 640 1528 ut
687 1482 784 1528 cito
833 1497 1055 1529 securam
1093 1481 1336 1528 Venerem
1383 1481 1591 1540 faceret,
1636 1496 1754 1528 usus
1799 1482 1874 1528 est

183 1556 443 1614 brevitate,
474 1555 559 1602 ubi
599 1570 819 1603 securam
860 1555 1110 1603 succincta
1146 1555 1359 1603 dictione
1391 1555 1613 1615 perfecit,
1643 1555 1874 1615 promisit

183 1632 469 1677 futurorum
508 1629 708 1692 longam
748 1630 852 1677 fore
891 1630 1294 1689 insinuationem,
1327 1644 1452 1690 quae
1487 1644 1577 1690 pro
1597 1627 1872 1675 auditurae

183 1718 394 1765 persona
433 1702 603 1750 odiosa
642 1718 744 1750 esse
784 1718 883 1750 non
921 1703 1100 1764 potuit.
1162 1702 1375 1749 libenter
1406 1703 1538 1749 enim
1561 1701 1728 1749 Venus
1760 1717 1872 1763 pro·
1897 1717 1942 1750 20

184 1778 395 1824 lixitatis
434 1777 588 1837 ipsius
628 1776 887 1825 fastidium
924 1778 1200 1838 respueret,
1245 1791 1370 1838 quae
1410 1777 1667 1837 conposito
1707 1776 1872 1823 animo

186 1852 482 1914 cognoverat
520 1866 570 1898 se
608 1866 684 1898 res
722 1866 987 1912 prosperas
1027 1850 1323 1898 audituram.
1400 1850 1492 1898 hoc
1531 1865 1634 1898 esse
1675 1865 1872 1897 servan-

186 1925 302 1972 dum
339 1925 393 1972 in
432 1923 615 1971 talibus
656 1926 815 1972 causis
854 1926 1008 1972 etiam
1040 1924 1298 1972 Terentius
1339 1924 1494 1983 docet,
1533 1924 1619 1984 qui
1657 1923 1784 1970 dixit
1820 1922 1873 1970 in

186 1997 375 2046 Andria
416 1990 488 2061 (2,
517 1999 563 2058 2,
592 1991 646 2063 1)
687 1998 801 2059 „sed
831 1999 918 2045 ubi
947 1999 1198 2046 inveniam
1230 1997 1564 2059 Pamphilum,
1596 1999 1654 2044 ut
1682 1999 1873 2044 metum

184 2074 237 2119 in
277 2086 372 2132 quo
412 2086 541 2118 nunc
580 2073 654 2119 est
686 2071 902 2119 adimam
935 2075 1084 2133 atque
1117 2072 1341 2133 expleam
1373 2073 1593 2120 animum
1625 2068 1871 2134 gaudio?“
1895 2085 1946 2120 25.

184 2161 283 2193 non
322 2146 453 2193 enim
492 2148 773 2194 convertere
811 2146 1033 2193 animum
1073 2146 1319 2208 quispiam
1356 2147 1524 2207 potest
1562 2145 1624 2192 ad
1671 2144 1872 2192 audien·

187 2219 318 2279 dum,
357 2220 455 2267 nisi
494 2219 644 2266 fuerit
682 2219 735 2267 in
773 2220 967 2267 timoris
1007 2235 1156 2268 causa
1194 2219 1410 2268 securior
1446 2220 1621 2267 factus.
1682 2219 1758 2266 hic
1787 2219 1874 2266 tibi

185 2293 351 2351 fabor:
393 2292 615 2340 dicturus
655 2308 837 2340 arcana
873 2293 1092 2341 fatorum
1132 2309 1260 2355 quae
1299 2293 1426 2340 nulli
1463 2294 1539 2341 fas
1572 2294 1700 2341 esset
1729 2307 1872 2340 nosse

187 2365 495 2414 commendat
535 2366 754 2414 sensibus
794 2366 926 2414 filiae
962 2370 1016 2414 -et
1045 2367 1099 2414 id
1130 2383 1179 2415 se
1211 2367 1402 2414 inlicite
1433 2367 1593 2415 facere
1625 2365 1870 2428 adfirmat,

185 2442 243 2487 ut
265 2440 355 2487 illa
384 2439 562 2487 melius
594 2442 817 2487 nosceret
846 2440 1130 2488 benivolum
1161 2439 1382 2488 studium
1413 2440 1570 2502 patris
1602 2442 1653 2487 et
1684 2441 1871 2487 secreta
1895 2455 1943 2489 ao

187 2515 480 2576 contegeret.
546 2513 640 2573 hic,
679 2513 860 2575 inquit,
898 2515 992 2562 tibi
1030 2514 1194 2562 fabor:
1233 2513 1343 2575 tibi,
1375 2516 1463 2575 ait,
1497 2515 1732 2575 quoniam
1767 2512 1874 2561 filia

308 2672 362 2711 10
394 2672 543 2712 textus
565 2667 651 2710 LR
673 2667 750 2710 hic
776 2670 823 2711 et
846 2668 1021 2724 ubique
1046 2674 1279 2713 contemtus
1311 2669 1382 2713 ed.
1478 2673 1532 2713 15
1562 2669 1766 2725 siynavit
1786 2667 1873 2710 LR

187 2727 387 2780 firmavit
410 2726 481 2770 ed.
567 2731 621 2770 21
648 2727 795 2782 ipsius
810 2727 896 2770 LR
920 2728 1048 2772 illius
1071 2728 1142 2771 ed..
1229 2732 1284 2771 23
1308 2729 1552 2772 terrentius
1575 2729 1646 2784 (ut
1669 2726 1872 2783 plerum-

189 2787 296 2842 que)
327 2785 376 2828 L.
506 2788 560 2828 25
593 2786 856 2841 anprimum
887 2786 973 2828 LR
1004 2789 1221 2831 atrimum
1250 2801 1274 2829 r
1305 2789 1512 2831 animum
1543 2785 1593 2832 r'.
1722 2789 1778 2830 26
1810 2786 1873 2829 ad

189 2845 470 2888 audiendum
501 2858 589 2888 om.
622 2844 716 2887 ed.:
762 2846 871 2900 post
903 2846 1108 2889 animum
1146 2845 1235 2889 hoc
1266 2845 1316 2889 in
1346 2845 1390 2889 H
1421 2846 1581 2889 extare
1611 2843 1732 2888 falso
1765 2846 1871 2888 6611-
1959 2860 1961 2862 ’

188 2902 342 2946 tendit
370 2917 411 2946 v.
430 2902 473 2945 d..
492 2902 682 2946 Hoeven
705 2917 749 2959 p.
769 2907 839 2946 42.
936 2908 1112 2948 27-28
1142 2905 1216 2949 hic
1246 2905 1331 2949 tibi
1359 2904 1493 2958 fabor
1522 2903 1610 2946 LR
1641 2903 1721 2947 edI
1751 2903 1872 2947 enim
1956 2955 1962 2963 J

190 2963 352 3005 contra
381 2961 814 3017 interpretationem
847 2961 954 3006 add.
987 2962 1096 3022 edF.
1190 2967 1244 3006 29
1276 2964 1481 3007 sensibus
1510 2962 1597 3006 LR
1628 2962 1698 3005 ed.
1731 2975 1776 3007 se
1804 2967 1873 3006 s?
1952 3002 1958 3013 f
