2014 3226
232 137 397 179 XXXII
896 134 1235 177 PRAEFATIO

231 277 500 338 scripserit,
541 276 623 323 sed
664 276 816 338 signis
856 276 905 321 in
947 274 1167 322 ordinem
1206 275 1516 332 revocatum,
1556 272 1769 320 Urbinas
1809 289 1910 320 uno

230 354 396 397 tenore
460 350 759 410 ineptissime
822 350 1020 410 scripsit
1081 350 1340 408 „aeternas
1410 346 1682 409 perpingue
1752 347 1912 394 solum

231 450 301 455 —
335 450 403 455 —
438 450 505 455 —
539 423 680 470 sertis
721 423 1058 483 pecudumque
1100 419 1364 468 cruorem“.
1431 437 1529 467 non
1561 422 1727 467 minus
1759 435 1911 482 grave

231 501 301 543 est
351 497 478 557 quod
521 498 566 555 4,
596 498 722 556 335,
770 496 853 543 ubi
899 495 951 541 in
991 495 1326 542 Laurentiano
1366 492 1534 554 „finit“
1581 493 1710 541 inter
1755 495 1912 544 lineas

231 570 392 630 inepte
432 573 670 617 insertum
711 585 812 617 esse
852 571 904 616 in
945 571 1189 631 apparatu
1229 569 1414 627 notavi,
1459 569 1577 628 quia
1617 583 1766 628 supra
1805 583 1911 614 ver-

232 644 342 689 bum
384 642 584 705 „regit“,
617 644 747 705 quod
786 644 991 691 inferius
1032 645 1270 704 sequitur,
1303 643 1543 702 scriptum
1577 644 1663 701 est,
1697 641 1912 688 Urbinas

230 717 319 763 hoc
373 719 641 764 correctum
695 720 834 764 ratus
887 715 1053 779 „finit“
1109 732 1198 777 pro
1254 714 1441 777 „regit“
1496 717 1678 776 posuit.
1756 715 1911 762 nihilo

229 793 394 836 tamen
434 792 583 838 setius
625 793 672 837 et
705 790 997 838 Urbinatem
1037 793 1085 838 et
1123 791 1356 851 reliquos,
1390 804 1695 850 quamquam
1727 804 1756 835 a
1784 788 1912 835 Lau-

230 865 452 911 rentiano
517 868 565 911 et
625 864 868 912 Vaticano
932 866 1172 928 originem
1233 863 1469 926 habeant,
1534 879 1591 910 ex
1651 863 1729 910 his
1790 863 1911 924 ipsis

229 939 549 998 transcriptos
598 953 700 985 esse
748 954 888 1001 nego.
966 940 1081 986 sunt
1129 939 1259 985 enim
1306 936 1401 984 loci
1450 937 1629 998 quibus
1678 934 1834 983 HOU
1883 952 1913 984 a

230 1011 435 1058 lectione
477 1027 600 1072 quae
641 1012 692 1058 in
730 1012 769 1058 L
810 1013 889 1059 vel
927 1012 971 1056 V
1012 1015 1148 1060 extat
1186 1014 1259 1059 ita
1300 1010 1567 1070 discedant,
1599 1013 1657 1058 ut
1693 1011 1825 1058 inter
1863 1026 1912 1059 se

230 1088 279 1131 et
318 1099 423 1130 cum
466 1085 680 1132 editione
719 1087 750 1132 i.
785 1102 823 1133 e.
865 1101 973 1133 cum
1014 1086 1140 1134 libro
1179 1101 1329 1133 manu
1372 1084 1556 1146 scripto
1604 1083 1732 1132 unde
1778 1084 1913 1131 facta

231 1160 303 1204 est
349 1160 670 1206 consentiant.
750 1161 973 1221 exempla
1020 1176 1076 1208 ex
1123 1159 1351 1221 plurimis
1400 1160 1592 1220 aliquot
1640 1173 1751 1205 cum
1791 1158 1913 1205 alibi

229 1234 411 1292 passim
457 1234 563 1279 tum
610 1233 661 1279 in
708 1235 917 1294 septimo
963 1233 1016 1281 in
1068 1236 1364 1295 apparatum
1417 1234 1602 1294 recepi,
1657 1232 1736 1280 hic
1789 1233 1911 1280 satis

228 1304 382 1352 habeo
413 1306 534 1354 haec
565 1306 860 1355 adscribere:
902 1309 951 1368 4,
978 1309 1060 1355 68.
1096 1309 1142 1367 5,
1172 1309 1289 1355 234.
1326 1308 1446 1354 394.
1490 1308 1536 1367 6,
1565 1307 1683 1354 182.
1721 1308 1766 1367 7,
1790 1307 1910 1353 221.

231 1379 350 1426 301.
393 1380 511 1427 332.
556 1382 675 1427 351.
719 1382 839 1428 594.
885 1383 1002 1428 744.
1054 1385 1099 1442 9,
1127 1382 1246 1428 818.
1292 1383 1374 1440 10,
1403 1381 1484 1427 96.
1563 1381 1913 1443 gravissimum

230 1455 392 1499 autem
433 1455 505 1500 est
545 1454 675 1514 quod
714 1455 945 1502 lacunam
970 1455 1203 1503 Vaticani
1229 1456 1276 1515 6,
1299 1455 1400 1502 168
1435 1452 1591 1501 HOU
1617 1454 1688 1501 ed.
1722 1469 1910 1502 summo

229 1541 464 1574 consensu
513 1528 832 1588 expleverunt
878 1530 1039 1576 verbis
1088 1545 1167 1589 „se
1216 1529 1408 1576 addidit
1453 1527 1694 1576 Aeneae“.
1771 1545 1912 1574 num-

229 1615 377 1660 quam
416 1602 546 1648 enim
584 1602 708 1648 mihi
746 1602 1123 1664 persuadebitur
1163 1606 1401 1664 quattuor
1433 1602 1651 1650 diversos
1682 1602 1912 1649 librarios

230 1687 344 1719 casu
383 1674 433 1719 in
473 1675 665 1723 easdem
707 1679 792 1723 aut
830 1677 1031 1724 mendas
1071 1681 1162 1724 aut
1201 1677 1566 1725 emendationes
1612 1677 1779 1723 venire
1826 1691 1912 1737 po-

228 1747 394 1794 tuisse.
472 1750 695 1810 sequitur
741 1766 856 1812 ergo
903 1753 960 1798 ut
1006 1750 1069 1798 ad
1108 1766 1364 1799 commune
1405 1750 1656 1812 exemplar
1692 1765 1912 1797 recurra-

229 1835 353 1879 mus,
393 1823 554 1868 ortum
593 1823 717 1870 illud
756 1823 954 1884 quidem
993 1841 1051 1872 ex
1089 1823 1425 1872 Laurentiano
1459 1826 1508 1871 et
1531 1823 1790 1884 Vaticano,
1827 1824 1912 1871 sed

230 1894 311 1940 cui
349 1894 443 1942 loci
482 1896 533 1941 in
566 1895 719 1944 HOU
752 1897 823 1944 ed.
865 1898 925 1945 ab
965 1898 1004 1945 L
1045 1901 1094 1945 et
1125 1898 1170 1943 V
1211 1898 1538 1946 communiter
1576 1897 1912 1958 discrepantes

229 1969 420 2027 possint
466 1969 685 2017 attribui.
764 1987 819 2018 eo
859 1973 911 2018 in
951 1973 1219 2034 exemplari
1256 1974 1382 2020 mira
1423 1987 1618 2034 quoque
1655 1971 1745 2018 illa
1785 1986 1912 2032 quae

230 2054 379 2100 supra
418 2057 473 2088 ex
513 2042 558 2090 U
597 2046 795 2092 enotavi
832 2045 907 2092 ita
944 2047 1130 2107 scripta
1168 2046 1319 2094 fuisse
1360 2045 1618 2106 concedas,
1666 2047 1723 2092 ut
1769 2045 1912 2107 signa

229 2114 543 2164 correctionis
605 2119 833 2178 apposita
894 2118 939 2166 U
999 2120 1303 2183 neglegeret,
1365 2120 1684 2169 observarent
1747 2119 1910 2166 ceteri.

231 2186 406 2247 quodsi
455 2205 759 2238 communem
806 2191 947 2239 illum
995 2193 1233 2254 codicem,
1282 2209 1428 2255 quem
1467 2194 1635 2240 littera
1675 2193 1718 2239 X
1759 2193 1911 2256 signi-

229 2259 344 2319 fico,
391 2262 811 2314 emendationibus
866 2268 1158 2315 coniecturis
1213 2267 1615 2316 adnotationibus
1666 2266 1912 2327 repletum

230 2332 379 2381 fuisse
426 2338 765 2399 statuerimus,
815 2340 1008 2400 qualem
1049 2341 1373 2405 Reginensem
1422 2342 1574 2389 etiam
1611 2356 1741 2389 nunc
1779 2340 1912 2388 vide·

229 2422 352 2466 mus,
390 2408 442 2455 id
481 2426 675 2472 quoque
714 2413 858 2460 facile
899 2414 1240 2475 explicabitur,
1280 2415 1412 2476 quod
1446 2413 1602 2462 HOU
1634 2416 1684 2461 et
1714 2414 1912 2474 „arche-

228 2479 410 2541 typus“
449 2482 678 2532 editionis
723 2501 957 2548 persaepe
1005 2503 1118 2535 cum
1163 2490 1472 2552 primigeniis
1518 2487 1658 2536 libris
1698 2487 1738 2534 L
1778 2490 1828 2534 et
1866 2487 1913 2533 V
2006 2551 2012 2556 .

230 2567 328 2601 non
373 2570 539 2604 omnes
586 2559 674 2605 aut
720 2561 1035 2608 consentiunt
1081 2564 1167 2609 aut
1213 2562 1533 2623 dissentiunt,
1581 2561 1667 2609 sed
1710 2562 1911 2623 partim.

230 2642 287 2674 ex
333 2628 427 2676 tali
473 2630 602 2677 enim
642 2632 909 2694 exemplari
947 2633 1161 2694 librarii,
1202 2638 1551 2697 praeterquam
1591 2635 1723 2696 quod
1761 2635 1911 2683 corri-

230 2699 376 2761 gendi
422 2701 702 2752 libertatem
748 2705 845 2755 sibi
890 2723 1085 2769 quoque
1131 2713 1524 2771 assumpserunt,
1564 2708 1697 2770 quod
1734 2710 1911 2771 cuique

229 2771 448 2834 placeret
484 2778 698 2839 recipere
736 2782 1005 2840 potuerunt
1043 2782 1103 2828 cf.
1137 2783 1185 2841 4,
1213 2785 1257 2830 1.
1308 2784 1355 2843 5,
1382 2784 1503 2830 201.
1554 2784 1600 2844 7,
1626 2784 1748 2830 211.
1788 2783 1917 2833 503.

232 2845 280 2904 8,
316 2848 397 2895 79.
448 2851 529 2909 10,
564 2851 647 2898 62.
723 2868 840 2900 nam
878 2855 1139 2914 quominus
1178 2872 1331 2903 unum
1371 2871 1428 2903 ex
1465 2856 1568 2905 illis
1608 2857 1781 2904 ceteris
1819 2871 1910 2917 pro

231 2918 499 2983 archetypo
545 2924 695 2973 fuisse
741 2927 1044 2989 suspicemur
1089 2929 1248 2987 multa
1293 2931 1343 2976 et
1379 2945 1562 2992 magna
1598 2931 1653 2977 in
1689 2944 1911 2991 unoquo-
