2014 3226
761 154 1066 197 AENEfflos
1099 155 1118 195 1
1720 155 1790 207 25

93 312 258 359 regem
298 297 488 356 poetice
528 294 721 343 inducit
753 294 972 355 dicitque
1006 294 1068 340 ad
1102 311 1213 341 eum
1246 294 1484 342 Iunonem
1518 295 1791 357 supplicem

95 371 332 428 locutam,
387 385 498 415 cum
551 368 703 416 verba
757 370 862 415 eius
918 383 1017 416 non
1074 371 1236 416 essent
1291 369 1646 429 supplicantis,
1706 369 1791 416 sed

93 444 319 491 iubentis.
413 443 686 504 supplicem
724 458 849 506 ergo
907 442 1322 505 intellegendum,
1378 442 1507 503 quod
1563 444 1673 504 ipsa
1728 443 1790 489 ad

95 534 202 566 eum
242 518 380 564 venit
419 520 468 564 et
506 517 673 563 locuta
714 518 787 564 est
826 516 968 564 haec:
1024 515 1192 570 Aeole,
1241 531 1450 575 namque
1497 518 1583 563 tibi,
1622 517 1788 564 divmn

33 610 72 644 ,5
90 595 234 652 pater
272 595 413 650 atque
451 591 701 638 hominum
738 605 824 638 reoe
864 594 905 637 et
942 591 1149 637 mulce-re
1188 591 1319 637 dedit
1348 593 1525 648 fluctus
1558 594 1601 637 et
1631 591 1791 638 tollere

98 668 254 713 senio:
308 666 438 713 hunc
478 665 641 712 locum
681 666 724 712 si
764 666 875 726 quis
918 666 1157 712 attentius
1198 664 1586 727 diligentiusque
1630 664 1791 712 discu-

91 741 214 798 tiat,
259 739 385 786 nihil
435 739 569 800 quod
616 754 714 786 non
761 739 969 786 miretur
1010 738 1254 799 inveniet3
1310 742 1383 786 est
1423 739 1555 786 enim
1595 740 1703 786 arte
1742 741 1792 787 et

94 813 371 861 subtilitate
413 812 619 860 dicentis
661 813 929 860 admodum
968 813 1193 860 satiatus.
1277 829 1393 860 nam
1434 814 1597 874 coepit
1636 829 1666 860 a
1705 828 1791 862 no-

90 889 244 948 mine,
293 886 425 948 quod
474 888 639 948 ipsum
686 901 775 934 nec
814 887 1053 934 Iunonem
1100 886 1340 934 humilem
1387 903 1475 934 nec
1514 887 1669 935 Aeolo
1716 889 1789 934 in-

31 962 272 1012 iniuriam
297 962 428 1008 fecit.
487 962 654 1022 potior
687 962 870 1022 quippe
904 962 947 1008 si
978 960 1263 1009 inferiorem
1298 960 1494 1008 nomine
1520 976 1608 1009 suo
1633 964 1790 1018 vocet,

94 1039 141 1082 et
187 1050 238 1085 se
283 1035 570 1083 benivolum
617 1037 864 1083 monstrat
913 1038 961 1082 et
1008 1035 1086 1082 illi
1126 1035 1254 1082 unde
1295 1035 1513 1098 gaudeat
1553 1035 1790 1082 submini-

92 1112 230 1157 strat.
300 1109 562 1171 pulchrum
602 1112 675 1156 est
715 1110 862 1168 enim,
901 1111 944 1156 si
982 1109 1214 1157 inferiore
1255 1110 1307 1156 in
1347 1109 1455 1156 loco
1495 1111 1686 1170 positus
1727 1111 1791 1157 sit

95 1184 322 1246 cognitus
362 1184 546 1245 potiori
585 1183 886 1244 perindeque
927 1199 1068 1231 carus
1108 1186 1438 1245 acceptusque
1470 1186 1789 1231 monstratur.

96 1258 214 1304 fecit
260 1273 375 1321 ergo
417 1257 686 1305 secundum
727 1259 848 1305 artis
888 1261 1155 1320 praecepta
1194 1257 1500 1305 benivolum:
1554 1257 1678 1304 facit
1716 1262 1788 1304 at-

28 1348 71 1384 as
94 1335 307 1391 tentum,
349 1347 462 1379 cum
501 1332 625 1379 dicit
663 1346 876 1392 namque
915 1332 1011 1379 tibi
1050 1331 1221 1380 divum
1260 1334 1403 1393 pater
1443 1334 1592 1392 atque
1632 1332 1790 1379 homi-

91 1422 209 1452 num
255 1421 338 1453 rex
392 1409 441 1453 et
479 1406 693 1452 mulcere
735 1405 872 1454 dedit
910 1406 1088 1454 fluctus
1130 1408 1180 1453 et
1217 1406 1392 1454 tollere
1433 1409 1596 1453 ventO.
1674 1422 1786 1453 nam

92 1478 263 1527 exinde
304 1482 526 1527 conicere
566 1480 755 1528 Aeolus
794 1481 962 1541 potuit
1009 1479 1231 1528 officium
1278 1496 1420 1528 suum
1459 1479 1641 1528 Iunoni
1686 1495 1789 1528 esse

91 1555 442 1614 necessarium,
492 1569 603 1601 cum
642 1553 894 1602 subtiliter
933 1556 1205 1602 conventus
1246 1554 1466 1602 audisset
1510 1553 1691 1602 habere
1738 1569 1789 1602 se

90 1629 142 1674 in
179 1630 349 1676 ventos
389 1629 731 1690 plenissimam
769 1631 1085 1689 potestatem.
1155 1645 1215 1676 ne
1256 1631 1422 1676 autem
1464 1628 1789 1691 adrogantem

91 1702 276 1750 faceret
320 1701 582 1762 Iunonem,
639 1704 711 1750 ait
766 1702 934 1749 divum
989 1705 1134 1765 pater
1189 1704 1338 1764 atque
1388 1703 1643 1750 hominum
1690 1718 1787 1749 rex.

90 1791 188 1827 non
234 1776 362 1823 dixit
407 1777 562 1824 frater
611 1791 750 1824 meus
800 1779 849 1824 et
887 1776 1099 1825 maritus
1137 1792 1297 1837 meus,
1337 1779 1393 1823 ut
1434 1793 1583 1838 supra
1621 1776 1790 1838 posuit

91 1852 200 1910 „ast
237 1866 350 1914 ego,
399 1866 528 1911 quae
568 1850 736 1898 divum
776 1850 950 1898 incedo
989 1850 1164 1914 regina
1201 1850 1433 1912 Iovisque
1474 1852 1523 1898 et
1563 1865 1702 1899 soror
1741 1854 1790 1899 et

93 1923 346 1972 coniunx“.
423 1924 528 1972 illic
569 1925 715 1985 enim,
756 1924 843 1972 ubi
881 1939 1047 1973 secum
1086 1925 1255 1973 locuta
1295 1928 1384 1985 est,
1424 1926 1468 1972 si
1507 1924 1789 1987 specialiter

89 1996 180 2046 hoc
226 2000 396 2060 posuit
441 1998 580 2047 nullo
628 1998 884 2060 audiente,
932 1999 1179 2062 adrogans
1218 1999 1432 2046 iudicari
1469 2015 1571 2047 non
1608 2000 1788 2060 potuit,

26 2083 71 2128 ῃ
90 2070 172 2119 hic
208 2087 325 2120 vero
366 2088 478 2120 cum
518 2072 640 2120 dicit
678 2088 891 2135 namque
930 2073 1024 2121 tibi
1064 2073 1234 2122 divum
1273 2075 1417 2134 pater
1449 2075 1599 2135 atque
1631 2073 1787 2121 homi·

90 2161 210 2199 1111111
238 2163 337 2208 rex,
360 2147 589 2210 intellegi
618 2147 785 2209 potius
818 2147 980 2196 voluit
1011 2163 1163 2209 quam
1195 2146 1306 2196 dici.
1361 2163 1461 2195 non
1492 2148 1625 2195 enim
1657 2147 1790 2209 apud

74 2214 202 2268 'eum
248 2220 546 2282 loquebatur
594 2223 681 2283 qui
726 2237 824 2269 non
873 2237 983 2269 eam
1022 2223 1202 2270 nosset.
1280 2221 1432 2270 dictio
1473 2224 1641 2269 autem
1678 2221 1789 2283 ipsa

90 2309 154 2343 110
198 2296 327 2343 esset
371 2295 566 2357 prolixa
613 2297 664 2343 et
708 2295 981 2359 plurimum
1027 2294 1264 2358 temporis
1302 2298 1517 2357 teneret,
1560 2295 1671 2358 ipsa
1709 2310 1788 2344 oc—

92 2367 223 2420 <zulte
268 2367 364 2417 sibi
412 2369 650 2432 proponit
704 2385 831 2431 quae
879 2369 941 2417 ab
988 2370 1146 2418 Aeolo
1198 2372 1402 2431 possent
1456 2370 1786 2418 excusationis

93 2454 241 2491 causa
294 2443 554 2504 praetendi
599 2446 650 2492 et
694 2445 806 2505 ipsa
852 2443 954 2492 illis
1000 2443 1266 2506 respondet
1317 2443 1414 2504 ita,
1467 2446 1525 2492 ut
1577 2443 1787 2492 ulterius

27 2519 53 2633 ἒ
92 2515 258 2564 accedi
301 2530 401 2566 non
447 2520 626 2579 posset.
703 2516 915 2579 denique
962 2533 1023 2566 ne
1071 2517 1257 2566 diceret
1293 2517 1480 2566 Aeolus
1523 2533 1622 2565 non
1669 2521 1788 2566 sunt

28 2627 70 2803 Ξ,
210 2677 236 2714 2
260 2673 566 2729 supplicantis
588 2673 676 2716 LR
697 2674 920 2730 supplicis
944 2675 1056 2717 ante
1079 2688 1174 2718 «non
1197 2674 1269 2717 ed.
1365 2678 1391 2716 6
1416 2677 1568 2718 «ventos
1593 2673 1663 2716 ed.

61 2731 119 2786 {⁹
151 2730 298 2786 ipsam
329 2731 399 2782 ed.
526 2736 581 2776 10
610 2733 728 2788 facit
758 2732 830 2777 ed.
955 2737 1008 2777 11
1045 2733 1302 2777 benevolam
1333 2733 1404 2777 ed.
1516 2737 1570 2782 12
1599 2732 1787 2788 possit-is

34 2808 59 2843 φ·-
90 2787 381 2836 odtass-corr.
422 2805 457 2835 r.
642 2796 698 2835 14
735 2805 840 2849 erqo
877 2791 966 2835 LR
1003 2792 1124 2836 enim
1162 2791 1234 2837 ed.
1293 2794 1308 2848 Ι,
1363 2793 1480 2846 fucit
1512 2796 1555 2836 et
1593 2791 1665 2835 ed.

33 2852 66 2903 2«
94 2850 150 2900 ³⁶
178 2854 332 2899 ventos
360 2849 433 2894 ed.
618 2854 675 2896 18
704 2850 957 2896 subtilitate
987 2851 1060 2895 ed.
1120 2852 1127 2909 Ι
1183 2856 1427 2896 conventus
1457 2850 1493 2893 L
1525 2855 1787 2899 cumventus

32 2903 50 2921 '‘
88 2902 134 2970 Β·
161 2907 492 2957 circumventus
522 2909 595 2954 ed.
728 2914 785 2953 20
817 2910 1045 2955 Iunonem
1076 2909 1112 2952 L
1145 2909 1340 2968 Iunossl
1366 2909 1408 2953 R
1440 2923 1545 2953 cum
1576 2923 1664 2954 ras.

29 2966 53 3037 ιΞτζ
93 2967 149 3008 21
180 2971 222 3011 et
250 2965 335 3010 LR
367 2973 502 3025 atque
534 2968 605 3012 ed.
658 3018 662 3023 ,
1021 2983 1023 2987 ’
1123 2998 1129 3007 ,ν

29 3054 51 3083 ’ζ

26 3087 57 3226 l

1822 522 1877 558 «35
