2014 3226
187 150 259 200 44
651 146 884 192 DONATI
915 145 1194 189 INTERPR.
1228 143 1406 188 VERG.

188 289 407 350 partitur
461 305 575 351 ergo
626 303 882 335 cervorum
930 300 1135 346 corpora
1182 284 1312 332 inter
1359 286 1539 346 omnis3
1601 301 1699 332 non
1747 286 1876 332 eni-m

191 379 486 423 quemquam
520 362 690 409 debuit
721 360 1131 421 praetermittere.
1197 361 1369 406 tantus
1405 360 1569 406 autem
1603 375 1742 406 amor
1773 359 1876 407 eius

103 438 254 483 195111
287 438 443 483 socios
477 437 586 495 fuit,
619 438 674 482 ut
707 434 799 482 sibi
832 449 931 481 non
963 434 1136 480 fecerit
1154 436 1373 493 >⁴partem.
1430 434 1546 480 vina
1579 434 1730 480 bonus
1755 448 1878 492 quae

189 512 358 557 deinde
404 511 538 557 cadis
585 511 814 556 onerarat
859 506 1053 554 Acestes
1100 507 1236 553 litore
1286 507 1543 554 Trinacrio
1591 508 1877 566 dederatque

190 585 472 631 abeuntibus
495 585 633 630 heros
657 582 842 629 dividit.
896 581 1154 628 ordinatur
1178 595 1346 628 sensus
1373 582 1463 627 sic:
1498 580 1671 627 deinde
1698 580 1877 629 dividit
1901 596 1944 628 .5

188 660 304 704 vina
344 674 468 718 quae
507 657 664 704 bonus
697 656 899 703 Acestes
941 656 1234 702 oneraverat
1274 654 1407 702 cadis
1438 655 1586 701 litore
1620 655 1876 702 Trinacrio

189 736 335 791 atque
377 730 671 778 abeuntibus
712 729 924 777 dederat.
1003 728 1187 775 bonum
1225 730 1416 775 interea
1455 728 1685 776 debemus
1730 730 1875 777 intel-

188 806 349 868 legere
395 805 580 851 bonum
621 804 800 863 civem,
839 803 1024 849 bonum
1062 803 1364 865 largitorem.
1443 802 1653 863 denique
1693 802 1876 851 idcirco

189 881 355 939 posuit
417 878 549 925 cadis
615 880 866 936 onerarat,
923 880 979 923 ut
1034 876 1312 923 ostenderet
1369 892 1426 923 ex
1479 878 1590 938 ipsa
1645 876 1877 924 cadorum

188 953 535 1012 praetermissa
573 952 766 998 numeri
805 953 1058 998 taxatione
1100 950 1433 1013 significatum
1471 951 1741 1011 plurimum
1772 951 1948 999 vini-1⁰

188 1027 338 1073 fuisse
386 1026 518 1087 quod
565 1026 737 1073 datum
785 1028 870 1072 est.
952 1024 1082 1085 quod
1123 1026 1289 1071 autem
1329 1023 1455 1070 dixit
1494 1027 1746 1084 onerarat,
1785 1025 1877 1072 hoc

187 1100 575 1163 intellegendum
605 1102 678 1147 est
710 1101 881 1146 vinum
915 1098 1270 1159 accipientibus
1302 1098 1567 1159 profecisse
1599 1114 1697 1145 non
1723 1115 1877 1160 quan-

187 1178 293 1220 tum
347 1174 503 1221 bonus
557 1173 767 1236 largitor
822 1173 938 1219 dare
993 1172 1174 1233 voluit,
1238 1172 1322 1220 sed
1377 1175 1620 1233 quantum
1674 1172 1878 1221 Troiani

187 1247 312 1294 ferre
351 1250 635 1308 potuerunt,
676 1263 797 1308 quos
836 1248 937 1293 iam
978 1247 1164 1307 species
1203 1247 1316 1308 ipsa
1363 1249 1667 1294 oneraverat.
1742 1246 1876 1308 quod

186 1337 300 1368 vero
348 1323 515 1382 posuit
559 1321 707 1368 litore
756 1321 1035 1380 Trinacrio,
1082 1319 1369 1383 intellegere
1415 1336 1677 1381 possumus
1726 1321 1876 1368 dandi
1903 1335 1947 1367 15

187 1394 521 1442 substantiam
558 1396 845 1457 praebuisse
877 1394 1156 1442 ubertatem
1187 1394 1281 1442 3011
1314 1411 1440 1455 quae
1471 1394 1679 1442 iuvabat
1709 1394 1875 1443 dantis

186 1469 507 1517 voluntatem.
594 1469 895 1530 dederatque
947 1468 1264 1529 abeuntibus,
1321 1471 1521 1529 excepto
1576 1468 1766 1517 scilicet
1820 1484 1875 1516 eo

189 1543 318 1603 quod
358 1545 410 1590 in
449 1543 582 1604 ipsos
622 1545 724 1590 iam
764 1544 928 1589 fuerat
965 1544 1228 1604 inpensum
1268 1558 1381 1589 cum
1412 1542 1599 1589 ibidem
1627 1542 1875 1605 degerent.

185 1618 246 1664 iis
282 1617 497 1664 dederat
544 1617 735 1664 affatim
783 1632 904 1677 quos
952 1632 1051 1664 non
1096 1616 1273 1664 fuisset
1310 1618 1494 1664 iterum
1533 1618 1728 1665 visurus
1767 1633 1876 1678 per-

185 1690 399 1751 indeque
438 1707 538 1738 non
575 1691 836 1738 habiturus
878 1692 1186 1738 occasionem
1226 1692 1436 1738 alteram
1475 1690 1734 1753 largiendi.
1796 1691 1876 1739 hic
1900 1705 1970 1736 ων.

187 1765 346 1811 0011101
383 1768 550 1825 potest
589 1764 650 1812 ab
682 1767 791 1826 ipso
824 1765 1000 1813 Aceste
1033 1765 1206 1812 datum
1238 1780 1341 1813 esse
1375 1766 1527 1812 etiam
1558 1765 1875 1825 frumentum,
1967 1777 1973 1779 ·

189 1839 423 1898 quoniam
477 1853 627 1899 supra
673 1839 800 1886 dixit
846 1842 982 1899 „tum
1030 1837 1256 1886 Cererem
1303 1840 1589 1900 corruptam
1634 1838 1792 1887 undis*
1826 1841 1877 1886 et

185 1914 372 1958 torrere
405 1915 586 1973 parant
615 1912 826 1960 flammis
858 1915 908 1959 et
939 1914 1166 1975 frangere
1199 1911 1369 1973 saxo“;
1399 1929 1499 1961 non
1524 1914 1655 1960 enim
1677 1915 1876 1974 poterat

187 1985 294 2031 fieri
339 1989 398 2031 ut
442 1987 520 2033 vir
565 1988 670 2033 tam
717 1988 944 2047 copiosae
991 1987 1309 2035 liberalitatis
1355 1987 1517 2034 solum
1563 1987 1735 2034 vinum
1773 1988 1874 2035 suis
1951 2031 1957 2047 ¹.

189 2057 482 2107 abeuntibus
515 2059 667 2107 daret.
733 2064 775 2106 et
812 2061 951 2108 dictis
990 2062 1259 2109 maerentia
1287 2063 1488 2120 pectora
1526 2061 1723 2108 mulcet:
1762 2062 1874 2122 quis
1898 2073 1965 2106 25·

187 2134 318 2179 enim
356 2134 408 2179 in
446 2133 612 2181 taedio
654 2135 807 2180 animi
847 2136 896 2181 et
933 2136 987 2180 in
1027 2134 1397 2182 calamitatibus
1435 2136 1628 2196 positus
1664 2134 1876 2182 libenter
1962 2186 1967 2189 Δ

188 2205 351 2252 cibum
384 2205 632 2254 sumeret?
695 2207 777 2254 sed
818 2209 1045 2268 quotiens
1084 2210 1196 2257 ista'
1223 2210 1355 2269 sunt,
1386 2209 1476 2256 illa
1507 2214 1718 2270 persona
1748 2208 1875 2256 solet

187 2280 484 2327 intervenire
538 2281 838 2328 consolantis
895 2297 1020 2342 quae
1076 2283 1138 2330 ab
1191 2283 1313 2344 ipsis
1368 2282 1513 2330 malis
1568 2283 1732 2330 aliena
1785 2284 1872 2331 est.

188 2351 271 2400 sed
308 2354 422 2400 istic
462 2355 511 2401 et
549 2354 684 2402 locus
717 2356 767 2402 et
797 2357 992 2417 tempus
1025 2358 1074 2404 et
1103 2372 1316 2417 persona
1347 2355 1704 2404 consideranda
1736 2358 1872 2417 sunt3
1962 2407 1965 2422 Ι

186 2441 302 2473 nam
339 2426 477 2475 locus
517 2427 799 2476 solitudinis
838 2429 950 2489 fuit,
988 2431 1225 2491 temporis
1263 2431 1394 2478 ratio
1433 2429 1658 2493 urgebat,
1695 2431 1754 2477 ut
1777 2429 1872 2478 'de-
1897 2426 1966 2481 ³0¹

308 2602 329 2638 1
357 2598 565 2652 partitus
595 2597 666 2641 ed.
775 2603 801 2642 5
833 2599 1002 2642 dividit
1031 2613 1118 2643 om.
1152 2599 1239 2642 LR
1271 2600 1376 2643 add.
1413 2599 1483 2644 ed..
1609 2604 1665 2643 10
1696 2599 1871 2657 είρπὴῖυ
1955 2614 1963 2670 3

185 2657 285 2698 cari
307 2655 378 2698 ed.
459 2661 510 2698 11
536 2657 684 2700 hoc—
702 2662 756 2700 12
774 2658 1019 2713 profecisse
1042 2658 1128 2702 LR
1150 2659 1335 2703 hunc—
1340 2661 1626 2715 prospexisse
1649 2659 1870 2715 suspicor,
1952 2678 1962 2714 1,

187 2726 292 2756 cum
322 2713 438 2758 Don.
474 2714 628 2759 dicere
666 2715 882 2760 videatur
919 2717 1122 2761 'Acesten
1160 2717 1267 2774 plus
1306 2717 1588 2775 largiturum
1625 2717 1792 2772 fuisse,
1831 2717 1872 2762 31
1925 2726 1962 2781 ᾗ

186 2771 306 2816 ferre
337 2772 527 2817 Troiani
558 2774 844 2830 potuissent;
876 2781 939 2819 est
971 2790 1058 2819 om.
1093 2776 1171 2820 ed..
1291 2781 1346 2820 14
1377 2778 1679 2821 honoraverat
1708 2777 1781 2821 ed.

189 2834 243 2873 16
275 2845 390 2887 quae
422 2832 507 2875 LR
538 2833 658 2888 quod
688 2833 759 2876 ed.
855 2837 910 2876 18
941 2835 1142 2879 deserent
1168 2835 1209 2878 L·
1239 2836 1462 2893 (deyerent
1483 2849 1627 2880 manu
1651 2835 1871 2892 secunda)
1946 2803 1960 2839 ά

187 2888 386 2934 deserent
414 2890 456 2934 R
487 2892 693 2948 degerent
722 2906 746 2935 1·
777 2892 847 2935 ed.
947 2897 1001 2936 21
1035 2896 1171 2939 etiam
1203 2908 1291 2939 om.
1325 2894 1396 2938 ed.
1495 2899 1550 2938 27
1582 2907 1754 2940 sumere
1785 2893 1872 2939 LR
1935 2838 1960 2900 1

187 2961 299 2991 corr.
334 2949 404 2992 ed.
450 2951 455 3005 Ι
506 2951 588 2994 illa
619 2950 706 2993 LR
735 2956 842 2995 sunt
874 2953 958 2996 illa
990 2952 1096 2996 add.
1130 2953 1201 2998 ed.
1409 2973 1414 2976 ·
1472 2975 1475 2977 ·
1537 2973 1539 2976 ·
1675 2974 1678 2977 -
