2014 3226
196 165 299 216 122
659 162 890 206 DONATI
920 161 1198 204 INTERPR.
1232 160 1411 205 VERG.

191 319 280 364 que
318 305 535 363 Pelusyi:
591 302 803 364 quando,
844 302 1023 362 inquit,
1065 302 1250 350 Teucer
1288 302 1459 362 pulsus
1499 302 1676 363 patriis
1715 302 1880 364 regnis

190 378 299 426 ibat
323 378 385 425 ad
410 393 588 425 novam
614 376 777 424 sedem
806 375 1125 436 condendam,
1150 377 1353 423 transiit
1375 391 1463 436 per
1493 378 1687 436 patrem
1718 391 1883 422 meum

193 455 243 499 et
289 453 545 512 susceptus
591 450 809 511 hospitio
856 450 1055 497 rettulit
1101 452 1151 497 et
1190 465 1357 497 casum
1398 449 1576 496 Troiae
1617 451 1666 496 et
1705 464 1883 496 nomen

191 529 329 573 tuum
380 527 427 571 et
467 523 765 571 Graecorum
812 525 1329 571 commemorationem
1375 524 1516 582 fecit,
1564 538 1622 570 ex
1669 539 1724 570 eo
1765 523 1882 571 novi

192 598 356 646 omnia
397 601 446 644 et
483 599 723 645 memoria
761 599 914 644 tenui.
993 598 1228 659 expositis
1269 599 1427 644 causis
1469 598 1519 643 et
1557 600 1758 644 narrato
1806 613 1881 644 or·
1928 613 1948 646 5

192 674 304 720 dine
350 672 550 719 fabulae
598 671 741 719 offert
786 671 918 719 ultro
962 672 1237 733 hospitium
1275 672 1515 718 maiorem
1553 670 1881 718 humanitatis

191 763 307 794 suae
354 747 568 809 gratiam
616 761 840 806 sperans,
889 747 933 795 si
973 745 1214 793 eiusmodi
1252 744 1545 792 beneficium
1584 760 1681 792 non
1721 746 1883 806 petita

101 826 186 864 627
205 821 459 868 conferret.
538 834 688 879 quare
727 822 867 879 acite,
906 834 933 866 ο
972 822 1118 875 tectis>
1155 822 1366 875 iuvenes,
1405 819 1639 866 succedite
1681 821 1883 866 uostris.-

190 910 300 941 cum
349 894 470 940 dicit
510 908 662 955 quare
703 893 858 957 agite,
904 894 996 942 hoc
1035 893 1181 941 debet
1218 892 1465 956 intellegi:
1520 907 1631 939 cum
1669 892 1881 940 videatis

188 984 286 1015 non
326 983 412 1015 vos
453 983 556 1015 esse
596 969 901 1031 incognitos,
940 971 1059 1015 nota
1101 969 1270 1015 autem
1310 982 1413 1016 esse
1455 967 1589 1014 mala
1627 969 1794 1014 vestra
1833 969 1883 1014 et
1908 983 1950 1015 10

188 1057 374 1090 morem
422 1056 526 1089 esse
573 1042 794 1089 familiae
841 1057 979 1089 meae
1027 1044 1085 1089 ut
1132 1043 1333 1090 veniens
1373 1041 1550 1102 hospes
1591 1042 1882 1102 excipiatur,

189 1117 337 1163 sicuti
368 1115 555 1164 Teucer
586 1130 616 1162 a
654 1118 797 1178 patre
835 1132 944 1164 meo
986 1117 1240 1177 susceptus
1281 1118 1370 1175 est,
1409 1117 1519 1176 ipsa
1560 1131 1755 1176 quoque
1794 1131 1882 1163 vos

188 1191 332 1237 tectis
379 1191 501 1237 meis
550 1191 806 1251 excipiam.
883 1205 957 1238 me
1003 1204 1187 1250 quoque
1224 1204 1319 1249 per
1355 1189 1531 1237 multos
1569 1190 1745 1237 similis
1783 1190 1883 1248 for-

188 1268 310 1311 tuna
355 1263 542 1311 labores
586 1266 820 1312 iactatam
864 1265 956 1311 hac
1001 1265 1194 1311 demum
1238 1264 1392 1311 voluit
1437 1265 1691 1311 consistere
1729 1266 1884 1311 terra:

189 1353 277 1384 nec
321 1337 529 1399 pudeat,
576 1337 763 1400 inquit,
811 1338 944 1400 quod
990 1340 1189 1385 tantum
1234 1353 1321 1386 vos
1370 1339 1622 1385 attriverit
1677 1337 1884 1385 adversa
1908 1352 1949 1385 15

189 1412 412 1472 fortuna3
476 1427 587 1459 cum
639 1414 771 1460 enim
820 1411 1092 1460 intervenit
1140 1413 1300 1459 maior
1349 1413 1447 1471 vis,
1504 1427 1661 1472 aequo
1719 1411 1882 1458 animo

190 1485 478 1533 sustinenda
511 1488 597 1534 est.
661 1488 824 1547 atque,
858 1490 914 1534 ut
952 1486 1045 1534 hoc
1083 1485 1417 1547 persuaderet,
1449 1487 1685 1547 proponit
1725 1501 1882 1533 exem-

188 1560 328 1620 plum
375 1575 518 1607 suum
565 1562 615 1607 et
661 1560 784 1607 dicit
831 1575 1006 1608 causas
1054 1559 1388 1608 miserationis
1429 1575 1561 1607 suae.
1641 1561 1713 1606 ait
1753 1561 1884 1607 enim

190 1635 240 1680 et
284 1649 385 1694 me,
433 1649 583 1695 quam
630 1634 810 1683 videtis
857 1635 998 1682 velut
1043 1635 1260 1694 felicem,
1309 1633 1577 1695 aliquando
1616 1633 1882 1681 infelicitas

188 1709 383 1768 pressit,
423 1723 522 1769 qua
560 1709 749 1755 factum
789 1711 864 1756 est
901 1711 958 1755 ut
996 1710 1185 1756 iactata
1223 1724 1313 1770 per
1343 1707 1540 1756 infinita
1570 1707 1883 1755 incommoda
1907 1723 1950 1756 20

191 1781 253 1828 ad
290 1781 411 1828 haec
449 1781 559 1829 loca
597 1783 801 1830 fortuna
840 1785 1046 1847 cogente
1085 1782 1327 1844 perducta
1366 1782 1473 1842 sim,
1506 1783 1564 1829 ut
1603 1781 1884 1830 ostenderet

191 1856 342 1902 etiam
396 1869 447 1903 se
501 1855 708 1904 invitam
765 1858 819 1904 in
872 1858 994 1918 ipsis
1044 1856 1328 1920 regionibus
1377 1855 1542 1904 sedem
1588 1856 1882 1904 conlocasse.

102 1932 188 1971 630
203 1942 302 1976 non
339 1931 519 1989 cynara
556 1930 679 1978 mah
715 1932 907 1979 miseris
945 1945 1226 1980 succurrere
1265 1931 1419 1978 disco:
1473 1945 1572 1978 non
1613 1931 1768 1991 disco,
1808 1931 1881 1976 in-

191 2003 322 2064 quit,
370 2004 611 2064 quantum
656 2003 879 2052 laborem
925 2005 1204 2054 sustineant
1251 2019 1374 2066 quos
1423 2003 1631 2053 adversa
1681 2005 1884 2052 fortuna

189 2077 522 2138 persequitur3
578 2077 731 2126 didici
785 2080 918 2126 enim
964 2079 1110 2127 malis
1156 2078 1278 2126 meis
1319 2077 1738 2140 quemadmodum
1776 2093 1881 2127 suc·
1906 2091 1963 2137 25>

191 2165 384 2198 currere
430 2151 622 2199 miseris
670 2151 887 2200 debeam.
964 2155 1036 2201 sic
1084 2156 1338 2208 memorat,
1385 2154 1533 2200 simul
1577 2151 1783 2200 Aenean
1827 2154 1883 2200 iu
1942 2199 1943 2202 ,

190 2225 326 2284 reyia
364 2224 498 2271 ducit
534 2227 667 2281 tecta,
704 2227 854 2274 simul
891 2227 1060 2274 divum
1098 2227 1287 2287 templis
1324 2227 1501 2275 indicit
1534 2227 1786 2274 honorem:
1823 2228 1883 2273 ut

190 2296 471 2345 ostenderet
515 2299 716 2359 plenam
760 2300 1123 2364 benignitatem
1171 2300 1347 2361 animi,
1395 2303 1446 2348 et
1489 2300 1696 2348 Aenean
1742 2300 1882 2348 duxit

192 2370 256 2418 ad
295 2370 496 2418 domum
535 2375 585 2420 et
624 2373 685 2420 ob
725 2375 829 2422 eius
871 2374 1139 2422 adventum
1178 2375 1416 2422 honorem
1454 2374 1653 2436 templis
1684 2373 1882 2434 indixit,
1958 2434 1959 2438 Ἰ

190 2446 251 2491 ut
290 2446 418 2492 esset
455 2445 655 2507 publica
694 2448 966 2510 gratulatio
1006 2451 1055 2496 et
1089 2448 1152 2496 ad
1183 2449 1471 2497 societatem
1502 2448 1714 2496 foederis
1746 2447 1882 2495 illius
1905 2460 1949 2496 ³0

191 2519 344 2566 etiam
383 2518 586 2566 deorum
622 2521 767 2568 favor
805 2516 1069 2570 accederet.
1136 2522 1311 2570 dehinc
1349 2521 1604 2570 moralitas
1644 2523 1883 2583 sequitur,
1933 2530 1942 2584 g

192 2608 292 2653 qua
315 2592 606 2640 ostendatur
635 2594 919 2643 humanitas
952 2596 1115 2657 plena.
1165 2612 1265 2644 non
1298 2597 1429 2644 enim
1461 2611 1627 2644 omnes
1661 2596 1882 2656 aderant,
1936 2612 1938 2614 ·

193 2667 280 2713 aut
325 2667 543 2716 universi
588 2671 822 2729 poterant
868 2669 1076 2719 Didonis
1131 2670 1367 2719 interesse
1422 2669 1663 2718 convivio.
1740 2685 1880 2732 prae·
1939 2679 1958 2696 ”

1922 2731 1968 2746 N.

313 2798 335 2837 1
376 2809 444 2839 me
483 2807 656 2851 quoque
694 2797 803 2850 post
841 2797 1028 2853 Pelasqi
1064 2795 1280 2852 interpol.
1322 2795 1392 2840 ed.
1434 2795 1524 2840 del.
1558 2795 1630 2839 611.
1669 2797 1790 2852 post.

193 2855 219 2893 2
252 2853 483 2898 colendam
514 2854 586 2897 ed.
637 2853 643 2911 Ι
694 2855 902 2908 patriam
932 2868 1076 2899 meam
1110 2855 1218 2899 edF.
1359 2859 1411 2897 11
1445 2855 1669 2900 venientes
1698 2867 1776 2899 vos
1805 2867 1879 2898 eae-

190 2912 342 2966 cipiar
371 2911 458 2955 LR
495 2913 719 2957 venientes
752 2914 954 2968 excipiat
984 2914 1054 2957 611.
1094 2915 1276 2959 veniens
1305 2914 1462 2970 hospes
1491 2913 1751 2969 eoecipiatur
1781 2927 1880 2958 nos.
1930 2942 1943 2971 5-

283 2975 338 3013 22
371 2973 505 3016 etiam
539 2973 581 3016 si
610 2970 651 3014 R
684 2985 796 3015 corr.
829 2986 864 3016 r.
988 2977 1046 3021 31*
1075 2974 1211 3028 fabor
1242 2973 1328 3016 LR
1361 2986 1474 3016 corr.
1507 2972 1543 3015 L
1567 2971 1611 3016 Π
1633 2985 1758 3016 man.
1790 2987 1826 3016 r.
1935 2978 1939 2989 '
