2014 3226
845 158 1186 203 PRAEFATIO
1799 160 1865 204 XI

168 300 365 348 nielinis
406 300 667 348 scholiisve
699 299 1065 348 Veronensibus
1104 300 1263 363 magis
1305 301 1550 347 consentit
1582 299 1659 347 vel
1693 299 1860 361 aliqua

165 390 295 436 quae
337 374 535 422 Servius
574 373 760 420 refellit
801 373 1138 435 amplectitur,
1185 373 1310 420 nihil
1350 373 1464 421 hinc
1503 373 1726 434 sequitur
1763 374 1861 421 nisi

165 464 281 496 eum
312 464 411 495 non
441 464 496 495 ex
522 447 626 495 solo
653 446 824 495 Servio
857 447 1099 507 hausisset,
1133 449 1251 509 quin
1286 463 1397 495 cum
1429 447 1540 495 aliis
1573 449 1726 495 etiam
1751 446 1860 494 Ser-

168 522 249 570 vio
289 537 405 570 usus
447 523 513 569 sit
544 521 667 569 talia
699 538 798 569 non
831 520 1045 570 obstant.
1109 522 1275 569 extitit
1306 521 1546 583 Hoppius,
1581 521 1665 583 qui
1698 533 1860 568 emen-

168 596 298 644 datis
348 595 642 656 quibusdam
689 595 950 642 Burckasii
997 595 1243 643 erroribus
1292 611 1381 643 sua
1432 595 1860 659 argumentatione

165 670 300 716 idem
339 669 529 717 efficere
570 669 664 717 sibi
705 671 838 717 visus
880 671 967 729 est,
998 671 1055 716 ut
1086 669 1340 717 Donatum
1373 669 1544 718 Servio
1577 685 1721 717 usum
1756 685 1860 717 esse

167 745 384 806 negaret.
456 746 509 791 at
549 743 712 805 qualis
754 747 828 791 est
867 743 955 790 illa
996 741 1397 807 argumentatio?
1461 743 1594 805 quod
1631 743 1859 791 Donatus

167 817 517 879 septemdecim
563 818 664 864 fere
712 817 832 865 locis
874 832 899 864 e
940 816 1128 864 duabus
1170 833 1291 879 quas
1332 820 1573 865 memorat
1619 819 1859 878 interpre-

165 892 439 939 tationibus
480 892 689 939 alteram
728 892 966 953 praefert,
1006 891 1234 953 Hoppius
1278 891 1330 938 id
1370 891 1674 952 „certissimo
1714 890 1860 939 docu-

164 968 333 1013 mento
381 980 485 1013 esse
534 965 625 1025 ait,
673 981 787 1013 eum
827 959 1004 1032 (unum
1044 959 1284 1031 aliquem)
1327 965 1735 1013 commentarium
1775 964 1860 1012 ha-

166 1038 330 1087 buisse
371 1055 517 1100 quem
557 1039 868 1099 exscriberet,
906 1041 1198 1101 plerumque
1237 1041 1324 1100 ita,
1364 1042 1421 1086 ut
1459 1042 1632 1102 postea
1672 1039 1731 1087 de
1772 1055 1859 1087 suo

163 1113 370 1161 adderet
410 1114 619 1161 alteram
656 1108 1165 1176 interpretationem“.
1228 1113 1421 1161 cautius
1461 1113 1706 1161 iudicanti
1736 1113 1862 1160 nihil

165 1187 279 1234 inde
320 1189 460 1249 sequi
498 1187 750 1235 videbitur
787 1187 885 1235 nisi
926 1203 1038 1234 eum
1077 1189 1502 1249 interpretationis
1540 1187 1861 1250 Vergilianae

159 1262 526 1310 controversias
566 1263 790 1326 cognitas
829 1261 1081 1309 habuisse:
1120 1264 1291 1308 utrum
1332 1261 1550 1323 aliquem
1580 1261 1712 1308 inter
1743 1262 1860 1310 scri-

166 1335 381 1383 bendum
429 1335 492 1383 ad
538 1352 740 1383 manum
787 1335 1019 1383 habuerit
1066 1335 1476 1384 commentarium
1520 1351 1583 1383 an
1622 1336 1862 1384 memoria

164 1411 364 1457 tantum
418 1410 577 1458 fretus
623 1410 703 1458 vel
751 1410 1088 1458 adnotationis
1134 1411 1188 1456 in
1237 1409 1509 1471 exemplari
1555 1425 1643 1457 suo
1683 1409 1860 1473 Vergi-

165 1484 300 1531 liano
342 1484 485 1546 copia
524 1483 723 1532 adiutus
764 1500 935 1533 earum
975 1486 1324 1546 quaestionum
1355 1484 1658 1531 mentionem
1689 1483 1862 1531 fecerit

164 1573 264 1605 non
317 1557 700 1619 praeiudicatur.
786 1559 910 1606 alios
965 1558 1132 1606 decem
1187 1557 1320 1606 locos
1374 1557 1603 1620 Hoppius
1659 1557 1862 1620 collegit

165 1631 347 1693 quibus
386 1632 613 1680 Donatus
653 1632 775 1680 duas
814 1633 1269 1694 interpretationes,
1301 1632 1511 1679 alteram
1543 1633 1862 1695 argutiorem,

159 1707 462 1766 ineptiorem
502 1706 726 1766 alteram,
766 1706 951 1754 dilectu
989 1722 1089 1754 non
1126 1705 1298 1754 habito
1338 1706 1541 1768 profert.
1603 1706 1686 1754 hic
1717 1721 1860 1767 „-pro

165 1795 281 1826 nam
328 1795 431 1827 esse
480 1781 552 1827 ait
599 1781 955 1840 coniecturam,
1010 1781 1224 1845 priorem
1276 1779 1444 1828 deberi
1490 1743 1862 1840 vetustioribus,

162 1853 375 1901 alteram
414 1853 629 1914 Donato,
667 1854 918 1902 interdum
943 1817 1172 1920 (scilicet
1208 1853 1296 1901 ubi
1335 1856 1512 1902 neutra
1550 1855 1723 1916 inepta
1762 1847 1859 1921 est)

164 1930 429 1989 utramque
476 1928 537 1975 ab
587 1944 643 1976 eo
691 1928 991 1991 descriptam
1038 1927 1171 1976 esse“
1263 1927 1661 1990 praeiudicatum
1715 1927 1862 1976 1111111-

161 2017 298 2062 rum,
344 2004 403 2050 ut
449 2017 599 2064 supra
645 2002 882 2063 vidimus,
921 2002 1120 2064 Hoppio
1162 1965 1260 2050 111111
1298 2002 1425 2050 nihil
1465 2003 1598 2064 quod
1636 2003 1747 2051 sani
1784 2002 1859 2049 iu·

161 2074 285 2123 dicii
338 2078 466 2124 esset
517 2075 774 2124 Donatum
828 2076 1040 2125 scribere
1102 2077 1339 2139 potuisse.
1427 2077 1632 2138 „plures
1694 2079 1862 2124 autem

160 2149 437 2212 inspexisse
476 2152 856 2200 commentarios
895 2166 1052 2212 neque
1094 2151 1361 2199 verisimile
1401 2152 1490 2211 est,
1528 2149 1695 2212 inquit
1725 2149 1862 2212 Hop-

163 2223 291 2285 pius,
333 2240 445 2271 eum
484 2225 572 2286 qui
608 2227 714 2287 ipse
753 2224 1018 2288 profitetur
1055 2239 1106 2274 se
1146 2225 1327 2273 cursim
1370 2225 1624 2287 scripsisse
1673 2223 1860 2272 relictis

165 2297 394 2358 plurimis
434 2300 484 2346 et
523 2299 608 2360 qui
646 2315 855 2361 puerum
894 2301 1071 2361 poetae
1111 2300 1322 2347 lectione
1361 2297 1588 2346 initiaret
1621 2298 1716 2347 hoc
1747 2313 1860 2346 con—

162 2370 294 2432 silio,
326 2387 424 2420 non
455 2374 515 2419 ut
545 2374 925 2436 grammaticum
958 2375 1141 2436 ageret,
1174 2372 1261 2421 sed
1297 2374 1357 2420 ut
1393 2373 1663 2436 rhetorem3
1702 2388 1861 2435 neque

167 2460 278 2492 cum
316 2445 503 2493 Donati
547 2445 714 2494 indole
754 2447 952 2509 qualem
993 2446 1341 2509 descripsimus
1391 2439 1630 2512 (hominis
1670 2446 1862 2494 scilicet

164 2519 310 2567 stulti
349 2534 407 2567 ac
444 2514 689 2587 perversi)
727 2521 846 2568 talis
885 2521 1015 2569 ratio
1048 2521 1291 2585 congruit,
1322 2522 1380 2568 ut
1412 2520 1698 2582 compositis
1729 2521 1862 2568 inter

166 2607 219 2640 se
265 2593 595 2655 complurium
649 2595 1016 2644 commentariis
1069 2595 1304 2657 probaret
1357 2595 1525 2642 omnia
1575 2595 1625 2642 et
1673 2593 1861 2642 bonum

164 2666 402 2715 teneret“.
460 2667 689 2717 Donatus
721 2669 765 2716 si
794 2684 885 2732 pro
917 2683 1007 2717 suo
1038 2667 1442 2731 interpretandae
1468 2666 1714 2717 Aeneidos
1746 2682 1861 2716 con-

167 2739 279 2788 silio
310 2740 476 2789 nullas
508 2742 707 2791 omnino
739 2743 1179 2806 grammaticorum
1210 2743 1572 2791 controversias
1594 2742 1860 2806 tetigisset,

167 2829 268 2862 non
295 2818 423 2863 esset
456 2815 586 2877 quod
608 2817 916 2865 miraremur.
964 2818 1108 2878 atqui
1130 2815 1359 2878 plurimis
1390 2815 1562 2880 tetigit
1590 2814 1729 2876 locis,
1761 2830 1860 2863 11011

166 2885 230 2935 iis
274 2889 474 2936 tantum
520 2905 643 2952 quos
682 2889 986 2938 Burckasius
1033 2890 1256 2954 collegit,
1301 2889 1390 2937 ubi
1435 2890 1604 2952 aperte
1648 2890 1860 2938 aliorum

169 2962 438 3011 sententias
492 2965 580 3011 aut
629 2963 815 3012 refellit
868 2965 956 3012 aut
1010 2963 1213 3026 accipit,
1266 2962 1354 3012 sed
1398 2977 1567 3012 omnes
1613 2962 1860 3012 adiciendi
