2014 3226
768 149 1071 193 AENEIDos
1105 151 1165 193 iv
1710 155 1818 205 409

127 292 246 336 tuae
294 304 380 336 seu
428 288 609 347 falsae,
655 304 744 335 nec
790 291 933 336 teneo
981 293 1031 337 te
1070 307 1157 337 nec
1199 307 1257 338 ea
1297 307 1423 352 quae
1464 291 1584 340 dicis
1626 292 1819 340 obiectu

130 362 407 424 cuiuspiam
439 361 794 423 disputationis
828 378 1067 425 expugno.
1133 367 1162 418 ιζ.
1195 379 1388 423 sequere
1419 366 1622 412 Italiam
1654 370 1819 415 ventis,

119 441 229 496 pete
274 451 426 496 reyna
462 450 558 496 per
603 436 790 483 undas:
845 451 981 496 spero
1021 439 1237 497 equidem
1275 439 1462 494 mediis,
1501 441 1544 486 si
1582 440 1699 497 quid
1729 442 1820 499 pia

127 512 332 557 munima
364 513 585 570 possunt,
617 511 860 569 supplicia
890 511 1162 558 hausurum
1194 513 1426 571 scopulis:
1465 513 1622 560 iratae
1656 516 1819 561 animo

83 599 104 631 5
129 584 296 631 locuta
337 586 425 643 est,
466 582 551 631 sed
588 583 683 630 tali
722 599 899 646 genere
940 584 1186 645 dictionis,
1219 587 1351 647 quod
1384 586 1506 634 duos
1539 587 1820 635 intellectus

128 657 380 706 admittat.
457 674 610 704 unum
658 660 732 704 est
779 673 878 719 quo
929 673 1038 704 eum
1085 662 1260 719 terret,
1307 675 1366 706 ne
1415 661 1627 723 naviget.
1706 677 1821 708 nam

129 731 264 793 quod
303 731 428 778 dixit
461 731 492 791 i,
525 747 726 792 sequere
758 731 960 778 Italiam
994 734 1168 791 ventis,
1201 736 1312 794 pete
1344 750 1498 797 regna
1530 751 1617 795 per
1648 735 1819 795 undas,

128 821 227 853 non
268 821 324 853 ex
365 806 532 853 animo
575 805 792 865 dicebat3
843 821 958 852 narn
999 806 1178 853 obiecit
1216 808 1373 854 undas
1414 811 1463 854 et
1501 812 1673 855 ventos
1713 810 1819 870 qui-

127 879 219 926 bus
264 882 474 927 terreret
519 882 882 941 properantem.
961 880 1136 940 quodsi
1184 882 1348 928 animo
1400 882 1645 930 hortantis
1699 882 1821 929 haec

61 969 104 1001 10
130 953 336 1013 diceret,
390 953 462 1000 ita
518 953 688 1000 debuit
742 954 901 1014 loqui:
965 954 1002 1014 i,
1058 970 1279 1015 sequere,
1335 959 1446 1015 pete
1493 971 1667 1018 regna,
1722 972 1819 1003 non

130 1027 422 1090 adiungeret
461 1027 595 1089 quod
632 1029 799 1074 timeri
838 1027 1088 1075 debuisset
1127 1028 1354 1089 quodque
1394 1029 1675 1089 inpediente
1724 1031 1820 1077 for-

128 1101 313 1148 midine
375 1103 628 1148 revocaret
689 1101 973 1148 instantem.
1061 1102 1142 1148 hic
1205 1105 1279 1149 est
1338 1103 1617 1150 intellectus
1673 1105 1819 1150 unius

129 1175 498 1237 disputationis,
529 1175 785 1223 videamus
819 1176 906 1236 qui
938 1176 1004 1222 sit
1036 1175 1183 1234 alius,
1224 1176 1361 1235 bene,
1394 1176 1571 1237 inquit,
1596 1179 1818 1239 contigit,

129 1249 262 1310 quod
317 1249 649 1297 desideratum
711 1249 977 1310 imperium
1031 1249 1210 1297 Italiae
1273 1251 1433 1296 ventis
1488 1254 1537 1297 et
1590 1250 1819 1297 fluctibus

29 1328 104 1370 ‘15
127 1323 376 1385 petiturus
425 1339 498 1383 es,
544 1322 735 1371 habebo
785 1325 1092 1371 occasionem
1133 1339 1230 1384 qua
1268 1323 1453 1384 possim
1493 1325 1592 1372 tuis
1633 1324 1818 1386 suppli-

128 1397 217 1446 ciis
263 1397 531 1458 vindicari3
586 1412 727 1459 spero
775 1397 908 1444 enim
953 1400 1003 1444 te
1054 1413 1144 1459 pro
1183 1397 1373 1444 meritis
1411 1398 1511 1444 tuis
1550 1399 1679 1444 inter
1717 1413 1819 1446 sco·

126 1471 274 1533 pulos
322 1471 594 1519 hausurum
639 1471 923 1519 innumeras
970 1487 1178 1533 poenas,
1232 1471 1285 1518 id
1339 1474 1413 1518 est
1466 1473 1710 1531 visurum,
1765 1474 1822 1518 ut

128 1545 227 1592 alio
276 1545 384 1593 loco
434 1539 592 1612 (661)
643 1545 875 1607 „hauriat
920 1545 1049 1592 hunc
1096 1546 1250 1593 oculis
1295 1546 1462 1608 ignem
1507 1545 1718 1592 crudelis
1759 1545 1820 1593 ab

128 1619 232 1667 alto
280 1618 592 1679 Dardanus“,
645 1620 738 1667 hoc
786 1622 861 1667 est
907 1620 1087 1667 videat.
1167 1623 1209 1667 et
1255 1621 1447 1666 nomine
1492 1619 1626 1666 Dido
1679 1633 1820 1677 saepe

59 1708 104 1740 80
129 1697 434 1741 vocaturum:
493 1695 634 1753 tunc,
682 1693 776 1754 ait,
822 1693 1156 1741 recordaberis
1201 1693 1300 1740 mei
1346 1695 1395 1739 et
1440 1708 1618 1739 nomen
1657 1709 1820 1739 meum

126 1767 314 1815 frustra
352 1768 664 1829 frequentius
702 1770 910 1829 repetes,
943 1766 1138 1828 quando
1177 1766 1272 1814 tibi
1310 1766 1539 1814 concluso
1579 1766 1818 1814 discrimi-

126 1857 243 1888 num
297 1845 440 1889 coetu
487 1842 712 1903 exemplo
758 1842 940 1904 prioris
992 1841 1354 1888 benivolentiae
1409 1840 1668 1887 subvenire
1722 1856 1820 1887 non

126 1917 315 1977 potero.
405 1931 583 1975 sequar
636 1918 758 1964 atris
811 1917 1005 1975 iynibus
1066 1915 1261 1963 absens:
1329 1913 1680 1976 imaginaberis
1743 1929 1820 1961 me

129 1989 406 2037 absentem:
456 1991 603 2052 quasi
640 1992 691 2038 te
731 1989 924 2038 facibus
963 2004 1233 2051 persequar
1270 2003 1515 2050 praesens.
1578 1988 1670 2035 hoc
1709 1988 1816 2035 loco

59 2077 104 2110 25
130 2062 382 2112 absentem
423 2064 512 2111 alii
550 2066 799 2112 mortuam
837 2064 1014 2111 volunt
1053 2058 1259 2110 et'dant
1291 2061 1515 2122 exempla
1546 2061 1818 2123 inpropria,

129 2139 187 2184 ut
223 2152 323 2184 non
362 2153 478 2199 uno,
516 2138 603 2186 sed
640 2138 871 2201 plurimis
910 2137 1033 2185 locis
1076 2135 1346 2199 probentur
1391 2150 1567 2183 errare.
1644 2135 1820 2182 horum

127 2212 346 2273 primum
393 2215 469 2260 est
515 2205 589 2278 (9,
624 2206 756 2279 215)
808 2211 1031 2272 „absenti
1085 2212 1215 2258 ferat
1266 2210 1470 2257 inferias
1525 2208 1820 2270 decoretque

73 2344 75 2346 Ι
128 2285 441 2347 sepulchro“3
502 2302 618 2333 nam
666 2288 717 2333 et
760 2286 866 2332 illic
913 2285 1166 2332 absentem
1212 2286 1463 2331 mortuum
1508 2281 1818 2346 intellegunt.

31 2415 34 2418 .
128 2375 340 2421 quorum
379 2375 566 2408 errores
607 2361 866 2422 sequentia
902 2358 1138 2422 probant,
1177 2372 1293 2404 nam
1332 2357 1557 2418 sequitur
1596 2360 1658 2412 et,
1697 2369 1805 2404 cum
1822 2359 1906 2400 385

31 2439 106 2491 ²5³⁰
126 2434 314 2494 frigida
359 2448 491 2482 mors
536 2435 707 2482 anima
747 2434 992 2482 seduxerit
1028 2434 1188 2486 artuS,
1234 2431 1456 2478 omnibus
1494 2430 1670 2478 umbra
1707 2430 1820 2476 Iocis

129 2507 301 2554 adero:
340 2523 452 2556 cum
482 2509 616 2568 vivo,
646 2507 828 2570 inquit,
857 2505 1058 2554 timebis
1095 2521 1175 2552 me
1215 2504 1469 2552 absentem
1501 2506 1565 2563 et,
1597 2503 1739 2565 quasi
1769 2505 1819 2550 te

30 2574 43 2616 ἶ
127 2580 313 2629 infesta
355 2597 647 2645 persequar,
693 2595 887 2645 semper
933 2583 984 2627 et
1028 2578 1212 2641 ubique
1261 2577 1522 2626 terreberis
1548 2613 1817 2623 ........

30 2649 44 2712 ἱ
349 2707 352 2710 ,
440 2655 596 2704 Deest
632 2655 983 2719 interpretatio
1021 2668 1176 2715 usque
1217 2652 1281 2699 ad
1320 2668 1364 2699 v.
1393 2652 1513 2699 621.

247 2786 274 2823 3
306 2782 528 2838 etquidem
550 2781 640 2825 LR
663 2795 778 2826 corr.
794 2795 830 2824 r.
925 2784 978 2822 13
1012 2778 1124 2836 quid
1153 2779 1214 2822 sit
1237 2777 1324 2821 LR.
1354 2778 1457 2832 quie
1478 2789 1512 2820 s.
1537 2789 1561 2818 r
1584 2774 1655 2819 ed.
1680 2775 1760 2832 qui
1781 2789 1817 2819 ε.

127 2852 224 2883 nos.
334 2844 390 2884 15
420 2841 562 2886 habeo
591 2841 647 2885 R.
757 2844 811 2884 16
842 2838 1079 2883 vindicari
1107 2837 1195 2880 LR
1225 2836 1393 2881 laetari
1422 2834 1493 2879 ed.
1610 2837 1665 2877 18
1695 2846 1822 2878 nunc

127 2897 229 2953 LR,
262 2899 344 2942 sed
375 2904 461 2943 661
492 2901 631 2945 hunc:
727 2903 783 2943 22
815 2898 1010 2954 exempli
1038 2895 1132 2940 LR..
1156 2895 1356 2953 exemplo
1387 2893 1427 2938 U
1459 2892 1529 2937 ed.
1629 2896 1684 2936 31
1717 2893 1819 2959 υίυρ

126 2956 215 3001 LR
245 2963 427 3004 mortua
455 2961 589 3015 fuero
619 2958 691 3003 ed.
804 2961 862 3001 32
891 2958 1001 3014 post
1029 2955 1263 3000 terreberis
1291 2953 1342 2997 in
1371 2953 1408 2996 L
1438 2951 1543 2996 folii
1570 2954 1654 2995 120
1683 2963 1819 3008 pagi·
