2014 3226
191 180 309 232 ,500
668 178 902 222 DoNA'ri
932 178 1213 221 INTERPR.
1247 177 1425 222 VERG.
1475 156 1484 163 “

203 319 535 383 suggerebant
568 334 697 378 arae,
739 335 795 364 ex
826 318 1145 366 interioribus
1183 334 1380 380 quoque
1412 319 1637 380 partibus
1669 320 1895 368 incendia

201 393 479 455 rapiebant,
519 395 575 439 ut
615 392 786 439 futuro
828 392 1002 439 sceleri
1042 407 1184 439 omne
1224 408 1377 456 genus
1426 393 1688 440 criminum
1727 393 1894 457 iunge—

200 470 352 515 retur.
428 466 654 526 frondem
702 481 758 513 ac
808 466 1022 526 viryulta
1063 467 1286 526 facesque
1332 468 1597 515 coniciunt.-
1645 470 1793 529 atque
1840 470 1896 515 ut

202 542 331 589 celer
371 541 566 588 sceleris
606 540 891 601 proveniret
939 539 1162 600 effectus,
1210 541 1431 587 fomenta
1469 541 1802 603 virgultorum
1848 544 1899 589 et

202 615 453 663 frondium
495 614 839 677 congerebant,
881 629 1006 674 quae
1045 614 1246 661 incensa
1286 614 1517 661 arderent
1547 615 1694 662 facile
1735 617 1785 662 et
1822 615 1895 663 fa·
1936 634 1960 668 5

201 689 343 736 cilius
401 703 605 735 accensa
663 689 1019 735 consumerent.
1107 689 1351 748 quantum
1399 690 1567 735 autem
1613 689 1801 736 malum
1841 705 1898 736 ex

201 762 456 810 frondibus
504 763 656 823 atque
696 761 931 824 virgultis
979 760 1222 808 inflictum
1261 763 1462 823 repente
1510 763 1576 809 sit
1615 765 1665 810 et
1703 765 1898 811 mature

203 836 513 884 cumulatum
554 837 813 896 sequentes
845 850 1014 883 versus
1047 835 1336 896 ostendunt,
1377 837 1450 883 ait
1489 837 1621 883 enim
1658 837 1785 895 furit
1821 838 1896 884 in-

202 912 364 958 missis
414 910 664 958 Vulcanus
710 910 911 957 habenis
959 913 1178 957 transtra
1222 925 1317 969 per
1365 914 1407 956 et
1451 925 1607 958 remos
1656 914 1697 958 et
1734 912 1898 971 pictas

204 985 355 1033 abiete
384 986 598 1044 puppis:
636 983 966 1031 translatione
997 998 1114 1030 usus
1148 986 1222 1030 est
1254 983 1459 1031 dicendo
1496 985 1622 1031 furit
1644 983 1898 1032 Vulcanus
1924 1000 1969 1043 ω
1991 975 1998 1025 ²·

202 1058 420 1106 inmissis
460 1057 688 1119 habenis,
730 1057 934 1120 aurigae
975 1056 1119 1117 enim,
1158 1059 1218 1104 ut
1259 1057 1530 1121 quadrigae
1561 1058 1899 1106 vehementius

206 1134 421 1192 currant,
445 1132 675 1180 relaxant
705 1132 869 1179 frenos
903 1133 952 1178 et
982 1131 1201 1179 habenas
1233 1132 1522 1179 remittunt:
1555 1133 1686 1195 ignis
1719 1134 1901 1195 autem,
1962 1127 1995 1192 j

203 1209 464 1267 tamquam
501 1206 808 1254 habenarum
854 1206 1140 1253 laxamenta
1191 1207 1502 1267 sumpsisset,
1554 1205 1627 1254 ita
1665 1206 1901 1270 virgultis
1958 1198 1993 1258 “1st

206 1280 405 1328 adiutus
447 1281 496 1327 et
534 1280 792 1328 frondibus
834 1282 883 1326 et
921 1295 1082 1327 remos
1123 1281 1386 1341 occupavit
1418 1283 1469 1327 et
1498 1282 1720 1328 transtra
1751 1282 1901 1341 atque
1957 1293 1971 1309 *

204 1355 337 1417 ipsas
376 1356 559 1416 puppis
598 1354 748 1415 plena
786 1355 972 1400 virtute
1010 1353 1244 1415 possedit.
1926 1329 2000 1424 ιᾶἷ

119 1434 203 1474 665
316 1428 538 1476 Nuntius
561 1427 808 1476 Anchisae
840 1428 906 1475 ad
930 1428 1170 1475 tumulum
1194 1442 1460 1488 cuneosque
1483 1429 1656 1476 theatri
1678 1429 1902 1476 {accensas
1955 1409 1994 1493 ᾖ

197 1503 387 1564 perfert
423 1505 567 1551 navis
606 1502 846 1550 Eumelus
893 1505 937 1550 et
981 1503 1079 1562 ipsi
1127 1503 1396 1562 respiciunt
1442 1505 1601 1550 atram
1647 1504 1703 1550 iu
1739 1503 1902 1550 nimbo

206 1578 409 1625 volitare
447 1577 699 1637 favillam:
746 1576 872 1623 solet
910 1577 1098 1623 nuntiis
1138 1576 1430 1637 plerumque
1469 1592 1568 1623 non
1615 1576 1771 1635 credi,
1818 1575 1904 1624 sed
1970 1566 1973 1582 ²

209 1651 344 1713 quod
381 1650 618 1699 Eumelus
659 1650 718 1697 de
756 1649 982 1698 incendio
1022 1650 1228 1697 navium
1275 1649 1468 1698 dixerat
1514 1652 1619 1697 tam
1667 1650 1903 1698 credibile
1957 1653 1975 1682 '-

208 1725 328 1785 fuit,
365 1729 424 1772 ut
463 1724 598 1787 quod
638 1724 844 1772 Troiani
891 1723 1092 1772 auribus
1143 1727 1457 1786 sumpserant
1503 1724 1658 1772 oculis
1707 1723 1901 1772 eviden-
1926 1731 2002 1787 ng·

208 1800 398 1848 tissime
436 1799 747 1861 probaretur,
787 1814 899 1845 cum
937 1799 1102 1845 fumus
1141 1798 1294 1845 nubes
1333 1799 1519 1846 faceret
1558 1800 1608 1846 et
1651 1815 1741 1860 per
1787 1813 1904 1845 aera
1966 1816 1973 1826 ¹

209 1873 386 1921 favilla
438 1874 664 1920 ferretur.
751 1874 950 1932 primus
1005 1876 1046 1920 et
1099 1871 1365 1929 AscaniuS,
1418 1887 1591 1920 cursus
1643 1876 1699 1920 ut
1750 1872 1905 1920 laetus
1984 1908 1986 1910 ψ

210 1948 440 2008 equestris
479 1947 702 2002 ducebat,
740 1947 811 1994 sic
849 1961 961 1994 acer
1001 1960 1116 2005 equo
1156 1947 1352 1994 turbata
1390 1948 1566 2007 petivit
1611 1950 1774 1995 castra
1818 1961 1905 2002 nec

210 2023 480 2069 examimem
516 2023 729 2081 possunt
771 2021 977 2068 retinere
1015 2022 1266 2081 maqistri:
1319 2020 1413 2069 etsi
1452 2020 1613 2068 adhuc
1650 2036 1774 2082 puer
1812 2019 1903 2068 As-

210 2096 382 2143 canius
420 2094 539 2155 fuit,
579 2096 800 2142 senserat
836 2096 1005 2142 tamen
1044 2095 1287 2156 quantum
1325 2094 1446 2142 mali
1486 2096 1615 2142 esset
1652 2095 1904 2142 effectum:
1928 2103 1986 2156 εξ

213 2184 309 2230 quo
356 2131 608 2230 permotus
653 2170 783 2230 ipse,
845 2168 962 2215 dum
1014 2184 1093 2216 res
1146 2169 1306 2216 laetas
1361 2171 1532 2232 ageret
1577 2170 1627 2216 et
1681 2170 1904 2230 equestre
1958 2159 1985 2247 i

211 2244 462 2290 certamen
501 2242 738 2305 agitaret,
788 2242 1046 2290 advolavit
1083 2242 1156 2289 ita
1203 2245 1260 2290 ut
1306 2258 1432 2304 equo
1471 2242 1766 2304 vehebatur,
1816 2257 1910 2292 nee
1957 2243 1986 2298 *ἦ

213 2333 326 2364 eum
348 2316 577 2380 magistri
609 2316 823 2379 agminis
854 2315 1066 2363 retinere
1097 2319 1394 2378 potuerunt,
1424 2316 1522 2364 fuit
1553 2318 1685 2364 enim
1709 2316 1906 2364 sceleris

129 2395 216 2434 670
231 2391 528 2437 inmanitate
569 2391 809 2438 exanimis
846 2389 1082 2438 redditus.
1160 2392 1245 2450 qui
1281 2392 1425 2450 furor
1462 2393 1550 2438 iste
1587 2391 1775 2438 novus?
1813 2403 1905 2450 quo
1963 2386 1986 2445 ’ᾗ

212 2478 358 2520 nunc,
397 2478 489 2524 quo
528 2464 756 2512 tendetis?
793 2465 965 2523 inquit.
1040 2465 1134 2512 heu
1170 2466 1377 2512 miserae
1415 2466 1556 2520 cives‘,
1592 2478 1692 2511 non
1729 2465 1907 2512 hostem
1928 2463 1984 2529 ορξ

213 2539 507 2598 ‘e'mimicaque
556 2539 718 2586 casbra
765 2536 1028 2599 Ary-ivmu,
1083 2541 1268 2586 vestras
1313 2553 1422 2598 spes
1471 2539 1641 2586 uritis:
1688 2538 1905 2585 invectio

215 2611 418 2660 inducta
457 2613 562 2660 sine
600 2612 883 2674 principiis3
934 2611 1004 2659 sic
1050 2612 1180 2659 enim
1226 2612 1490 2674 procedere
1538 2611 1709 2660 debuit
1748 2611 1809 2659 ab
1849 2626 1905 2658 eo

335 2757 364 2796 4
394 2752 529 2798 sceler
557 2752 736 2796 sceleris
758 2751 844 2794 LR
875 2752 987 2796 celer
1015 2766 1074 2797 sc.
1103 2751 1138 2796 Ο
1164 2766 1248 2796 nos
1279 2753 1438 2798 scelere
1459 2754 1635 2798 sceleris
1659 2752 1700 2796 U
1730 2752 1907 2798 sceleris

216 2810 260 2854 H
291 2811 364 2856 ed.
510 2815 535 2854 6
569 2824 782 2856 accensae
813 2810 900 2854 LR
938 2825 1052 2855 corr.
1087 2811 1158 2855 ed.
1310 2817 1362 2855 11
1401 2812 1634 2856 inmensus
1672 2811 1796 2855 infra
1834 2812 1905 2854 in-

217 2871 382 2915 mensis
411 2869 512 2926 LR,
546 2869 628 2914 sed
659 2870 721 2914 ad
751 2884 791 2913 v.
813 2874 896 2913 752
928 2871 1054 2914 recte
1086 2871 1288 2916 inmissis
1318 2871 1416 2914 LR.
1525 2875 1579 2914 13
1610 2872 1679 2916 ita
1709 2870 1795 2914 LR
1827 2869 1907 2915 ed]
1948 2869 1995 2902 *-

217 2930 270 2974 iu
301 2928 419 2974 edFI
449 2943 538 2973 om.
573 2929 643 2973 ed.
676 2930 797 2986 post.
906 2933 963 2973 24
993 2930 1082 2974 huc
1114 2929 1202 2973 LR
1232 2931 1382 2974 adhuc
1412 2943 1525 2974 corr.
1560 2930 1631 2973 ed.
1740 2934 1795 2973 29
1827 2929 1908 2986 qui

217 2987 303 3031 LR
335 2988 438 3045 quis
468 2988 540 3032 ed.
574 2988 621 3031 et
651 2987 790 3044 Verg.
823 2987 947 3032 libri.
1070 2993 1125 3032 32
1158 2990 1200 3034 si
1230 2989 1317 3032 LR
1346 2989 1412 3033 sic
1441 3003 1465 3031 r
1495 2989 1567 3033 ed.

1994 3029 1998 3051 ,

1934 3133 1979 3226 Rssffl‘.
1942 3042 1975 3113 {35⁴5}
1950 2998 1965 3018 ,⁴-
1974 2975 1975 2978 „
