2014 3226
203 155 239 198 X
248 154 390 197 XXVI
869 148 1207 191 PRAEFATIO

203 294 363 354 habet,
402 294 599 356 gravius
640 294 803 337 tamen
845 292 916 336 est
958 287 1087 349 quod
1126 288 1231 348 ipse
1270 303 1464 348 quoque
1498 287 1558 335 ab
1591 288 1732 348 „illos
1766 287 1883 349 qui“

201 368 376 428 incipit
424 369 471 413 et
523 368 602 423 12,
637 366 735 411 471
795 363 970 409 iisdem
1025 361 1184 409 verbis
1241 361 1418 422 quibus
1466 360 1512 407 U
1559 361 1883 423 abrumpitur.

203 442 402 488 lacunas
449 440 684 486 librorum
724 437 796 483 IV
834 436 905 482 VI
944 435 1041 481 VII
1080 434 1204 481 VIII
1252 429 1327 500 (in
1367 434 1463 480 XII
1500 437 1557 481 ut
1596 435 1641 481 U
1689 451 1884 497 compa-

202 516 302 560 rari
334 514 527 578 nequit)
570 511 762 558 easdem
801 509 950 555 habet
989 524 1109 570 quas
1142 507 1296 554 LVR.
1358 508 1492 569 quod
1524 509 1654 556 enim
1685 509 1738 555 in
1762 509 1886 556 VHI

203 603 369 634 versus
399 588 498 633 175
535 585 803 632 desiderari
842 582 1096 645 catalogus
1137 581 1272 641 dicit,
1313 581 1375 629 ad
1414 582 1716 647 typographi
1755 598 1885 630 erro-

202 678 304 708 rem
358 659 662 706 referendum
719 660 812 705 est:
875 657 1051 703 desunt
1104 656 1250 717 plane
1307 654 1477 702 eadem
1541 671 1665 716 quae
1726 656 1778 703 in
1825 656 1884 716 V,

203 749 369 781 versus
412 735 531 780 275.
608 747 722 779 nain
770 732 881 792 post
932 730 1109 776 lemma
1157 729 1477 789 „Euandrum
1507 756 1568 761 —-
1598 729 1885 777 volucrum“
1953 757 1963 771 ›

206 810 250 866 8,
279 803 432 870 455]ss
475 809 532 852 ut
570 807 621 851 in
653 805 895 852 Vaticano
938 805 1170 851 continuo
1211 804 1434 864 sequitur
1473 804 1711 863 „scientia
1750 804 1886 851 futu-

202 897 366 928 rorum
407 907 474 911 —
511 907 581 911 —
621 881 759 941 gesta
799 876 1067 924 laudaret“.
1132 893 1188 924 ex
1228 877 1303 924 his
1343 877 1533 925 ultimis
1575 877 1741 925 octavi
1772 877 1887 925 libri

204 955 362 1001 verbis
403 954 610 1014 aliisque
651 968 775 1014 quae
818 951 939 998 mihi
978 952 1055 998 vir
1095 950 1407 999 doctissimus
1448 950 1772 999 Piccolomini
1812 950 1888 998 bi·

203 1028 551 1074 bliothecarius
590 1042 678 1087 per
716 1027 909 1073 litteras
949 1027 1153 1088 rogatus
1185 1025 1500 1086 transcripsit
1531 1025 1659 1073 hunc
1693 1041 1887 1087 quoque

202 1101 417 1148 codicem
457 1101 683 1162 plurimis
723 1099 910 1146 mendis
950 1098 1176 1146 laborare
1215 1098 1332 1146 vidi.

313 1174 469 1222 Venio
532 1189 659 1221 nunc
722 1173 782 1220 ad
847 1188 929 1220 eos
985 1172 1175 1219 codices
1230 1174 1527 1220 recentiores
1581 1174 1668 1234 qui
1722 1174 1887 1234 partes

203 1248 666 1309 interpretationum
722 1246 987 1294 continent.
1066 1246 1250 1294 saeculi
1288 1246 1380 1293 XV
1432 1250 1547 1294 sunt
1601 1261 1768 1295 omnes
1825 1250 1888 1308 et,

202 1323 253 1369 in
317 1324 555 1382 quantum
618 1322 896 1383 comparari
956 1322 1187 1381 possunt,
1249 1320 1445 1369 easdem
1505 1321 1708 1369 lacunas
1749 1336 1887 1382 ,quas

202 1394 353 1442 LVR
383 1395 578 1442 habent.
640 1410 752 1442 cum
791 1395 946 1458 igitur
986 1394 1048 1441 ad
1086 1394 1438 1442 recensendum
1469 1395 1659 1442 Donati
1696 1384 1888 1442 textum

203 1468 327 1515 nihil
375 1468 501 1529 quod
551 1469 803 1530 antiquius
851 1470 916 1515 sit
963 1469 1242 1528 conferant,
1290 1467 1411 1516 satis
1458 1467 1615 1516 habeo
1661 1483 1741 1516 eos
1781 1467 1887 1516 bre-

202 1542 330 1589 viter
369 1558 663 1590 enumerare.
727 1541 1158 1591 Ambrosianus
1197 1541 1246 1588 H
1281 1543 1402 1602 265,
1443 1542 1744 1605 chartaceus,
1783 1556 1887 1590 sae-

205 1616 303 1662 culi
335 1615 438 1676 XV,
486 1617 704 1664 continet
748 1615 901 1663 libros
940 1615 1108 1677 I—V,
1154 1617 1332 1678 incipit
1376 1616 1437 1664 ab
1477 1614 1666 1678 „illos“,
1707 1615 1889 1664 desinit

203 1690 255 1736 in
288 1689 435 1737 verba
459 1690 708 1750 „invenire
739 1706 838 1738 non
869 1689 1058 1752 possis“
1091 1683 1229 1757 (sici)
1267 1690 1313 1751 5,
1333 1691 1453 1737 871.
1509 1691 1688 1738 lacuna
1721 1691 1890 1752 quarti

204 1761 319 1810 libri
358 1762 527 1810 eadem
566 1766 638 1811 est
677 1779 804 1825 quae
843 1765 897 1810 in
934 1763 1041 1812 LR.
1118 1763 1318 1812 infimae
1357 1766 1505 1812 notae
1544 1764 1740 1824 librum,
1784 1779 1887 1812 cor-

204 1835 500 1884 rectionibus
540 1840 589 1884 et
629 1837 1031 1886 adnotationibus
1069 1839 1322 1898 refertum,
1361 1839 1468 1900 ipse
1506 1838 1777 1886 Mediolani
1814 1838 1887 1884 in-

205 1911 354 1970 spexi.
412 1937 478 1942 --
542 1910 903 1959 Farnesinus
943 1911 989 1957 V
1036 1912 1077 1958 B
1120 1913 1184 1959 31
1235 1911 1564 1960 bibliothecae
1618 1911 1887 1960 nationalis

206 1982 581 2044 Neapolitanae,
620 1985 919 2045 chartaceus,
958 1987 1142 2034 saeculi
1172 1985 1278 2046 XV,
1327 1988 1539 2048 scriptus
1579 1987 1887 2047 „atramento

205 2055 463 2104 subalbido
510 2073 599 2105 nec
643 2074 744 2105 uno
791 2058 1115 2122 charactere“,
1167 2059 1287 2107 olim
1336 2061 1389 2107 in
1434 2059 1575 2108 libris
1620 2059 1730 2107 Iani
1769 2059 1886 2106 Par-

206 2128 381 2190 rhasii,
429 2132 647 2179 continet
691 2131 843 2180 libros
888 2131 1080 2180 I—III
1125 2133 1344 2196 integros
1393 2135 1443 2181 et
1488 2133 1654 2195 quarti
1692 2134 1888 2195 partem
1982 2147 1985 2150 ⁴

204 2216 359 2263 usque
390 2203 454 2251 ad
485 2204 633 2252 verba
664 2205 815 2265 „Iuno
847 2206 1054 2268 optabat
1077 2206 1297 2254 Aeneam
1328 2207 1461 2269 apud
1489 2204 1887 2270 Carthaginem“,

206 2291 333 2336 quae
371 2279 486 2325 sunt
525 2294 583 2325 ex
621 2279 1027 2340 interpretatione
1072 2295 1303 2329 versuum
1344 2282 1392 2342 4,
1428 2283 1741 2341 llo—112,
1787 2296 1885 2328 non
1979 2298 1985 2330 3

204 2364 372 2397 versus
416 2352 534 2410 104,
572 2354 630 2399 ut
666 2354 717 2399 in
757 2353 985 2416 catalogo
1023 2355 1220 2418 legitur.
1286 2355 1414 2405 hunc
1455 2355 1638 2403 librum
1675 2370 1776 2403 non
1813 2354 1885 2401 in·
1979 2383 1985 2423 3

206 2422 356 2483 spexi.
397 2450 463 2456 —
506 2425 1094 2488 Magliabecchianus
1137 2427 1233 2475 VII
1275 2430 1396 2492 971,
1434 2429 1761 2476 bibliothecae
1800 2443 1887 2475 na·
1979 2441 1985 2460 ⁴

206 2495 406 2544 tionalis
449 2497 762 2547 Florentinae
802 2499 940 2560 111,
973 2502 1065 2562 66,
1110 2517 1239 2550 anno
1283 2503 1425 2550 1670
1470 2504 1524 2550 in
1570 2502 1710 2550 libris
1758 2502 1886 2550 Tho·

206 2570 351 2617 masii
398 2569 601 2619 Stroctii
646 2570 883 2636 (Thomas
931 2567 1163 2640 Strozzi),
1202 2576 1509 2637 chartaceus,
1557 2575 1741 2624 saeculi
1778 2574 1887 2636 XV,

208 2641 440 2691 foliorum
473 2646 594 2707 264,
634 2645 853 2694 continet
890 2646 1042 2695 libros
1075 2647 1242 2696 I—V.
1299 2649 1478 2712 incipit
1509 2649 1569 2697 ab
1603 2651 1711 2710 „ost
1740 2647 1886 2696 illos“

209 2716 371 2776 spatio
411 2717 474 2764 ad
513 2717 874 2782 depingendam
910 2736 943 2781 p
981 2721 1171 2783 relicto,
1209 2721 1392 2771 desinit
1432 2725 1480 2783 5,
1506 2724 1610 2772 871
1651 2724 1706 2770 in
1734 2722 1887 2771 v'erba

209 2789 535 2851 „sepultorem
587 2791 807 2840 invenire
861 2808 959 2841 non
1019 2791 1228 2855 posset“.
1304 2795 1484 2845 lacuna
1544 2796 1710 2858 quarti
1768 2794 1886 2845 libri

210 2860 379 2909 eadem
428 2866 503 2911 est
547 2880 671 2926 quae
717 2866 769 2912 in
816 2865 922 2913 LR.
998 2869 1191 2930 inspexi
1242 2869 1424 2918 librum
1471 2869 1766 2918 Florentiae.
1813 2895 1885 2902 —

205 2933 545 2985 Marcianus
582 2937 911 2987 bibliothecae
935 2939 1236 2990 Venetorum
1266 2943 1389 2991 XIII
1421 2944 1488 2992 52
1501 2959 1545 3004 a,
1584 2944 1888 3004 chartaceum

1960 2659 1985 3226 ΜΜΜΕΑ
1957 2565 1985 2637 .-..’
1978 2495 1984 2504 ,
