2014 3226
798 176 1099 221 AENEIDOS
1135 179 1174 221 v
1729 186 1835 236 465

151 315 417 376 conplexus
457 317 533 362 est
572 314 705 375 quod
746 319 953 376 putatur
992 318 1226 366 omisisse.
1306 335 1446 375 nunc,
1485 324 1528 368 si
1568 324 1646 368 cui
1688 325 1836 370 virtus

151 392 442 448 animusque
471 391 527 436 in
548 392 738 447 pectore
762 405 1012 448 praesen&
1045 392 1195 439 adsit:
1235 393 1550 441 hortamenta
1582 400 1694 441 sunt
1726 397 1837 444 ista.

155 464 393 525 quoniam
417 463 597 509 durum
623 464 906 510 certaminis
939 481 1093 527 genus
1125 466 1287 513 fuerat
1312 469 1674 529 proposituru83
1716 486 1839 529 quae

157 539 288 584 enim
327 539 581 584 transacta
620 537 817 583 fuerant
867 541 915 584 et
962 539 1196 586 carebant
1243 542 1458 601 periculo
1507 546 1556 598 et
1594 543 1838 590 habebant

109 626 132 658 5
156 614 350 673 partem
390 611 657 657 maximam
708 611 994 671 voluptatis.
1081 618 1121 660 et
1160 617 1355 662 evinctis
1395 617 1578 662 attollat
1617 618 1838 664 bracchia

148 683 361 744 palmis:
425 685 798 747 progrediatur,
853 686 1037 746 inquit,
1092 690 1141 733 et
1191 688 1382 748 palmas
1429 706 1540 736 suas
1597 691 1838 738 caestibus

155 761 377 806 armatas
418 758 646 805 ostendat
687 759 772 818 qui
805 762 991 806 certare
1024 761 1250 808 voluerit.
1312 765 1381 810 sic
1413 765 1482 810 ait
1514 768 1555 810 et
1580 766 1825 822 yeminum
1843 774 1928 813 365

147 847 351 892 puynae
380 835 616 891 proponit
652 833 903 880 honorem:
952 850 1086 881 more
1126 850 1212 882 suo
1253 835 1342 883 hoc
1381 837 1518 896 fecit3
1569 839 1839 899 propositio

160 906 343 968 quippe
391 907 603 966 praemii
642 906 900 954 confirmat
946 908 1157 955 volentis
1205 912 1253 955 et
1301 910 1362 956 ad
1409 915 1654 959 certamen
1701 911 1839 958 dubi-

89 995 133 1027 10
156 981 312 1028 tantis
362 980 574 1041 inpellit.
657 982 828 1028 victori
875 982 1085 1029 velatum
1131 998 1252 1030 auro
1302 986 1521 1043 vittisque
1572 987 1840 1040 iuvencum,

157 1069 315 1102 ensem
354 1057 494 1114 atque
539 1056 780 1114 insiynem
822 1055 1016 1114 yaleam
1060 1057 1243 1104 solacia
1281 1060 1426 1104 vieto:
1464 1061 1520 1104 ut
1566 1061 1838 1119 praemium

155 1131 286 1176 esset
325 1127 552 1188 victoris,
608 1130 845 1189 quoniam
891 1130 942 1175 in
991 1146 1047 1176 eo
1097 1130 1195 1177 fuit
1241 1131 1454 1190 utilitas,
1511 1131 1627 1179 victi
1676 1137 1839 1180 autem

156 1202 418 1261 solacium,
475 1203 711 1263 quoniam
765 1203 815 1248 in
873 1203 1124 1264 speciebus
1172 1220 1270 1251 non
1323 1207 1492 1267 magni
1546 1208 1693 1266 pretii
1745 1222 1839 1253 non

157 1292 395 1340 magnum
427 1291 532 1324 esse
563 1276 875 1324 commodum
905 1278 1083 1338 potuit.
1144 1293 1231 1326 nec
1253 1293 1405 1334 mora,
1445 1282 1666 1327 continuo
1690 1283 1841 1328 vastis

90 1364 132 1396 15
157 1366 267 1399 eum
296 1350 485 1398 viribus
517 1352 663 1411 ecfert
698 1365 788 1398 ora
819 1352 982 1399 Dares
1019 1367 1286 1413 magnoque
1315 1355 1477 1400 virum
1514 1367 1563 1400 se
1594 1369 1842 1401 murmure

156 1425 302 1472 tollit:
340 1426 454 1486 post
491 1423 690 1472 Aeneae
730 1424 916 1472 dictum
955 1427 1095 1473 nulla
1134 1442 1271 1474 mora
1310 1427 1606 1488 interposita
1644 1429 1843 1476 emersit

157 1515 215 1546 ex
246 1499 430 1560 populo
462 1498 618 1547 Dares
657 1500 853 1562 ingenti
891 1515 1108 1561 corpore,
1146 1500 1332 1548 viribus
1371 1501 1540 1560 vastis,
1578 1503 1717 1548 tanta
1758 1501 1840 1548 ad-

156 1572 420 1620 miratione
460 1574 772 1634 cunctorum‚
811 1575 869 1620 ut
905 1589 1073 1635 presso
1112 1590 1361 1621 murmure
1406 1575 1626 1622 universi
1663 1576 1841 1623 mentis

161 1663 278 1695 suae
340 1646 581 1694 miracula
645 1649 960 1695 testarentur.
1058 1649 1190 1695 solus
1243 1650 1326 1707 qm·
1378 1649 1607 1696 Paridem
1659 1650 1828 1696 solitus
1845 1656 1931 1695 370

89 1735 137 1767 20
161 1722 440 1769 contendere
479 1724 670 1769 contra:
709 1721 942 1769 dicuntur
978 1723 1122 1769 istius
1158 1723 1354 1769 virtutis
1387 1723 1624 1783 exempla,
1663 1723 1842 1782 quibus

157 1794 443 1843 notissimus
482 1796 647 1842 fuerat
683 1795 926 1844 redditus:
967 1796 1113 1855 solus,
1153 1796 1331 1856 inquit,
1369 1796 1574 1843 idoneus
1613 1797 1842 1843 inventus

159 1871 234 1916 est
267 1869 354 1930 qui
392 1885 503 1916 cum
535 1869 716 1918 Paride
745 1872 970 1930 certaret,
1010 1869 1263 1917 nominato
1301 1871 1354 1916 in
1394 1871 1647 1917 caestuum
1688 1872 1842 1917 certa-

159 1942 375 1990 minibus
413 1944 538 1991 viro.
613 1944 706 1991 hoc
745 1945 863 2005 quia
901 1960 1079 2005 parum
1117 1943 1229 2003 fuit,
1267 1943 1347 1990 vel
1384 1958 1445 1989 ne
1483 1959 1582 1991 uno
1621 1943 1843 2006 exemplo

29 2075 34 2080 q
159 2017 264 2065 eius
304 2017 492 2081 gloriae
531 2019 886 2078 minuerentur,
926 2017 1080 2065 adicit
1118 2019 1167 2065 et
1205 2016 1493 2065 secundum:
1531 2017 1749 2076 idemque
1780 2017 1845 2065 ad

87 2103 136 2137 25
161 2091 402 2138 tumulwm
439 2105 532 2151 quo
577 2094 822 2140 maximus
860 2093 1057 2140 occubat
1092 2092 1272 2139 Hector
1308 2093 1531 2139 victorem
1570 2091 1733 2138 Buten
1769 2093 1843 2139 in-

24 2161 30 2172 '
158 2166 299 2213 mani
327 2179 540 2225 corpore,
577 2168 663 2226 qui
691 2180 742 2214 se
772 2165 1016 2226 Bebrycia
1045 2167 1239 2213 veniens
1268 2163 1445 2226 Amyci
1475 2165 1533 2212 de
1559 2168 1695 2225 yente
1724 2166 1844 2224 fere-

24 2248 37 2270 †
160 2239 256 2295 bat,
286 2239 500 2299 perculit
537 2243 581 2287 et
614 2241 758 2299 fulva
794 2239 1138 2287 moribundum
1170 2239 1376 2286 eoetendit
1404 2239 1603 2286 harena.
1670 2238 1723 2285 in
1753 2238 1846 2286 hoc

24 2294 33 2355 ἓ
67 2335 69 2337 >
162 2313 383 2375 exemplo
443 2314 606 2361 multa
659 2315 778 2362 sunt
840 2329 964 2375 quae
1026 2314 1298 2374 praesentis
1358 2311 1529 2360 laudes
1591 2311 1844 2359 extollant.

24 2354 37 2450 i
162 2388 285 2435 vicit
315 2388 425 2448 iste,
457 2389 640 2448 inquit,
680 2389 832 2435 etiam
865 2387 1042 2446 Buten,
1081 2402 1191 2433 cum
1231 2388 1360 2434 esset
1390 2387 1443 2433 in
1474 2385 1587 2432 aliis
1619 2386 1845 2433 certami-

24 2486 27 2490 1
89 2475 140 2508 30
162 2461 308 2509 nibus
339 2462 521 2523 victor3
559 2463 798 2509 victorem
837 2463 1006 2509 autem
1044 2475 1278 2522 superare
1317 2460 1479 2523 gloria
1510 2461 1586 2507 est
1614 2459 1842 2506 maxima.

161 2536 355 2582 inmani
393 2550 619 2596 corpore:
665 2551 727 2583 ne
766 2535 896 2582 forte
934 2534 1087 2582 talem
1125 2535 1327 2582 vicisset
1366 2534 1452 2594 qui
1498 2534 1626 2580 esset
1670 2531 1844 2580 debilis

164 2623 383 2670 corpore,
421 2609 553 2657 hunc
579 2611 746 2657 etiam
784 2610 855 2656 sic
893 2609 1054 2656 voluit
1091 2607 1362 2670 praeferre,
1410 2609 1466 2653 ut
1511 2606 1694 2654 diceret
1741 2619 1845 2653 cor-

124 2802 126 2805 v
282 2755 310 2793 4
341 2755 579 2795 transacta
609 2749 696 2793 LR
727 2754 925 2794 tractata
954 2747 1048 2792 HU
1080 2747 1152 2792 ed.
1255 2751 1282 2792 5
1313 2747 1488 2792 cunctis
1516 2746 1553 2789 L
1584 2745 1776 2790 cuo-'netis
1804 2743 1847 2788 R

163 2808 211 2852 in
243 2809 409 2860 vinctis
439 2822 554 2853 corr
580 2823 616 2853 r.
754 2812 780 2852 6
809 2807 1006 2866 qestibus
1035 2806 1084 2852 L.
1218 2810 1244 2850 9
1276 2806 1514 2861 confirmat
1543 2804 1578 2847 L
1609 2805 1776 2849 invitat
1804 2802 1847 2846 R.

162 2882 187 2912 r
210 2889 267 2905 =
290 2867 340 2912 L.
450 2872 506 2913 15
537 2868 674 2923 ecfert
704 2867 739 2910 L
771 2868 837 2924 (et
866 2866 1008 2923 infra)
1038 2866 1167 2921 effert
1194 2865 1236 2909 R
1266 2864 1338 2909 ed.
1450 2869 1504 2908 19
1537 2862 1742 2908 Par-iden
1772 2861 1844 2906 ed.

254 2931 311 2971 32
342 2931 510 2972 certam
540 2927 576 2970 L
607 2932 721 2972 certe
750 2925 794 2970 R
823 2925 895 2969 ed.
926 2925 1063 2970 etiam
1093 2938 1190 2969 nos.
1237 2926 1244 2982 Ι
1285 2924 1520 2981 praeferre
1548 2921 1617 2965 Lr
1641 2921 1847 2979 proferre

158 2985 207 3030 R
238 2986 311 3031 ed.
345 2988 352 3044 Ι
393 2986 560 3031 diceret
588 2985 675 3029 LR
705 2985 778 3030 ed.
810 2985 854 3029 d.
885 2987 1016 3030 eum?

252 3068 350 3101 Don.
374 3068 534 3109 interpr
550 3068 664 3109 Vei-g.
698 3067 774 3100 vol.
790 3067 821 3100 Ι.
1435 3058 1494 3099 30
