2014 3226
755 147 1057 191 AENEIDos
1090 148 1109 191 1
1675 153 1769 202 141

87 291 324 352 poterunt
363 287 582 350 divitiae,
614 286 684 333 ibi
716 287 985 347 veneratio,
1017 288 1059 335 si
1091 287 1267 336 decora
1300 289 1377 336 vel
1412 291 1582 353 magni
1612 291 1776 336 meriti

87 363 273 411 fuerint
313 362 490 423 quibus
531 360 733 408 deorum
773 362 936 409 cultus
975 362 1209 423 inpletur.
1274 378 1439 423 aurea,
1470 363 1649 425 inquit,
1681 364 1777 411 fuit

89 440 140 486 et
184 436 392 500 gemmis
439 437 629 483 ornata.
706 450 850 494 quam
893 435 1047 483 Belus
1095 440 1136 483 et
1179 451 1342 486 omnes
1381 453 1411 485 α
1453 437 1574 484 Belo
1612 438 1764 485 soliti:
1783 444 1866 482 730

89 511 487 573 supplementum
534 509 699 556 laudis
747 512 820 556 est
869 509 986 570 quia
1024 509 1133 571 ipsa
1173 511 1248 558 usi
1289 514 1405 558 sunt
1443 511 1653 559 maiores
1694 511 1778 557 Di-

17 603 67 644 ¹5
90 584 232 639 donis
273 586 322 630 et
363 583 573 631 durante
613 582 789 630 merito
829 598 984 644 usque
1026 583 1088 630 ad
1127 584 1287 646 ipsam
1325 601 1414 647 per
1452 585 1634 649 gradus
1674 601 1779 634 suc-

90 658 305 708 cedendo
367 657 659 706 transmissa
715 659 802 704 est.
896 659 997 704 turm
1050 659 1183 717 faeta
1237 660 1430 707 silentia
1484 661 1636 707 tectis:
1705 675 1780 707 res

90 733 285 780 divinas
318 735 492 781 actura
528 731 720 780 Didone
753 730 974 779 omnium
1007 747 1100 779 vox
1134 734 1183 780 et
1215 734 1451 795 strepitus
1485 733 1781 795 conquievit.

92 822 244 869 supra
284 807 413 853 enim
456 805 581 852 dixit
620 806 705 866 „fit
745 804 982 867 strepitus
1023 806 1167 853 tectis
1200 822 1464 868 vocemque
1495 824 1584 869 per
1617 808 1780 869 ampla

95 881 326 929 volutant
358 878 532 927 atria“.
596 881 834 940 Iuppiter,
866 880 1132 939 hospitibus
1171 896 1287 928 nam
1327 885 1368 928 te
1408 882 1527 929 dare
1563 883 1677 929 iura
1719 882 1782 928 lo-

12 973 68 1019 ao
91 957 330 1016 mmmm,
377 953 536 1015 [hune
582 954 761 1002 laetum
802 954 1059 1015 Tyriisque
1105 947 1250 1002 diem⁴
1274 955 1515 1015 Troiaque
1551 957 1784 1015 profectis

14 1023 21 1027 '⁴
92 1043 191 1077 esse
227 1027 375 1090 velis]
383 1046 398 1075 .·
445 1027 570 1076 dixit
610 1043 759 1090 quem
797 1031 1013 1091 rogaret,
1052 1027 1178 1075 dixit
1210 1031 1259 1076 et
1291 1030 1396 1076 eius
1427 1030 1665 1076 virtutem
1704 1029 1783 1076 vel

0 1136 1 1171 }
91 1105 405 1165 potestatem.
483 1102 575 1150 hoo
621 1102 828 1150 dicendo
877 1101 1095 1149 ostendit
1139 1102 1393 1165 hospitum
1441 1118 1588 1150 causa
1636 1119 1686 1151 se
1733 1102 1785 1150 id

0 1175 1 1251 ᾗ
91 1178 253 1225 faeere
293 1176 573 1240 adprobans
612 1177 802 1224 factum
841 1191 898 1223 ae
942 1175 1284 1224 demonstrans
1327 1177 1458 1238 quod
1489 1178 1634 1240 pleno
1668 1181 1783 1225 voto

94 1251 334 1300 Troia-nos
382 1252 675 1313 excepisset,
720 1252 779 1298 ut
825 1249 1002 1298 initam
1042 1250 1328 1299 societatem
1366 1250 1628 1313 hospitalis
1667 1251 1783 1314 Iup-

10 1319 71 1388 [315
93 1326 225 1388 piter
278 1341 368 1373 suo
422 1324 708 1373 testimonio
763 1327 814 1372 et
868 1323 1032 1372 studio
1079 1324 1359 1385 roboraret,
1414 1340 1525 1372 oum
1571 1325 1663 1373 hoo
1710 1325 1788 1373 illi

15 1398 29 1439 ⁵-
95 1399 299 1447 Troiani
338 1415 436 1447 non
475 1399 833 1462 promisissent.
897 1414 1010 1446 oum
1050 1401 1216 1446 autem
1257 1399 1367 1461 ipsa
1407 1401 1535 1447 esset
1567 1399 1785 1462 Sidonia,

22 1480 25 1481 ’
96 1474 240 1536 quasi
280 1473 495 1536 quodam
533 1473 707 1522 mortis
747 1488 864 1520 suae
905 1472 1182 1537 praesagio,
1223 1473 1486 1535 Tyriorum
1528 1475 1578 1520 et
1616 1473 1786 1520 Troia-

22 1551 38 1616 ⁶.
94 1563 273 1596 norum
305 1548 426 1596 feeit
456 1547 803 1596 tantummodo
834 1548 1153 1608 mentionem,
1185 1550 1242 1595 ut
1272 1547 1373 1595 illis
1406 1547 1509 1595 dies
1540 1546 1626 1594 ille
1661 1549 1788 1595 esset

26 1633 31 1688 ζ
93 1622 267 1670 laetus.
343 1623 522 1670 merito
568 1622 669 1669 diei
714 1621 964 1683 meminit,
1016 1621 1147 1684 quod
1187 1620 1512 1669 confirmabat
1551 1623 1600 1668 et
1638 1615 1806 1686 socie-¹

13 1710 74 1755 geo
96 1698 251 1744 tatem
299 1711 390 1759 per
434 1711 574 1744 saera
621 1698 672 1744 et
710 1696 1016 1758 convivium3
1071 1695 1213 1744 triste
1255 1697 1386 1743 enim
1424 1695 1521 1743 fuit
1558 1695 1788 1743 tenebras

96 1770 352 1820 nominare
397 1771 478 1818 vel
516 1773 734 1831 noctem,
781 1770 862 1818 vel
899 1771 1114 1818 maxime
1154 1769 1273 1832 quia
1311 1768 1618 1818 continuatio
1659 1768 1789 1817 diem

16 1852 30 1907 *g
96 1846 234 1892 nocti
295 1846 618 1894 coniunxerat
679 1847 730 1892 et
789 1843 1009 1892 nondum
1072 1843 1198 1892 itum
1260 1846 1369 1892 erat
1430 1842 1494 1891 ad
1553 1843 1790 1904 requiem.

16 1907 33 1982 ξ
96 1921 376 1980 nostrosque
413 1920 560 1967 huius
598 1920 873 1967 memmisse
910 1920 1141 1974 minore&
1183 1919 1333 1966 sicuti
1371 1918 1560 1966 factum
1600 1919 1696 1980 est,
1734 1919 1791 1964 ut

17 1988 30 2043 ’Ξ
98 1993 252 2041 etiam
289 2009 418 2041 nune
458 1993 603 2041 duret
642 1993 702 2040 de
741 1992 936 2041 actibus
975 1992 1186 2040 Didonis
1225 1991 1412 2039 fabula.
1489 1993 1620 2039 adsit
1657 1991 1792 2039 lac-ti-

55 2083 76 2118 5
100 2069 196 2116 tiae
233 2067 460 2116 Bacchus
499 2067 664 2116 dator:
718 2068 890 2115 vinum
928 2066 1265 2130 intellegimus
1305 2065 1510 2126 dietum,
1549 2067 1654 2114 sine
1693 2081 1792 2127 quo

99 2141 297 2190 laetitia
336 2157 439 2190 esse
478 2141 531 2189 in
563 2140 803 2190 conviviis
834 2157 935 2189 non
964 2142 1146 2203 potest,
1176 2141 1296 2188 lieet
1326 2139 1427 2188 alio
1459 2140 1568 2188 loeo
1601 2133 1791 2205 (georg.

105 2218 152 2276 2,
185 2209 316 2282 455)
357 2215 539 2264 dixerit
576 2218 724 2278 poeta
762 2217 869 2278 ipse
909 2215 1162 2277 „Bacchus
1203 2218 1253 2262 et
1292 2214 1355 2261 ad
1387 2215 1587 2276 eulpam
1619 2227 1792 2262 causas

102 2287 289 2352 dedit“3
351 2290 437 2338 sed
488 2290 581 2339 hoe
634 2292 688 2338 in
741 2292 990 2353 potestate
1052 2291 1128 2337 est
1189 2288 1403 2336 hominis
1457 2287 1697 2350 positum,
1751 2287 1794 2334 si

102 2379 159 2412 eo
204 2363 329 2412 bene
375 2366 427 2412 et
470 2364 724 2413 moderate
772 2367 859 2412 aut
903 2363 1034 2411 male
1082 2364 1132 2411 et
1177 2363 1568 2424 intemperanter
1607 2363 1794 2409 utatur.

102 2437 393 2500 plerumque
433 2438 563 2486 enim
605 2455 732 2501 quae
773 2437 836 2485 ad
874 2438 1087 2486 salutem
1117 2438 1322 2484 inventa
1354 2438 1484 2496 sunt,
1516 2435 1634 2483 dum
1666 2434 1794 2482 male

102 2512 334 2560 nonnulli
370 2514 595 2575 utimtur‚
626 2513 679 2560 in
709 2511 978 2575 perniciem
1009 2515 1059 2560 et
1092 2510 1299 2560 exitium
1332 2509 1528 2558 cadunt.
1596 2513 1639 2557 et
1669 2509 1794 2556 bona

103 2585 261 2643 Iuno;
312 2590 520 2654 noyerat
566 2588 698 2635 enim
742 2587 998 2634 inimicam
1043 2586 1196 2634 fuisse
1234 2585 1486 2632 Troianis:
1540 2586 1596 2631 ut
1636 2583 1795 2645 magis

226 2791 248 2830 1
275 2791 493 2844 poterant
514 2786 602 2830 LR
624 2785 695 2831 ed.
719 2791 935 2843 poterunt
965 2799 1049 2830 nos
1079 2787 1274 2843 propter
1302 2784 1490 2839 fuerint.
1592 2785 1647 2825 10
1677 2782 1798 2826 hune

106 2848 163 2878 ‘—
182 2851 235 2890 11
268 2847 380 2892 velie
409 2846 544 2890 deest
572 2845 623 2889 in
654 2845 755 2900 LR,
788 2844 871 2889 sed
901 2843 1178 2902 explicatur.
1301 2848 1354 2888 11
1387 2842 1565 2900 royavit
1596 2840 1667 2886 ed.
1693 2844 1703 2896 l
1731 2840 1799 2884 vel

52 2945 58 2950 ,
105 2903 194 2949 LR
222 2910 265 2950 et
294 2905 366 2949 ed.
492 2909 546 2949 19
578 2905 700 2962 quod
727 2904 816 2948 LR
846 2903 928 2949 edI
958 2917 1047 2960 quo
1077 2918 1100 2946 r
1131 2902 1241 2947 edF.
1294 2903 1301 2960 Ι
1358 2907 1399 2946 et
1427 2901 1678 2946 societatem
1712 2898 1798 2942 LR

106 2977 142 3008 8.
173 2969 215 3009 et
244 2963 315 3009 ed.
439 2969 495 3008 29
518 2965 655 3021 plene
683 2963 722 3006 R
756 2965 863 3009 bene
892 2977 917 3007 r
940 2984 997 3000 =
1021 2963 1070 3007 L.
