2014 3226
226 187 337 238 460
695 186 927 230 DONATI
957 186 1235 229 INTERPR.
1270 185 1449 230 VERG.

139 335 224 374 335
242 342 340 374 uon
397 328 473 374 ille
528 328 701 374 oblitus
756 341 1005 373 amonem:
1065 341 1183 373 uam
1237 340 1337 373 sese
1384 328 1607 385 opposuit
1651 326 1789 373 Salio
1824 341 1920 385 per

228 397 414 448 lubrica
439 414 655 459 sumens,
687 399 796 460 [ille
829 403 987 446 (actem
1027 402 1186 458 spissa
1230 402 1380 447 iacuit
1409 400 1654 447 revolutus
1677 398 1918 461 harenas·

230 476 380 521 Nisus
431 477 542 535 post
583 474 919 534 deceptionem
959 474 1132 534 lapsus
1173 475 1249 521 sui
1288 489 1387 520 non
1427 473 1668 533 invidens,
1709 475 1751 520 si
1784 473 1915 535 quod

227 550 331 609 ipse
365 547 647 609 perdiderat
680 550 1064 608 consequeretur
1089 547 1354 609 Euryalus,
1397 563 1542 607 quem
1568 547 1781 607 amabat,
1819 563 1918 595 non

230 623 396 668 omisit
434 622 643 668 iuvandi
683 623 1008 681 occasionem3
1048 637 1164 667 nam
1204 637 1316 668 cum
1358 637 1415 667 ex
1454 621 1641 668 lubrico
1680 623 1918 683 surgeret,
1964 638 2005 675 ι

229 696 410 742 obiecit
440 711 490 742 se
526 695 658 742 Salio
692 696 927 754 venienti,
970 697 1019 742 et
1051 711 1161 741 cum
1194 695 1298 755 ipse
1332 695 1535 742 nitendo
1569 696 1707 756 cupit
1739 695 1920 756 attolli,

227 770 371 815 illum
424 769 597 816 fraude
647 771 970 830 proveniente
1022 769 1213 816 deiecit.
1298 771 1502 829 propter
1548 769 1674 816 hanc
1723 784 1923 817 causam
1992 759 1993 762 Ἴ

229 845 453 904 superius
494 843 752 904 praemisit
792 858 1013 890 amorem
1063 858 1299 906 magnum
1346 844 1478 889 inter
1516 842 1695 891 Nisum
1735 845 1783 889 et
1823 842 1920 890 Eu-

227 918 427 978 ryalum
460 918 637 978 fuisse,
676 917 823 964 huius
865 917 995 964 enim
1027 932 1215 964 memor
1254 918 1307 964 in
1341 916 1466 963 Salii
1506 917 1791 978 deceptione
1825 917 1920 964 Eu·
1992 933 1997 978 ς

227 991 358 1051 ryali
411 993 568 1052 partis
609 991 761 1038 Nisus
817 991 1023 1039 adiuvit.
1118 993 1288 1038 emicat
1332 991 1590 1050 Euryalus
1639 994 1681 1037 et
1724 1005 1922 1039 munere
1946 987 1996 1042 1'

227 1067 377 1112 cic-tor
416 1067 562 1113 amici
591 1067 763 1124 prima
802 1069 945 1112 tenet:
994 1065 1052 1112 de
1099 1066 1249 1112 tertio
1289 1067 1478 1125 primus
1519 1064 1721 1112 effectus
1761 1065 1919 1126 Eury-
1981 1093 1986 1133 3

229 1139 338 1186 alus
379 1139 624 1186 emicabat
662 1141 837 1201 utpote
876 1141 1057 1199 victor,
1106 1139 1190 1186 sed
1237 1139 1329 1185 hoc
1379 1139 1455 1185 illi
1503 1140 1726 1186 amicitia
1764 1138 1922 1186 fidelis
1980 1159 1987 1188 -;

227 1214 339 1260 Nisi
372 1214 663 1260 contulerat.
725 1214 1006 1272 plausuque
1037 1213 1167 1260 volat
1188 1214 1478 1273 fremituque
1507 1214 1738 1260 secundo:
1775 1212 1923 1259 huius
1984 1224 1986 1226 ’

229 1302 424 1335 cursum
475 1289 676 1334 tantum
726 1287 928 1334 fovebat
977 1287 1150 1348 populi
1200 1287 1364 1347 favor,
1423 1289 1480 1334 ut
1530 1287 1615 1334 ille
1666 1302 1765 1333 non
1818 1289 1924 1334 tam

229 1377 421 1408 currere
461 1361 729 1422 videretur,
770 1361 855 1408 sed
894 1361 1077 1408 volare.
1146 1364 1262 1420 post
1291 1361 1530 1421 Helymus
1561 1361 1692 1408 subit
1721 1364 1764 1408 ct
1791 1376 1924 1408 nunc
1974 1394 1978 1404 .

228 1437 367 1483 tertia
397 1436 573 1494 palma
596 1436 798 1482 Diores:
853 1451 909 1482 ac
948 1451 1038 1496 per
1075 1435 1166 1482 hoc
1207 1434 1494 1482 cadentibus
1533 1435 1657 1482 Niso
1699 1436 1748 1482 et
1787 1434 1923 1482 Salio
1988 1435 1990 1438 ’

227 1509 417 1571 primus
466 1509 716 1570 Euryalus
768 1510 931 1557 factus
984 1511 1080 1570 est,
1135 1509 1380 1557 secundus
1427 1509 1692 1570 Helymus,
1745 1509 1923 1556 tertius

139 1589 226 1628 340
244 1584 434 1631 Diores.
495 1584 572 1630 hic
611 1586 755 1630 totum
797 1597 969 1630 caveae
1001 1598 1274 1630 consessum
1311 1585 1517 1643 iuyemis
1558 1587 1600 1630 et
1637 1597 1724 1630 ora
1753 1585 1925 1642 prima
1987 1598 1991 1621 ι

220 1662 427 1716 potrum
473 1659 666 1717 magmis
718 1657 887 1705 Salius
933 1658 1224 1705 clamoribus
1270 1659 1444 1717 mplet:
1489 1657 1825 1718 perseveravit
1870 1658 1924 1703 in

230 1747 286 1778 eo
327 1735 384 1778 ut
422 1732 600 1792 locum,
640 1747 789 1793 quem
830 1747 980 1792 supra
1019 1732 1204 1779 circum
1245 1733 1294 1778 et
1323 1731 1574 1778 theatrum
1613 1731 1752 1790 dixit,
1792 1746 1924 1778 nunc

231 1821 433 1853 caveam
480 1805 676 1853 diceret.
764 1809 961 1853 constat
1012 1807 1143 1852 enim
1195 1807 1349 1852 etiam
1399 1821 1600 1853 caveam
1647 1804 1746 1851 dici
1793 1805 1925 1866 quod
1978 1862 1982 1869 Ι

229 1880 446 1927 inclusos
487 1882 791 1941 spectatores
830 1881 1013 1927 teneat.
1090 1881 1264 1942 ingens
1313 1895 1429 1942 ergo
1478 1879 1749 1941 spectaculi
1787 1879 1923 1926 illius

231 1953 451 2014 spatium
499 1948 550 2000 et
595 1955 812 2015 primum
861 1955 1150 2000 cunctorum
1202 1969 1288 2001 ora
1327 1954 1572 2000 maiorum
1614 1952 1777 2000 Salius
1825 1953 1922 2000 cla·
1968 2006 1972 2009 ,

229 2027 448 2074 moribus
488 2029 683 2091 magnis
723 2027 1024 2089 oppleverat.
1094 2028 1194 2074 iam
1236 2027 1598 2075 aestimandum
1638 2028 1712 2074 est
1752 2027 1922 2088 quales

232 2101 366 2148 illius
421 2101 635 2149 hominis
692 2101 931 2149 clamores
980 2102 1188 2162 fuerint,
1243 2101 1442 2163 quando
1493 2101 1785 2164 magnitudo
1831 2101 1923 2148 illa

231 2175 501 2236 spectaculi
539 2176 732 2238 inpleta
772 2178 847 2222 est
885 2177 934 2222 et
974 2175 1308 2236 spectantium
1345 2176 1564 2237 repletae
1611 2178 1726 2222 sunt
1767 2189 1920 2222 aures.
1955 2175 1965 2202 2'

233 2252 536 2308 ereptumque
574 2250 681 2297 dolo
712 2249 853 2297 reddi
891 2250 985 2296 sibi
1013 2251 1175 2309 poscit
1209 2250 1459 2297 honorem:
1499 2264 1578 2296 ars
1611 2249 1789 2311 agendi
1819 2249 1923 2310 ple·
1966 2299 1970 2302 ,

231 2323 438 2370 nissima
463 2323 793 2384 exercebatur,
827 2324 945 2384 quia
968 2339 1149 2386 negare
1174 2338 1274 2370 non
1297 2325 1494 2385 poterat
1517 2338 1567 2370 se
1592 2324 1780 2370 victum
1805 2337 1922 2371 esse.

231 2396 486 2444 fatebatur
537 2397 630 2445 hoc
682 2396 870 2458 ipsum,
925 2396 1012 2444 sed
1063 2396 1289 2445 fraudem
1335 2397 1432 2445 sibi
1478 2397 1591 2444 dolo
1647 2396 1923 2458 quaesitam

230 2471 501 2518 iustissime
526 2470 828 2532 querebatur
849 2470 1150 2532 perindeque
1182 2470 1468 2532 inplorabat
1490 2471 1740 2532 honorem,
1775 2485 1921 2532 quem
1959 2470 1971 2523 f

231 2543 441 2605 adipisci
478 2546 726 2606 potuerat,
765 2545 807 2593 si
838 2544 1025 2592 nullius
1057 2544 1302 2592 extitisset
1331 2544 1737 2606 inpedimentum.
1798 2543 1920 2592 bene

233 2617 426 2666 definiit
457 2620 607 2680 poeta
640 2618 759 2678 quid
791 2618 1054 2666 sitdolus:
1094 2618 1242 2666 sicuti
1274 2620 1405 2666 enim
1435 2619 1782 2680 interpretatio
1816 2619 1920 2667 eius
1955 2654 1961 2672 .,

354 2764 376 2802 1
409 2773 500 2803 sese
530 2758 618 2802 LR
647 2772 693 2803 se
723 2758 795 2802 ed.
927 2763 952 2802 2
984 2759 1132 2803 ille—
1150 2759 1324 2804 harena
1356 2759 1488 2803 deest
1519 2758 1569 2801 in
1599 2757 1699 2813 LR,
1732 2757 1814 2801 sed
1845 2769 1930 2800 ex·-

232 2818 450 2875 plicatur.
582 2821 607 2860 6
640 2817 735 2861 alio
765 2817 800 2859 L
832 2831 854 2862 s
886 2817 993 2861 add.
1025 2831 1148 2861 man.
1182 2831 1272 2862 rec.
1316 2819 1322 2875 Ι
1371 2831 1472 2862 cum
1503 2817 1590 2860 LR
1619 2818 1729 2860 dum
1760 2816 1832 2860 ed.
1961 2868 1972 2874 ⁴

235 2882 290 2921 14
322 2883 414 2922 tam
446 2876 533 2920 LR
561 2877 708 2920 solum
739 2877 810 2919 ed.
950 2881 1005 2920 15
1037 2877 1299 2921 viderentur
1330 2877 1378 2920 L.
1421 2879 1428 2933 Ι
1477 2877 1624 2920 solare
1653 2875 1702 2919 L.
1747 2877 1752 2932 Ι
1802 2879 1844 2919 et

231 2936 454 2983 lemmate
494 2950 582 2979 om.
616 2935 687 2979 ed.
841 2939 895 2978 22
936 2937 1065 2980 illius
1102 2937 1348 2992 spectaculi
1376 2935 1430 2979 R.
1583 2939 1638 2978 29
1671 2935 1986 2993 quaesitam&

233 2996 335 3040 dolo
367 2995 420 3038 R.
545 2998 599 3037 32
632 2995 793 3049 definit
821 2994 875 3036 R.
913 2994 919 3051 Ι
960 2995 1098 3039 sicuti
1128 2994 1215 3038 LR
1245 2995 1316 3040 ed.
1351 2996 1618 3051 corruptum
1650 2995 1780 3050 puto,
1811 2989 1926 3048 quin
