2014 3226
782 157 1087 202 AENEIDOS
1118 158 1182 202 III
1727 162 1830 212 287

141 297 374 359 peti-andi
414 297 620 345 alterius
659 299 884 357 responsi
915 299 1210 346 necessitate
1243 301 1435 362 cogaris
1467 300 1670 359 intrare,
1703 301 1835 348 ultro

145 387 271 433 quae
304 371 550 419 desideras
583 370 766 432 Apollo
798 373 1030 432 porrexit.
1083 372 1233 420 habes
1265 373 1483 420 numinis
1514 375 1618 421 eius
1651 375 1837 437 grande

144 445 494 507 conpendium,
541 447 598 491 ut
642 444 723 492 hic
770 444 911 492 nobis
957 446 1285 494 referentibus
1335 447 1493 495 discas
1542 447 1675 508 quod
1726 463 1835 494 eum

141 521 334 582 ingenti
372 518 600 566 laborum
639 519 833 566 iactura
872 519 1036 567 fueras
1081 522 1386 583 cogniturus.
1464 537 1572 569 ecce
1622 523 1837 582 quantus

60 614 62 617 ·
97 610 118 642 5
144 609 262 656 erga
300 595 349 640 te
389 594 605 640 numinis
637 593 803 640 favor:
842 607 942 639 non
971 609 1118 656 rogas
1152 596 1201 641 et
1232 595 1428 642 favetur
1460 595 1701 644 desiderio
1734 597 1838 655 tuo,

141 683 241 715 non
288 667 519 729 navigas,
567 667 742 714 domus
790 682 986 728 quoque
1033 683 1131 714 non
1180 668 1424 730 egrederis
1473 669 1625 716 limen
1670 671 1719 716 et
1758 669 1838 716 dei

141 743 278 789 iussa
301 740 660 788 famulantibus
686 740 781 787 diis
809 740 870 787 ad
897 742 1029 788 auris
1062 743 1174 788 tuas
1208 744 1526 803 animumque
1559 745 1836 805 portantur.

141 831 269 877 pone
308 816 459 862 istam
499 830 598 876 qua
629 814 823 862 vexaris
857 815 1219 876 cogitationum
1250 817 1431 864 molem
1463 819 1513 864 et
1545 818 1631 878 qui
1663 818 1835 878 loqua-

141 905 256 936 mur
304 889 484 950 quidve
531 889 802 936 referamus
848 888 1070 936 adverte:
1123 904 1212 937 nos
1252 893 1294 937 te
1332 890 1601 938 Dardaozia
1639 893 1837 939 incensa

75 979 118 1011 ιο
142 968 320 1023 tuaque
360 977 502 1010 arma
540 964 701 1018 secuti,
742 977 830 1010 nos
870 963 1109 1010 tumidum
1140 965 1227 1010 sub
1261 968 1303 1011 te
1323 966 1571 1024 permensi
1603 965 1838 1012 classibus

142 1051 324 1097 aequor
368 1038 496 1085 idem
540 1039 766 1084 venturos
809 1037 1027 1085 tollemus
1064 1040 1117 1084 ‘m
1157 1040 1293 1085 astra
1330 1041 1522 1098 nepotes
1561 1040 1837 1097 imperium-

141 1127 231 1171 que
268 1111 381 1158 urbi
419 1111 669 1159 dabimus:
709 1114 760 1158 tu
790 1113 983 1158 moenia
1012 1113 1206 1171 maym's
1236 1126 1418 1171 mamea
1441 1127 1575 1172 para
1609 1114 1822 1174 Iowyum-
1843 1117 1927 1157 160

142 1200 231 1245 quc
269 1187 416 1245 fuyae
455 1200 514 1232 ne
553 1185 716 1244 linque
755 1186 979 1233 laborem.
1042 1187 1158 1247 post
1190 1202 1402 1234 errorem
1433 1186 1584 1247 primi
1614 1188 1838 1247 responsi

18 1307 31 1314 ,
143 1261 212 1308 sic
243 1258 447 1307 Aenean
485 1260 667 1307 instrui
707 1261 1027 1320 convenerat,
1070 1261 1128 1307 ut
1167 1261 1302 1307 0111111
1342 1261 1668 1323 ambiguitate
1708 1275 1836 1308 sum-

0 1341 1 1351 *
74 1349 116 1382 15
140 1336 278 1382 mota
310 1335 359 1381 et
391 1334 478 1395 qui
509 1333 831 1394 loquerentur
863 1336 912 1381 et
946 1349 1071 1394 quae
1095 1335 1336 1382 referrent
1360 1334 1614 1382 evidenter
1644 1335 1839 1382 audiret

142 1410 192 1456 et
239 1410 473 1455 cerneret.
551 1407 722 1455 debuit
769 1408 900 1455 enim
947 1407 1011 1454 ad
1049 1408 1169 1455 haec
1207 1408 1498 1470 perferenda
1536 1408 1715 1455 talium
1755 1407 1838 1454 ad-

140 1481 299 1530 hiberi
345 1497 578 1543 persona‚
625 1483 683 1528 ut
727 1481 1040 1530 incredibilia
1088 1484 1137 1529 et
1183 1483 1311 1529 mira
1356 1482 1561 1530 dicturis
1602 1481 1837 1530 facillime

142 1555 434 1604 crederetur.
499 1556 710 1618 denique
750 1557 848 1618 ipsi
881 1559 1173 1604 enumerant
1203 1555 1440 1603 beneficia
1471 1570 1560 1603 sua
1593 1558 1642 1604 et
1673 1557 1837 1604 novis-

0 1688 1 1708 *
142 1632 263 1679 sime
319 1631 471 1678 etiam
524 1631 798 1691 praesentis
852 1632 1091 1691 temporis
1148 1631 1340 1678 sociant
1400 1632 1839 1678 commemorantes

24 1751 27 1756 .
74 1719 118 1753 20
141 1705 416 1767 praeterita
462 1719 519 1751 30
565 1705 774 1752 meliora
818 1705 872 1751 in
916 1705 1144 1752 futurum
1190 1707 1240 1751 et
1289 1703 1499 1767 grandia
1547 1704 1837 1766 pollicentes

140 1778 404 1840 nepotibus
445 1780 495 1826 et
533 1793 703 1826 eorum
742 1778 955 1840 posteris
994 1779 1270 1840 profutura.
1330 1779 1402 1826 sic
1433 1779 1564 1824 enim
1597 1779 1647 1825 et
1676 1779 1838 1839 primo

140 1853 323 1915 Apollo
354 1853 460 1914 ipse
492 1852 741 1914 praedixit
773 1845 917 1919 (97):
949 1853 1060 1914 „hic
1093 1851 1266 1900 domus
1297 1851 1494 1899 Aeneae
1527 1853 1719 1899 cunctis
1753 1851 1838 1899 do-

139 1926 414 1974 minabitur
452 1927 550 1974 oris
592 1929 642 1975 et
679 1928 789 1974 nati
820 1929 1053 1974 natorum
1093 1928 1142 1974 et
1181 1927 1267 1987 qui
1298 1927 1564 1974 nascentur
1595 1925 1657 1973 ab
1688 1923 1836 1972 illis“.

140 2001 408 2048 hortantur
463 2002 583 2062 quin
639 2001 792 2048 etiam
845 2017 907 2048 ne
962 2002 1028 2049 sit
1080 1999 1265 2048 laboris
1322 2000 1572 2061 inpatiens
1627 2001 1678 2047 et
1731 2002 1838 2046 arte

18 2061 25 2142 f
75 2093 117 2126 25
141 2075 351 2123 mirifica
390 2077 677 2137 conponunt
716 2077 820 2123 eius
861 2076 1096 2134 animum,
1130 2077 1189 2121 ut
1227 2075 1397 2121 futura
1437 2074 1662 2135 quamvis
1701 2073 1836 2121 labo-

20 2149 22 2159 '
140 2150 275 2198 riosa
327 2148 541 2197 libenter
595 2148 804 2197 audiret.
883 2150 1004 2196 artis
1057 2149 1214 2211 igitur
1267 2148 1364 2195 fuit
1418 2147 1674 2195 excludere
1722 2151 1838 2194 ante

40 2286 43 2289 ἱ
143 2225 310 2270 01111113
349 2223 735 2271 sollicitudinem
773 2224 989 2285 primam
1029 2225 1079 2270 et
1116 2221 1327 2270 liberato
1367 2221 1638 2285 angoribus
1672 2223 1838 2268 animo

63 2323 65 2326 ·
142 2298 213 2346 sic
245 2297 450 2345 alterius
482 2297 820 2361 navigationis
852 2297 1046 2344 labores
1077 2297 1315 2358 ingerere.
1379 2295 1591 2356 denique
1623 2298 1838 2358 purgato

142 2371 204 2418 ad
251 2371 455 2433 plenum
502 2371 702 2419 adflicto
749 2371 938 2418 dudum
984 2370 1290 2418 maeroribus
1338 2369 1481 2417 corde
1520 2369 1748 2417 facienda
1784 2370 1838 2416 in

262 2561 288 2600 2
319 2558 521 2602 nominis
551 2556 638 2600 LR
669 2557 740 2601 ed.
773 2556 982 2600 numinis
1011 2570 1035 2599 r
1068 2554 1265 2599 inferius
1295 2555 1411 2598 item
1442 2553 1524 2598 ubi
1557 2567 1671 2597 corr.
1705 2553 1775 2597 ed.

143 2620 169 2660 6
201 2617 362 2661 domus
393 2616 482 2660 LR
513 2617 645 2661 domo
677 2615 750 2660 ed.
866 2619 892 2658 7
917 2619 1138 2671 portatur
1167 2613 1255 2657 LR
1285 2614 1356 2657 ed.
1465 2617 1492 2657 8
1522 2613 1595 2657 his
1624 2614 1720 2656 iam
1750 2611 1838 2655 LR

141 2675 216 2720 hic
237 2677 268 2720 i.
293 2690 318 2719 1·
346 2676 467 2720 hanc
489 2677 519 2720 i.
547 2675 618 2720 ed.
645 2676 780 2720 istam
811 2688 911 2718 nos,
940 2675 947 2731 Ι
981 2675 1063 2730 qui
1093 2674 1334 2730 loquamur
1357 2672 1445 2716 LR·
1467 2673 1580 2728 quid
1605 2672 1632 2715 l.
1658 2685 1682 2714 r
1704 2670 1775 2715 ed.

144 2739 198 2778 11
224 2735 424 2780 tollimus
447 2735 490 2778 R
514 2748 629 2779 corr.
645 2749 682 2778 r.
778 2737 832 2777 15
858 2738 899 2778 et
921 2734 1003 2789 qui
1017 2732 1105 2776 LR
1127 2737 1180 2776 ut
1202 2733 1284 2789 qui
1307 2732 1378 2776 ed.
1404 2736 1457 2775 ut
1480 2730 1570 2775 del.
1588 2730 1660 2774 ed.
1678 2732 1798 2787 post.
1827 2730 1832 2787 Ι

142 2794 398 2850 loqueretur
426 2793 513 2837 LR
546 2807 659 2838 corr.
692 2809 716 2836 r
747 2792 818 2837 ed.
862 2792 869 2851 1
919 2792 1123 2836 audisset
1151 2791 1206 2836 R.
1338 2794 1393 2834 18
1424 2790 1673 2835 novissima
1704 2788 1775 2832 ed.

142 2856 197 2896 21
231 2854 443 2909 postibus
479 2853 568 2896 LR
613 2852 852 2910 nepotibus
889 2865 914 2893 r
957 2851 1212 2895 viventibus
1250 2851 1343 2894 tuis
1381 2849 1453 2893 ed.
1493 2852 1593 2906 (pro
1632 2849 1726 2893 tuis
1763 2847 1835 2891 ed.

140 2913 262 2968 post.
295 2913 422 2970 tum).
568 2917 626 2956 24
656 2912 868 2955 hortatur
897 2909 986 2954 LR
1016 2923 1132 2954 corr.
1165 2909 1237 2953 ed.
1383 2912 1439 2952 28
1469 2910 1536 2953 sic
1566 2906 1654 2950 LR
1683 2908 1727 2952 si
1756 2906 1838 2950 edI

142 2983 231 3015 om.
265 2970 375 3015 edF.
498 2975 554 3015 29
587 2975 630 3015 et
659 2971 845 3026 adflicto
876 2969 964 3013 LR
994 2969 1067 3013 ed.
1100 2973 1143 3014 et
1173 2967 1336 3013 delevi.
