2014 3226
213 184 323 235 394
681 183 913 227 DONATI
944 183 1223 226 INTERPR.
1258 183 1435 227 VERG.

323 322 392 370 At
435 325 606 382 reama
654 323 787 371 dolos
835 319 967 386 (quis
1013 323 1185 382 fallere
1217 325 1376 382 possit
1420 323 1719 382 (ωηαηῑεφπὲ)
1757 337 1905 382 prae—

210 399 359 444 sensit
405 400 649 456 motusque
697 398 875 456 excepit
910 399 1081 456 prima
1126 398 1320 455 futuros
1365 398 1525 444 omma
1568 401 1670 444 tuta
1710 399 1904 445 timeus:

211 473 450 532 expressit
497 472 773 518 amantium
819 487 1028 530 morem,
1076 486 1269 531 semper
1312 471 1496 532 quippe
1536 472 1751 532 suspecti
1789 474 1905 519 sunt

210 561 499 606 semperque
555 544 770 592 solliciti.
849 544 1115 592 accedebat
1171 544 1233 590 ad
1279 545 1489 591 Didonis
1541 560 1739 592 causam
1786 546 1904 607 quia

209 635 306 666 non
355 622 522 665 amata
571 619 756 679 fuerat,
804 618 889 666 sed
935 618 1137 665 amabat
1182 620 1484 679 noveratque
1524 618 1727 666 Aenean
1767 635 1903 680 pere·
1951 636 1971 668 5

209 694 405 755 grinum
460 708 516 738 ea
570 692 846 740 intentione
903 707 1139 751 cessasse,
1194 695 1251 738 ut
1307 691 1370 738 ad
1424 692 1627 739 Italiam
1680 692 1904 741 tenderet

207 767 373 827 potius
430 782 581 827 quam
627 768 684 812 ut
729 767 968 828 perpetuo
1026 766 1157 827 apud
1207 765 1559 829 Carthaginem
1612 770 1901 820 remaneret.

206 840 336 886 unde
376 843 572 901 praeter
613 843 892 887 amatorum
932 856 1119 887 morem
1150 840 1261 900 ipsa
1293 841 1486 888 cautior
1516 839 1628 887 fuit.
1692 839 1903 902 denique

208 913 345 961 dolos
385 915 547 974 prima
586 916 850 975 persensit3
906 914 1072 961 nullus
1115 916 1298 975 quippe
1338 915 1503 975 potest
1543 915 1757 961 amantis
1799 917 1902 962 ani·

205 1004 342 1034 mum
374 991 421 1034 et
453 988 771 1050 vigilantiam
811 988 997 1035 fallere.
1064 1003 1234 1036 amans
1268 988 1401 1034 enim
1430 991 1670 1049 perpetuo
1705 988 1904 1036 ducitur
1928 1006 1971 1037 ιο

205 1063 355 1121 metm
396 1063 548 1108 etiam
588 1064 630 1109 si
668 1064 778 1109 tuta
818 1062 917 1110 sint
957 1063 1136 1110 omnia.
1214 1064 1476 1122 motusque
1518 1063 1710 1124 excepit
1740 1064 1903 1123 prima

204 1136 419 1183 futuros:
482 1136 593 1183 ideo
643 1135 780 1183 dolos
827 1136 991 1197 prima
1038 1136 1304 1198 persensit,
1352 1137 1469 1197 quia
1517 1137 1570 1182 in
1618 1151 1767 1184 causa
1814 1152 1902 1183 sua

203 1210 313 1271 ipsa
346 1210 635 1273 diligentior
667 1212 716 1257 et
749 1212 942 1258 cautior
973 1211 1084 1257 fuit.
1145 1210 1345 1257 additur
1377 1210 1625 1271 poeticum
1665 1210 1901 1271 quiddam

204 1299 302 1330 non
349 1300 543 1344 verum,
599 1284 683 1330 sed
732 1301 789 1331 ex
837 1285 1092 1332 occasione
1141 1285 1474 1344 conpositum,
1531 1286 1586 1330 ut
1634 1284 1767 1346 quod
1811 1284 1902 1332 ina

204 1359 366 1405 astute
415 1373 471 1405 ac
517 1359 789 1421 vigilanter
833 1360 1093 1406 invenerat
1139 1358 1392 1405 videretur
1430 1357 1585 1405 Fama
1632 1357 1898 1406 nuntiasse.
1927 1375 1968 1407 15

205 1432 383 1486 eadem,
423 1433 603 1493 inquit,
642 1434 781 1491 ‘inpia
820 1433 999 1487 Fama,
1048 1448 1174 1493 quae
1213 1431 1440 1479 Hiarban
1479 1431 1648 1479 dolore
1688 1447 1900 1480 commo-

202 1507 343 1552 verat
381 1508 440 1552 ut
477 1506 588 1554 Iovi
627 1506 863 1554 conflaret
901 1506 1158 1566 invidiam,
1199 1522 1258 1554 ex
1298 1522 1397 1567 qua
1430 1506 1623 1553 Aeneas
1663 1507 1900 1569 navigare

203 1579 466 1641 conpulsus
515 1583 612 1638 est,
660 1581 845 1639 furenti
892 1580 1084 1627 detulit:
1139 1582 1225 1642 qui
1267 1580 1391 1627 furit
1428 1581 1680 1643 integrum
1718 1581 1898 1628 mentis

200 1669 301 1701 non
347 1649 500 1701 habet
547 1656 755 1702 statum:
817 1655 933 1702 huic
981 1670 1154 1702 amans
1209 1655 1531 1715 conparatur,
1588 1654 1824 1715 quoniam
1870 1670 1900 1702 a

201 1727 520 1775 consiliorum
560 1730 781 1775 omnium
818 1730 1110 1792 integritate
1151 1727 1430 1790 depellitur.
1508 1728 1698 1775 furenti
1743 1728 1900 1791 igitur
1924 1745 1968 1777 2⁰

199 1801 407 1849 Famam
467 1803 722 1851 nuntiasse
785 1805 1138 1850 commemorat
1199 1817 1258 1849 ea
1318 1803 1488 1863 parari
1548 1817 1674 1862 quae
1727 1802 1900 1864 procul

201 1874 349 1923 dubio
403 1878 724 1924 noscerentur
779 1877 937 1924 amori
991 1892 1094 1925 esse
1146 1877 1418 1936 contraria,
1474 1877 1663 1923 scilicet
1709 1878 1899 1924 armari

201 1949 421 2005 classem,
470 1950 603 2012 quod
647 1953 814 2012 ipsum
861 1951 1022 1998 solum
1062 1950 1318 1998 ostendere
1357 1951 1555 2012 poterat
1593 1951 1763 2010 parari
1800 1950 1897 1998 dis·

201 2037 414 2085 cessum3
447 2023 641 2072 addidit
664 2039 953 2084 cursumque
966 2026 1164 2084 parari,
1190 2025 1248 2071 ut
1277 2024 1557 2072 ostenderet
1588 2023 1728 2072 nulla
1758 2040 1897 2072 mora

112 2100 198 2140 300
214 2096 573 2145 interveniente
618 2098 843 2147 futuram
885 2100 1272 2161 navigationem.
1349 2099 1503 2145 saevi-t
1539 2099 1679 2156 'inops
1718 2099 1896 2145 animi-.-
1919 2113 1964 2147 25

198 2172 342 2232 inops
367 2171 523 2237 animi
547 2174 622 2220 est
647 2174 736 2234 qui
758 2173 811 2220 in
835 2173 1056 2222 adversis
1090 2173 1239 2220 citius
1275 2171 1441 2219 deficit
1472 2187 1561 2219 nec
1593 2171 1766 2219 stabili
1798 2187 1894 2232 quo

198 2246 364 2306 potest
421 2246 626 2294 consilio
681 2246 956 2295 subvenire.
1043 2262 1153 2294 ecce
1208 2246 1396 2294 Didoni
1458 2245 1766 2307 duplicatum
1821 2249 1895 2294 est

197 2318 409 2379 malum,
457 2320 646 2367 amanti
693 2322 878 2383 quippe
926 2324 974 2368 et
1021 2322 1274 2382 insperato
1321 2319 1454 2368 malo
1502 2322 1776 2367 commotae
1816 2334 1895 2367 ac-

199 2393 347 2440 cessit
392 2394 603 2441 saevitia
650 2394 848 2456 aliaque
894 2395 1074 2443 mentis
1115 2393 1341 2458 agitatio.
1419 2396 1658 2453 totamque
1695 2394 1894 2442 incensa

187 2479 282 2525 per
327 2467 494 2513 urbem
540 2468 822 2515 bacchatur:
884 2470 1154 2531 augmenta
1201 2467 1504 2515 calamitatis
1552 2468 1785 2528 sumpsit,
1832 2469 1892 2514 ut
1915 2483 1981 2530 ³⁰2·

197 2541 480 2602 contempta
519 2541 814 2589 verecundia
854 2557 996 2590 sexus
1037 2545 1086 2590 et
1124 2542 1384 2590 honestate
1422 2541 1583 2604 regali
1612 2556 1702 2602 per
1731 2543 1893 2588 totam
1979 2542 1981 2545 ’

197 2613 368 2661 urbem
415 2613 710 2663 discurreret
755 2631 891 2664 more
931 2616 1242 2664 baccharum.
1321 2615 1473 2662 dabat
1511 2614 1632 2662 viris
1673 2616 1892 2663 currenti
1973 2613 1994 2658 ἐ·

195 2681 566 2736 inmanissimus
619 2689 780 2750 furor,
835 2691 922 2751 qui
974 2689 1213 2752 pudorem
1267 2689 1560 2737 matronalis
1614 2685 1889 2736 honestatis

317 2818 342 2856 2
376 2818 418 2858 et
447 2815 592 2870 coepit
621 2827 705 2870 pro
738 2815 912 2870 excepit
943 2815 1043 2858 LR.
1149 2819 1173 2858 9
1200 2815 1457 2871 praesensit
1487 2815 1553 2870 (et
1582 2813 1722 2870 infra)
1756 2813 1827 2857 ed.
1968 2832 1990 2855 κ

198 2875 253 2914 16
291 2873 457 2917 hiarba
494 2872 544 2917 L.
603 2875 609 2929 Ι
666 2874 814 2917 dolere
845 2873 932 2916 LR
970 2875 1123 2918 dolore
1159 2887 1184 2916 1·
1214 2873 1286 2917 ed.
1438 2877 1495 2917 20
1527 2873 1773 2928 depelletur
1803 2872 1888 2916 LR
1941 2870 1986 2905 Ὗ

197 2944 310 2975 corr.
345 2931 416 2975 ed.
517 2937 574 2975 26
605 2933 764 2976 stabili
794 2946 881 2988 quo
913 2932 998 2975 LR
1029 2937 1082 2977 st.
1116 2933 1272 2988 aliquo
1303 2947 1327 2975 r
1358 2933 1429 2976 ed.
1529 2937 1584 2975 32
1618 2933 1889 2977 baccharum
1971 2940 1991 2984 Ἀ,

196 2989 280 3033 LR
313 2991 631 3036 bacchantium
660 3005 684 3034 r
714 2991 785 3034 ed.
1852 2996 1855 2998 ’
