2014 3226
765 149 1068 194 AENEIDOS
1100 151 1119 192 I
1687 151 1786 202 101

100 292 379 355 specialiter
411 293 735 338 numerantur
765 291 895 338 bona
926 292 1058 352 ipsa:
1090 292 1204 338 iura
1236 291 1386 338 dabat
1416 292 1628 350 lfyesque
1655 293 1789 338 viris.

100 368 210 414 iura
249 364 401 412 dabat
441 365 509 412 sic
550 365 637 411 alii
677 368 950 426 exponunt:
990 365 1283 426 imperabat,
1318 364 1403 412 sed
1442 381 1540 412 non
1579 366 1652 412 ita
1694 367 1791 427 est3

99 456 214 488 nam
269 440 357 500 qui
410 439 500 486 sub
554 455 682 486 novo
737 439 946 499 imperio
1003 439 1218 502 agebant
1271 438 1489 486 nondum
1542 438 1793 486 habebant

99 515 230 578 leges
270 515 320 560 et
357 513 467 559 iura
508 513 686 574 quibus
725 515 1023 562 tenerentur.
1100 513 1223 560 haec
1263 529 1378 576 ergo
1417 514 1528 560 iura
1569 516 1618 559 et
1660 514 1792 576 leges

57 605 77 638 5
101 587 252 635 dabat
297 587 388 634 1100
436 590 511 634 est
557 586 903 634 constituebat.
981 587 1265 634 tenentibus
1307 587 1490 648 quippe
1528 587 1791 648 imperium

99 662 246 724 plena
285 663 505 722 potestas
546 664 621 709 est
658 662 769 708 iura
810 661 1020 708 scribere
1062 676 1118 708 ac
1157 662 1291 724 leges
1330 662 1575 722 proferre,
1616 660 1793 722 quibus

99 738 273 783 vivant
321 735 407 796 qui
456 739 612 798 agunt
660 734 749 782 sub
797 736 1028 796 imperi03
1091 751 1190 782 non
1239 737 1370 782 enim
1408 737 1574 797 potest
1611 734 1793 783 rectius

99 811 262 858 vivere
317 809 412 857 nisi
469 825 614 870 quem
671 812 808 856 tenet
860 809 982 857 iuris
1035 810 1300 872 legumque
1347 810 1624 857 necessitas.
1701 809 1794 856 1100

99 885 254 947 igitur
308 884 405 929 fuit
458 885 782 945 praecipuum
834 884 888 930 in
944 885 1047 931 eius
1096 883 1350 943 laudibus,
1403 899 1514 931 cum
1562 883 1796 932 scriberet

35 974 78 1008 ιο
100 957 232 1021 leges
274 960 323 1004 et
362 958 486 1017 iura,
528 959 646 1018 quia
686 958 1070 1018 adquiescebant
1101 959 1198 1005 viri
1229 958 1374 1006 iussis
1406 958 1633 1005 feminae.
1687 972 1795 1004 ecce

101 1046 213 1079 cum
246 1047 276 1079 a
307 1031 519 1093 publicis
549 1032 787 1080 consultis
814 1033 965 1079 etiam
992 1031 1054 1078 ad
1079 1048 1284 1093 operum
1315 1032 1536 1079 laborem
1567 1031 1795 1079 venieba-

98 1108 196 1165 tur,
235 1105 527 1153 ostendebat
566 1107 870 1168 aequitatem
913 1121 1052 1154 suam
1090 1108 1140 1153 et
1171 1106 1223 1152 in
1255 1106 1553 1154 consulendo
1584 1106 1797 1167 pruden-

99 1181 244 1227 tiam:
285 1194 498 1239 operum,
538 1181 719 1241 inquit,
759 1181 972 1227 laborem
1001 1181 1234 1240 partibus
1267 1180 1508 1239 aequabat
1535 1182 1679 1228 iustis
1711 1182 1799 1227 aut

99 1257 222 1301 sorte
253 1255 483 1302 trahebat.
546 1254 730 1302 iudicio
771 1269 858 1302 suo
901 1255 1064 1316 operis
1103 1254 1262 1316 partis
1303 1254 1512 1317 singulis
1553 1253 1795 1302 adscribe-

36 1342 77 1388 ¹125
100 1327 207 1390 bat,
255 1343 382 1389 quae
431 1329 779 1376 aestimatione
825 1327 1051 1376 iustitiae
1100 1331 1304 1391 possent
1358 1330 1462 1376 sine
1518 1329 1796 1390 suspicione

101 1403 294 1464 gratiae
330 1402 540 1465 definiri,
567 1419 691 1464 quae
725 1405 895 1450 autem
925 1405 1106 1459 natura
1139 1418 1228 1450 sua
1261 1402 1324 1450 ad
1354 1402 1560 1465 plenum
1593 1403 1798 1463 aequari

100 1491 199 1523 non
237 1478 473 1537 poterant
511 1478 728 1524 retracto
770 1477 978 1524 arbitrio
1020 1492 1107 1525 suo
1144 1477 1292 1526 sortis
1323 1476 1507 1524 iudicio
1541 1476 1709 1536 dabat,
1742 1477 1799 1523 ut

102 1566 159 1597 ex
198 1567 324 1598 urna
362 1551 480 1599 licet
519 1553 800 1614 graviorem
841 1553 1087 1613 accipiens
1119 1551 1306 1598 laboris
1338 1553 1534 1614 partem
1564 1566 1664 1598 non
1696 1553 1798 1598 iam

100 1625 324 1688 reginam
378 1627 651 1687 incusaret,
707 1625 794 1673 sed
848 1626 1104 1673 fortunam
1158 1641 1311 1674 suam.
1390 1627 1440 1672 et
1493 1625 1614 1672 haec
1669 1626 1798 1672 sicut

7 1714 79 1747 22⁰
100 1698 319 1760 picturas
360 1715 459 1747 non
498 1700 708 1761 perfecit
746 1701 919 1762 poeta3
958 1715 1075 1747 nam
1115 1715 1226 1747 011111
1265 1700 1426 1747 multa
1466 1702 1634 1763 ageret
1668 1698 1797 1746 Dido

100 1773 356 1835 multaque
405 1773 708 1835 disponeret,
753 1790 853 1821 non
894 1775 1136 1822 enarratis
1179 1773 1409 1821 omnibus
1450 1789 1577 1835 quae
1618 1772 1799 1835 agebat

100 1846 369 1895 intervenit
406 1849 694 1910 repentinus
734 1851 940 1896 eventus
978 1864 1142 1895 rerum
1184 1850 1234 1896 et
1273 1847 1337 1896 ad
1375 1847 1514 1894 aliud
1551 1847 1799 1894 translata

101 1919 367 1983 descriptio
401 1926 489 1970 est.
545 1937 654 1970 eum
683 1923 840 1970 subito
871 1921 1068 1970 Aeneas
1099 1936 1336 1970 concursu
1368 1922 1592 1970 accedere
1621 1935 1798 1981 mayno

0 2017 1 2051 1
101 1993 293 2042 Anthea
338 1994 704 2056 Ser-aestumque
749 1997 878 2051 videt
925 1998 1190 2056 fortemque
1241 1995 1530 2044 Cloanthum
1579 1995 1782 2042 Teucro-
1802 1999 1893 2038 510

0 2055 79 2130 stes
101 2083 304 2129 rumque
343 2071 480 2127 alios,
521 2075 624 2119 ater
655 2085 774 2130 quos
805 2085 1010 2131 aequore
1042 2072 1181 2118 turbo
1213 2070 1486 2130 dispulerat
1505 2071 1798 2129 penitusque

0 2143 1 2154 ²
103 2142 229 2190 alias
278 2145 537 2192 abveoeerat
581 2159 718 2192 oras:
772 2147 949 2209 agente
988 2145 1151 2192 adhuc
1188 2144 1383 2192 Didone
1424 2160 1549 2205 quae
1590 2143 1654 2191 ad
1691 2142 1797 2191 offi-

62 2212 64 2214 ’
102 2217 232 2264 0111111
270 2218 472 2282 reginae
511 2219 831 2281 pertinebant
869 2219 1034 2267 subito
1072 2218 1267 2268 Aeneas
1308 2218 1380 2267 ad·
1410 2234 1517 2266 eam
1550 2219 1796 2266 venientis

31 2290 34 2291 ⁷
103 2290 322 2340 advertit
361 2308 484 2354 quos
522 2294 575 2341 vi
605 2293 774 2357 pelagi
803 2293 1018 2355 putabat
1049 2293 1304 2342 extinctos.
1369 2308 1479 2340 ecce
1511 2291 1794 2354 conpletum

104 2365 179 2413 est
217 2366 348 2427 quod
387 2366 584 2415 Aeneae
624 2370 784 2416 mater
820 2367 1149 2429 praedixerat.
1227 2368 1457 2427 obstipuit
1492 2367 1643 2414 simul
1678 2367 1799 2426 ipse,

0 2450 80 2503 Ιρο
101 2439 247 2487 slmul
283 2442 542 2500 perculsus
579 2439 811 2490 Achates:
866 2441 1108 2503 obstipuit
1154 2443 1204 2488 et
1247 2441 1504 2503 perculsus
1548 2439 1625 2488 bis
1666 2441 1796 2487 acci-

19 2601 37 2640 ²³
221 2616 243 2654 1
278 2612 537 2656 numeravit
568 2611 639 2655 011
793 2616 820 2656 3
851 2613 995 2668 imper
997 2614 1043 2656 io
1081 2626 1170 2656 0111.
1203 2611 1275 2656 ed.
1430 2616 1454 2655 7
1487 2615 1601 2655 recte
1632 2609 1703 2654 ed.

20 2634 44 2753 ξ
104 2673 129 2711 9
155 2672 442 2727 principium
475 2670 546 2715 ed.
695 2674 750 2714 10
782 2685 876 2716 ecee
906 2671 994 2715 LR
1025 2685 1117 2715 eece
1147 2672 1268 2716 enim
1301 2670 1372 2715 ed
1523 2675 1576 2713 11
1611 2682 1797 2725 operum

20 2732 23 2733 ’
103 2727 297 2773 laborem
328 2729 415 2772 LR
445 2743 503 2786 op
504 2744 584 2774 era
615 2730 686 2775 ed.
783 2734 839 2773 14
870 2731 1044 2775 indicto
1067 2730 1155 2773 LR
1177 2735 1219 2775 et
1241 2731 1271 2774 i.
1299 2730 1371 2774 ed.
1400 2732 1464 2786 up
1466 2730 1582 2774 artis
1604 2727 1692 2771 LR
1715 2728 1793 2772 0111

97 2801 191 2842 par
221 2787 329 2832 edF.
358 2791 364 2846 Ι
392 2790 678 2834 adscribebat
707 2789 795 2833 LR
825 2791 1046 2834 scribebat
1075 2804 1111 2833 r.
1203 2794 1258 2833 22
1292 2790 1425 2833 aliud
1427 2744 1687 2832 Ptranslata
1708 2786 1796 2830 LR

104 2846 197 2891 alio
228 2847 264 2890 L
287 2847 329 2890 11
351 2861 474 2892 man.
501 2849 564 2892 ad
594 2849 728 2893 aliud
757 2863 782 2892 r
813 2850 910 2893 alia
939 2849 1123 2894 sublata
1155 2849 1229 2893 ed.
1350 2853 1405 2892 26
1438 2848 1680 2892 abveoeerat
1708 2845 1796 2889 LR

104 2905 206 2950 adv.
239 2906 310 2950 ed.
464 2911 520 2951 28
551 2909 598 2951 vi
621 2909 782 2965 pelayi
810 2907 897 2950 LR
927 2909 980 2952 in
1007 2909 1168 2966 pelayo
1199 2907 1271 2951 ed.
1426 2909 1483 2950 30
1508 2920 1728 2962 percu-sus
1759 2905 1799 2948 L

106 2962 122 3005 l
152 2978 386 3022 superpos.
418 2966 455 3009 L
477 2966 522 3010 11
544 2979 668 3011 man
693 2967 933 3024 perculsus
962 2966 1005 3009 R
1035 2967 1085 3011 in
1115 2967 1308 3024 interpr.
1336 2965 1574 3023 perculsus
1603 2964 1703 3008 LR
