2014 3226
221 184 329 247 396
689 195 922 239 DONATI
951 195 1232 239 INTERPR.
1266 195 1445 239 Vane.

222 336 285 382 ad
326 336 531 383 eandem
571 325 951 398 generalitatem
988 337 1208 396 pertinet
1248 336 1381 398 quod
1421 338 1493 383 ait
1530 352 1641 384 inea
1685 336 1915 385 decedere

221 412 367 456 terra.
430 411 483 455 in
517 425 572 456 eo
606 410 737 456 enim
771 409 902 470 quod
937 409 1061 456 dixit
1092 412 1227 457 terra
1260 427 1368 457 mea
1398 410 1491 457 hoc
1522 413 1687 472 potest
1719 411 1914 458 sentiri:

221 485 273 529 in
308 499 405 544 qua
437 485 600 544 posito
634 486 778 530 tanta
811 485 927 530 sunt
956 483 1214 544 praestita,
1247 500 1373 545 quae
1407 484 1688 545 specialiter
1719 484 1915 532 dictura

223 559 310 616 est,
351 557 434 603 sed
473 558 592 603 tunc
633 572 743 603 cum
784 557 1054 604 obstinatio
1087 557 1285 605 Aeneae
1324 559 1558 619 patuerit.
1622 573 1751 605 nunc
1783 559 1915 605 enim

222 630 372 676 dictio
418 632 696 692 temperata
728 632 839 690 -est,
886 646 947 677 ne
995 631 1178 679 iniuria
1216 647 1315 679 non
1354 635 1573 692 revocet,
1613 631 1698 679 sed
1735 634 1916 695 urgeat
1960 648 1995 683 ,δὲ

221 706 583 764 properantem.
651 706 843 751 interea
872 719 1133 765 possumus
1167 706 1314 752 aliter
1347 721 1545 766 quoque
1578 707 1760 753 sentire
1795 706 1914 766 quid
1990 743 1994 770 ,3

221 780 286 825 sit
325 781 460 825 terra
498 794 621 838 mea,
665 778 794 839 quod
833 778 923 825 illa
962 779 1190 842 intellegi
1220 781 1390 840 potius
1423 780 1581 826 voluit
1614 796 1762 840 quam
1794 779 1914 826 dici:

220 867 330 899 mea
371 867 501 915 ergo,
544 868 668 912 quae
708 854 758 899 te
799 852 1016 914 suscepit
1053 854 1370 916 naufragum,
1416 855 1635 901 servavit
1672 855 1917 916 ignotum,
1990 867 1995 897 ι

220 927 418 987 inopem
450 927 592 973 fovit.
659 927 858 988 tacitus,
890 927 983 973 hoc
1015 929 1090 974 est
1121 927 1208 988 qui
1239 927 1494 989 praestitis
1534 928 1614 974 vel
1653 927 1916 975 verborum
1992 930 1993 934 ’

222 999 457 1060 obsequio
511 1016 610 1046 non
667 1002 838 1064 ageret
893 1002 1080 1062 gratias
1135 1001 1437 1063 perindeque
1492 1004 1620 1048 esset
1673 1003 1914 1063 ingratus,
1940 1017 1984 1050 ιο

221 1073 353 1134 quod
393 1075 467 1120 est
506 1073 773 1121 admodum
811 1075 943 1121 inter
973 1074 1196 1123 homines
1229 1091 1394 1137 grave,
1426 1091 1525 1122 non
1557 1076 1739 1122 sentire
1769 1075 1915 1122 bene-

219 1146 397 1193 ficium.
478 1148 563 1208 qui
611 1149 744 1194 enim
789 1164 890 1195 non
935 1149 1163 1209 rependit
1212 1149 1622 1210 qualemcumque
1661 1150 1915 1210 praestitis

218 1221 376 1268 vicem
429 1221 472 1268 is
527 1224 775 1269 monstrat
838 1225 924 1269 aut
978 1223 1104 1270 nihil
1161 1238 1211 1270 se
1267 1238 1437 1270 eorum
1490 1224 1770 1271 meminisse
1827 1226 1916 1270 aut

220 1296 385 1342 omnia
431 1295 662 1343 habuisse
710 1312 801 1357 pro
848 1296 1056 1344 levibus.
1135 1311 1244 1344 ecce
1301 1312 1564 1358 suppressa
1619 1299 1735 1344 sunt
1789 1313 1917 1358 quae

218 1369 412 1416 laedere
447 1371 734 1430 potuerunt,
768 1386 826 1416 ea
864 1386 980 1418 vero
1023 1386 1148 1431 quae
1191 1370 1437 1419 audientis
1478 1373 1698 1418 animum
1736 1386 1914 1419 vexare
1940 1386 1998 1419 mv·

219 1459 317 1490 non
356 1445 564 1504 possunt
604 1444 836 1491 dicuntur
878 1446 1118 1506 apertius:
1170 1459 1255 1492 nec
1294 1449 1336 1492 tc
1373 1448 1534 1492 noster
1573 1459 1711 1492 amor
1748 1459 1835 1492 nec
1874 1448 1916 1492 te
1990 1437 1993 1467 ³

219 1517 336 1563 daia
361 1517 557 1565 dextera
581 1519 826 1577 quondam
849 1533 936 1566 nec
957 1521 1199 1566 moritura
1223 1522 1344 1567 tenet
1360 1520 1543 1566 crudeli
1558 1520 1730 1578 funere
1747 1519 1915 1566 Dido?

218 1587 351 1638 dicta
399 1594 514 1638 sunt
558 1593 659 1639 tria
705 1592 936 1640 mollibus
977 1592 1163 1652 verbis,
1211 1592 1295 1641 sed
1335 1594 1464 1654 quae
1503 1593 1691 1655 ingrati
1731 1593 1914 1640 crimen
1982 1595 1993 1647 ἓξ

219 1666 449 1712 excitant.
492 1699 493 1702 η
529 1665 572 1713 si
617 1666 729 1728 illa,
775 1667 966 1728 inquit,
1012 1683 1132 1728 prae
1181 1667 1336 1714 oculis
1385 1682 1484 1714 non
1530 1667 1734 1714 fuerunt
1787 1682 1914 1728 quae
1986 1685 1989 1726 ς

219 1753 330 1785 cum
375 1740 476 1786 tuis
525 1739 754 1788 omnibus
801 1740 1138 1788 benivolentia
1184 1757 1295 1788 mea
1338 1741 1583 1804 largiente
1623 1742 1913 1789 consecutus
1986 1786 1991 1802 <

219 1826 285 1871 es,
325 1813 561 1874 specialia
599 1815 768 1861 tamen
809 1814 975 1862 animo
1013 1815 1102 1861 tuo
1141 1814 1397 1862 inhaerere
1438 1815 1728 1862 debuerant:
1778 1827 1916 1862 amor
1985 1804 1989 1812 Δ

219 1886 409 1934 scilicet
447 1889 636 1947 noster3
678 1891 765 1935 aut
804 1888 862 1936 de
903 1902 992 1936 suo
1025 1889 1130 1936 solo
1164 1888 1292 1936 dixit
1322 1891 1504 1950 noster,
1535 1891 1593 1936 ut
1623 1889 1913 1950 plerumque
1987 1918 1989 1922 ι

218 1959 288 2020 fit,
306 1975 310 1991 ³
330 1976 441 2007 cum
471 1977 598 2009 unus
629 1962 816 2023 plurali
847 1977 1052 2009 numero
1086 1978 1136 2010 se
1169 1963 1406 2024 appellat,
1439 1964 1496 2010 ut
1528 1964 1599 2010 ait
1630 1962 1914 2023 Palaemon,
1986 1973 1989 1996 ³

216 2033 326 2080 cum
376 2035 509 2083 solus
555 2037 688 2083 inter
734 2036 856 2084 duos
904 2035 1148 2084 iudicaret
1195 2031 1326 2103 (buc.
1364 2038 1410 2098 3,
1447 2030 1600 2103 108):
1653 2052 1780 2098 „non
1826 2051 1913 2084 no-

219 2109 374 2159 strum
416 2111 490 2156 est
527 2111 659 2157 inter
696 2126 784 2158 vos
824 2113 993 2158 tantas
1033 2126 1310 2172 conponere
1350 2109 1502 2171 litis“,
1543 2113 1592 2157 et
1629 2110 1722 2158 hoc
1754 2112 1912 2174 magis
1979 2134 1987 2172 '.

217 2181 528 2242 probandum
583 2186 678 2244 est,
733 2185 852 2246 quia
907 2184 1014 2232 sola
1069 2187 1347 2245 amaverat,
1409 2186 1499 2232 aut
1551 2186 1720 2232 noster
1774 2184 1913 2244 dixit,
1982 2241 1987 2250 ἵ

219 2256 291 2302 ιώ
310 2269 461 2303 :amor
513 2259 715 2305 mutuus
769 2257 1022 2305 videretur
1077 2273 1134 2306 ex
1189 2259 1535 2306 coniunctione
1587 2258 1913 2306 intervenisse
1979 2251 1989 2278 ⁴

218 2328 518 2391 perindeque
559 2331 690 2392 quod
730 2333 877 2380 unius
917 2332 1015 2380 fui-t
1054 2332 1243 2380 duobus
1275 2334 1466 2380 factum
1498 2347 1602 2380 esse
1635 2347 1912 2393 commune3
1974 2355 1979 2370 r

217 2417 306 2449 nec
350 2405 400 2450 te
448 2403 567 2452 data
614 2405 816 2453 dextera
863 2406 1132 2467 quondam,
1188 2405 1320 2468 quod
1364 2406 1423 2454 fit
1457 2422 1579 2454 -cum
1630 2407 1912 2454 coniunctio
1964 2449 1980 2471 Δ

216 2477 328 2538 ipsa
358 2476 636 2537 perficitur:
669 2482 835 2540 potest
865 2479 947 2527 hic
979 2481 1030 2527 et
1059 2481 1135 2527 vis
1167 2480 1373 2542 hospitii
1405 2480 1644 2543 intellegi,
1677 2481 1912 2541 quoniam
1960 2473 1970 2482 ”

337 2651 362 2689 3
389 2648 541 2703 posito
571 2647 659 2690 LR
690 2649 786 2691 tibi·
807 2649 878 2692 ed.
1019 2655 1047 2694 4
1078 2655 1188 2694 twnc
1220 2651 1339 2694 enim
1369 2649 1457 2693 LR
1487 2664 1612 2694 nunc
1643 2665 1677 2694 e.
1710 2647 1820 2693 edF.
1832 2643 1854 2646 '⁴
1955 2667 1976 2703 χ

218 2710 267 2748 6
265 2720 476 2762 quaeque
506 2706 594 2750 LR
625 2719 798 2763 quoque
829 2709 899 2752 ed.
1011 2714 1064 2752 12
1097 2709 1309 2766 rependet
1338 2709 1425 2752 LR
1457 2709 1527 2752 ed.
1639 2713 1692 2752 13
1723 2709 1796 2753 Me
1818 2708 1912 2751 LR
1962 2709 1968 2716 '

216 2766 257 2809 is
288 2765 359 2808 ed.
463 2770 516 2808 19
549 2780 659 2821 prae
692 2767 836 2811 oculis
859 2767 946 2810 LR
976 2769 1116 2812 utilia
1141 2768 1210 2812 ed.
1241 2768 1247 2827 Ι
1282 2773 1324 2813 et
1339 2782 1430 2824 pro
1455 2769 1624 2812 levibus
1646 2769 1782 2812 habes
1803 2769 1966 2823 post

215 2825 406 2877 fuerunt
435 2823 652 2881 intel-pol.
680 2825 751 2868 ed.
778 2827 994 2880 (homines
1023 2841 1108 2884 pro
1139 2828 1274 2871 habes
1307 2827 1417 2884 edI).
1523 2831 1578 2870 22
1612 2827 1730 2871 aude
1761 2826 1796 2869 L
1829 2830 1986 2880 aut„

216 2883 271 2926 de
301 2883 343 2925 R
363 2889 458 2927 aut
488 2897 576 2926 om.
603 2883 674 2927 ed.
790 2889 847 2928 24
879 2891 1084 2930 nostrum
1115 2885 1204 2929 LR
1232 2899 1327 2930 ‘non
1359 2899 1652 2954 superem-31.
1761 2889 1817 2928 25
1848 2889 1955 2929 est
1992 2898 1994 2902 ’

216 2943 380 2985 contra
410 2944 610 2986 metrum
642 2942 729 2985 LR
761 2957 847 2986 om.
876 2944 946 2988 ed..
1112 2949 1168 2988 28
1193 2942 1472 3001 perindeque
1502 2945 1643 2989 unius
1674 2943 1774 2987 LR
1791 2933 1971 3002 quod

215 2999 265 3043 in
296 3001 508 3058 margine
540 3001 646 3045 add.
681 3016 704 3044 r
734 3001 934 3046 inseruit
965 3003 1036 3046 ed.
1070 3003 1241 3048 omisso
1277 3017 1372 3060 que.
1995 3026 1998 3031 ·
