2014 3226
665 812 1038 867 AENEIDOS
1078 812 1298 865 LIBER
1339 812 1432 865 III.

345 939 650 986 Narraturus
707 938 976 985 seeundum
1030 936 1239 984 Didonis
1294 938 1686 998 propositionem
1740 939 1893 985 etiam
1979 937 1982 945 ²

198 1028 384 1060 errores
432 1027 545 1060 suos
592 1012 707 1059 inde
753 1013 971 1073 primum
1011 1012 1222 1072 sumpsit
1261 1011 1516 1057 exordium
1554 1012 1682 1058 unde
1722 1027 1892 1059 revera

199 1089 516 1147 convenerat3
548 1102 666 1133 nam
695 1085 926 1134 laborum
958 1085 1063 1133 eius
1097 1087 1247 1146 eaput
1277 1086 1375 1131 fuit
1407 1085 1623 1132 abeundi
1654 1086 1712 1132 de
1743 1085 1893 1133 Troia

198 1162 477 1210 necessitas.
554 1175 713 1222 neque
754 1161 886 1207 enim
926 1175 1090 1206 errare
1127 1174 1217 1220 per
1255 1158 1451 1206 diversa
1489 1161 1756 1220 potuisset,
1795 1160 1894 1206 nisi

197 1237 413 1297 primum
458 1236 652 1296 patriae
700 1250 816 1281 suae
863 1233 1042 1280 finibus
1090 1233 1265 1280 fuisset
1313 1233 1550 1280 exclusus.
1627 1234 1681 1280 in
1730 1234 1889 1294 ipsius
1939 1250 1958 1284 5

197 1311 353 1373 igitur
398 1310 720 1371 profectionis
768 1323 853 1355 seu
900 1307 1237 1370 navigationis
1285 1309 1458 1368 coepto
1504 1309 1626 1368 quot
1665 1307 1891 1354 dolorum
1976 1326 1985 1373 1

199 1384 359 1431 6311515
407 1382 633 1430 adflictus
680 1383 747 1429 sit
794 1384 1079 1442 quantaque
1126 1382 1390 1444 gemuerit,
1445 1381 1563 1428 11661
1613 1381 1790 1428 diffusa
1839 1383 1888 1428 et
1970 1380 1982 1413 ··'

198 1473 406 1519 magna,
454 1472 648 1504 summa
693 1457 859 1503 tamen
901 1454 1147 1502 brevitate
1188 1456 1483 1518 constringit
1521 1471 1618 1502 non
1659 1456 1893 1502 omittens
1961 1453 2001 1524 1)“’

201 1532 351 1579 etiam
399 1532 521 1578 1311116
569 1531 937 1578 excusationem
985 1545 1148 1590 suam,
1199 1544 1297 1590 qua
1342 1529 1449 1576 vult
1499 1544 1603 1576 esse
1642 1528 1895 1576 firmatum
1963 1587 1966 1590 1

201 1621 300 1653 11011
347 1607 453 1652 133111
499 1602 723 1663 Graecis
778 1603 863 1651 sed
917 1603 1012 1650 diis
1067 1602 1442 1650 adversantibus
1498 1605 1547 1650 et
1597 1602 1658 1651 ob
1705 1603 1895 1650 nullam
1919 1621 1974 1654 ιο

201 1679 400 1740 eulpam
438 1680 623 1740 perisse
663 1679 929 1739 imperium
968 1677 1159 1724 Troiae.
1239 1679 1542 1738 quapropter
1578 1677 1757 1738 incipit
1803 1678 1894 1724 516·
1959 1734 1962 1735 ⁷

193 1756 454 1813 postquam
498 1767 576 1800 res
613 1751 768 1799 Asiae
812 1752 1097 1810 Priamique
1143 1754 1349 1799 evertere
1390 1754 1575 1811 yentem
1620 1752 1897 1799 inmeritam
1952 1741 1975 1787 ³}
2000 1755 2001 1758 ’

201 1828 360 1874 visum
404 1828 595 1886 superis
641 1827 896 1885 ceciditque
948 1825 1210 1884 superbum
1255 1825 1293 1871 I
1297 1825 1417 1872 lium
1464 1828 1507 1873 et
1551 1827 1709 1872 omnis
1752 1825 1896 1872 humo
1952 1821 1997 1902 j

203 1902 364 1960 fumat
398 1900 651 1960 Neptunia
691 1901 865 1955 Troia,
913 1899 1108 1947 diversa
1150 1899 1295 1946 exilia
1335 1902 1378 1945 et
1414 1899 1628 1947 desertas
1667 1912 1897 1959 quaerere
1951 1915 1970 1963 3

206 1978 303 2022 ter)
305 1989 362 2022 as
415 1975 641 2034 auyuriis
694 1976 889 2034 ayimur
934 1974 1102 2021 divum
1147 1974 1439 2032 classemque
1490 1974 1579 2020 sub
1632 1975 1745 2033 ipsa
1790 1971 1894 2020 An-
1921 1993 1940 2024 1

204 2050 379 2096 tandro
418 2052 461 2096 et
489 2049 731 2108 Phryyiae
767 2048 997 2095 molimur
1034 2048 1276 2094 montibus
1307 2047 1432 2094 Idae
1462 2049 1635 2095 incerti
1665 2061 1757 2106 quo
1788 2047 1897 2106 fata
1974 2070 1978 2072 *

203 2123 380 2182 ferant,
418 2123 503 2170 ubi
538 2124 705 2170 sistere
743 2122 905 2170 detur:
959 2122 1140 2181 omnia,
1179 2122 1359 2182 inquit,
1397 2120 1449 2167 in
1486 2137 1639 2168 unum
1691 2120 1898 2168 adversa
1981 2171 1986 2186 ἶ

205 2196 554 2256 confluxerant,
586 2199 636 2244 et
676 2211 802 2257 quae
840 2197 1093 2243 transacta
1131 2193 1429 2243 videbantur
1467 2198 1516 2243 et
1557 2210 1686 2256 quae
1722 2198 1891 2256 porta-

204 2269 292 2317 bat
331 2271 552 2330 asperior
590 2271 747 2317 futuri
785 2270 1022 2331 temporis
1062 2283 1195 2331 spes,
1234 2283 1324 2316 1166
1363 2269 1462 2316 fuit
1501 2268 1634 2330 quod
1673 2268 1896 2316 consola-

203 2346 341 2391 retur
370 2345 656 2405 praeterita‚
688 2343 886 2405 quando
925 2343 1207 2390 futurorum
1248 2358 1443 2404 quoque
1481 2344 1751 2390 inmanitas
1791 2357 1894 2390 536-

204 2417 386 2466 viebat.
464 2418 606 2478 ponit
644 2434 762 2480 ergo
800 2417 1074 2479 praeterita
1113 2417 1351 2478 quattuor
1389 2419 1438 2464 et
1476 2417 1645 2464 futura
1686 2416 1895 2463 totidem

205 2492 348 2554 paria
402 2491 482 2538 vel
537 2491 782 2539 deteriora
836 2492 1154 2538 constituens.
1247 2491 1519 2552 praeterita
1581 2493 1695 2538 sunt
1756 2489 1899 2538 haee:

205 2566 474 2627 postquam
517 2580 596 2612 res
634 2564 800 2625 Asiae,
845 2564 938 2613 hoc
985 2566 1060 2612 est
1104 2566 1218 2626 post
1263 2565 1524 2611 interitum
1562 2564 1757 2612 Iliensis
1803 2564 1896 2611 im-

206 2639 348 2701 perii,
378 2637 664 2700 Priamique
698 2640 915 2686 evertere
948 2641 1147 2701 gentem
1180 2639 1468 2686 inmeritam
1498 2639 1661 2686 visum
1691 2638 1896 2698 superis.

207 2713 509 2760 mentionem
539 2713 663 2759 facit
687 2713 849 2774 gentis
872 2711 1076 2772 Priami,
1102 2711 1243 2774 quasi
1276 2712 1383 2760 sola
1411 2713 1622 2773 perisset
1652 2712 1706 2758 in
1730 2711 1894 2759 Troia.

329 2872 354 2912 6
387 2867 507 2924 quod
537 2866 624 2910 LR
654 2870 762 2923 quot
791 2881 814 2909 r
845 2866 916 2909 ed.
1035 2870 1089 2910 10
1122 2871 1216 2911 tam
1247 2866 1333 2909 LR
1364 2871 1544 2911 tantum
1575 2866 1647 2910 ed.
1677 2870 1683 2922 Ι
1720 2866 1900 2911 nullam

207 2926 431 3031 ‹Iiilgameliuls
467 2932 551 2971 aut
588 2939 774 2970 suorwm
814 2925 920 2969 add.
954 2925 1025 2969 ed.
1181 2930 1234 2970 15
1268 2926 1423 2984 ayitur
1453 2926 1561 2970 dum
1594 2925 1680 2968 LR
1718 2925 1900 2993 agimur
