2014 3226
736 210 1040 254 AENEIDOS
1073 210 1093 252 I
1691 212 1761 262 83

62 368 155 413 pn·
203 353 340 399 auris
389 351 564 398 Troiae
616 366 783 398 nomme
841 351 914 410 iit)
968 351 1159 398 diversa
1202 365 1296 410 per
1346 365 1558 409 aequora
1610 355 1760 398 vectos

72 429 190 486 forte
242 440 334 473 sua
379 425 577 486 Libycis
628 428 880 484 tempestas
932 425 1122 483 adpulit
1173 426 1294 472 oris:
1357 440 1464 472 ecce
1517 425 1759 472 secundae

71 499 444 563 interrogationi
485 499 741 546 satisfecit.
806 498 1024 546 ostendit
1063 499 1194 546 enim
1234 515 1292 546 ex
1325 515 1423 560 qua
1453 500 1596 559 parte
1628 499 1758 546 orbis

70 574 336 622 venissent:
376 589 479 633 nos,
519 574 699 634 inquit,
739 589 768 619 a
809 573 957 620 Troia
997 588 1176 620 sumus.
1256 572 1377 619 dicit
1417 575 1466 619 et
1505 573 1608 620 eius
1652 573 1758 619 lau-

0 666 47 698 ¹5
71 650 199 708 dem,
248 647 475 709 antiqua,
522 647 708 708 inquit,
757 663 907 708 quam
954 646 1196 694 credimus
1236 650 1284 693 te
1326 646 1555 707 opinione
1595 662 1758 707 nosse3

0 716 1 735 ³
71 737 246 784 magna
286 723 417 768 enim
455 737 664 784 magnae
706 723 821 768 sunt
861 721 1108 782 opinionis
1148 720 1447 782 perindeque
1484 722 1620 768 fama
1653 736 1758 768 cur-

69 799 203 844 rente
235 796 462 843 omnibus
495 798 628 844 nota.
685 797 735 843 et
765 795 881 843 licet
914 796 1031 842 anni
1063 794 1208 841 unius
1241 795 1759 843 commemorationem

69 870 313 933 professus
362 871 427 916 sit
472 871 670 916 tantum
716 869 868 916 fuisse
916 869 1183 930 prolixam,
1229 871 1286 915 ut
1332 871 1468 916 totus
1508 868 1610 916 dies
1651 885 1758 916 eam

70 942 310 1005 conplecti
347 959 444 990 non
485 946 666 1004 posset,
705 946 873 990 tamen
913 958 1030 989 usus
1071 942 1363 989 admiranda
1403 943 1646 991 brevitate
1687 944 1757 990 la-

19 1034 49 1067 .o
70 1018 206 1066 bores
259 1018 409 1065 semel
465 1017 683 1064 omnium
740 1017 981 1065 conclusit
1035 1032 1302 1077 annorum3
1366 1017 1572 1064 dicendo
1628 1017 1758 1064 enim

71 1091 370 1139 discedentes
417 1091 476 1138 de
522 1091 750 1139 litoribus
798 1092 976 1139 Troiae
1030 1092 1202 1153 tetigit
1254 1091 1467 1151 primam
1520 1092 1757 1153 temporis

67 1169 271 1228 partem,
311 1165 505 1212 diversa
544 1181 633 1227 per
673 1181 892 1227 aequora
931 1167 1098 1213 vectos
1137 1165 1308 1227 tetigit
1346 1165 1581 1225 mediam,
1630 1165 1756 1212 forte

69 1255 154 1286 sua
184 1238 383 1300 Libycis
415 1242 686 1301 tempestas
728 1239 922 1300 adpulit
959 1240 1056 1287 oris
1089 1239 1251 1286 tenuit
1281 1241 1598 1301 postremam,
1632 1255 1757 1300 quae

68 1315 163 1361 fuit
192 1315 243 1360 111
275 1316 537 1374 praesenti.
603 1314 752 1361 simul
785 1313 1003 1362 ostendit
1043 1313 1175 1374 quod
1213 1313 1452 1360 violentia
1492 1316 1756 1374 tempesta-

27 1403 47 1438 ⁵
68 1391 172 1435 tum
226 1390 274 1435 et
327 1387 565 1435 fluctuum
619 1390 671 1434 in
725 1388 866 1435 illam
918 1386 1237 1434 solitudinem
1283 1388 1458 1434 fuisset
1506 1387 1755 1448 adpulsus.

69 1463 118 1510 et
155 1461 284 1523 quod
324 1461 449 1508 dixit
486 1461 687 1523 Libycis
727 1464 999 1523 tempestas
1040 1461 1236 1523 adpulit
1275 1461 1387 1523 oris,
1419 1461 1533 1508 hinc
1573 1477 1757 1524 gnarus

67 1534 283 1596 effectus,
330 1537 448 1597 quia
496 1535 702 1584 Veneris
750 1535 913 1583 verbis
962 1536 1156 1583 audivit
1202 1535 1318 1597 „sed
1367 1535 1488 1583 fines
1535 1534 1754 1597 Libyci“.

67 1609 186 1657 dicit
222 1611 323 1657 iam
363 1611 449 1671 qui
489 1610 555 1657 sit
594 1611 699 1672 ipse
740 1611 825 1671 qui
865 1609 1186 1671 loquebatur:
1241 1624 1350 1657 sum
1387 1610 1507 1668 pius
1545 1607 1755 1665 Aeneas,

66 1686 116 1730 'et
159 1684 274 1745 quia
321 1699 429 1731 cum
478 1685 570 1731 dea
617 1700 667 1732 se
708 1684 1050 1732 arbitrabatur
1087 1684 1249 1745 loqui,
1298 1683 1608 1731 commendat
1645 1699 1754 1745 per-

32 1771 234 1806 )sonam
283 1773 425 1806 suam
480 1758 685 1806 dicendo
735 1761 903 1818 raptos
952 1760 1035 1818 qui
1088 1773 1143 1806 ea:
1191 1758 1321 1804 hoste
1360 1760 1559 1817 penatis
1605 1759 1755 1805 classe

40 1831 176 1879 ’66110
211 1846 416 1887 meeum,
464 1835 522 1880 ut
568 1831 849 1881 ostenderet
895 1833 947 1879 in
987 1831 1175 1879 excidio
1214 1833 1408 1893 patriae
1446 1831 1540 1880 hoc
1579 1846 1629 1879 36
1667 1832 1753 1878 116-

47 1903 222 1958 ;11111336
260 1908 582 1968 praecipuum
623 1905 755 1968 quod
795 1909 911 1954 ante
953 1906 1051 1953 6116
1098 1905 1347 1953 liberaret.
1423 1907 1563 1965 fama
1608 1920 1755 1966 super

57 1979 253 2032 >aethera
306 1984 460 2028 not-us.
545 1981 731 2028 famam
786 1980 945 2028 medie
1000 1980 1168 2042 posuit
1221 1995 1319 2028 non
1368 1979 1623 2028 evidenter
1669 1980 1752 2027 ad—

43 2053 260 2118 signans
307 2055 446 2116 quali
491 2055 649 2116 fama,
697 2054 934 2117 quoniam
972 2054 1120 2101 multi
1158 2055 1311 2101 etiam
1350 2069 1407 2102 ex
1446 2054 1579 2102 mala
1617 2054 1754 2102 fama

40 2114 171 2175 stanti
215 2130 341 2176 sunt.
422 2129 560 2190 quali
605 2130 773 2176 tamen
819 2128 955 2176 fama
1002 2130 1150 2176 notus
1203 2129 1356 2176 fuerit
1399 2127 1592 2176 Aeneas
1646 2129 1752 2190 ipse

49 2184 310 2265 {Vergilius
358 2203 457 2251 alio
509 2217 686 2266 genere
742 2203 1124 2262 demonstravit3
1187 2202 1314 2249 dixit
1363 2203 1494 2249 enim
1545 2217 1596 2250 36
1647 2217 1751 2251 6336

49 2323 58 2332 ,,
96 2274 200 2322 111111
230 2278 280 2323 et
308 2276 597 2340 religiosum
628 2278 770 2324 iuxta
809 2276 939 2325 deos.
1001 2277 1138 2324 fama
1169 2291 1317 2338 super
1348 2276 1550 2325 aethera
1581 2278 1752 2324 notus:

209 2349 475 2411 laboribuS‚
512 2352 694 2413 inquit,
736 2353 786 2398 et
814 2350 1036 2399 moribus
1066 2351 1189 2398 meis
1220 2352 1368 2398 notus
1399 2350 1562 2398 factus
1595 2364 1751 2398 essem

52 2457 53 2460 =
117 2423 171 2471 to
208 2423 327 2486 orbi,
366 2425 502 2472 fama
539 2425 755 2474 nominis
789 2426 887 2472 mei
919 2424 1024 2472 sine
1054 2424 1150 2471 fine
1182 2423 1474 2484 discurrens,
1506 2439 1618 2471 cum
1647 2425 1746 2472 iam

180 2611 208 2650 4
240 2623 270 2651 a
300 2611 419 2654 troia
450 2624 607 2654 sumus
630 2608 716 2653 LR
742 2610 939 2666 profecti
961 2609 1159 2653 inseruit
1182 2608 1252 2652 ed.
1348 2612 1374 2651 5
1405 2622 1584 2652 noscere
1616 2606 1688 2651 ed.

122 2669 300 2711 tantum
323 2666 410 2710 LR
433 2673 526 2713 tam
550 2669 622 2713 ed.
717 2673 772 2712 10
802 2670 934 2714 semel
957 2668 1044 2712 LR
1066 2668 1204 2713 simul
1227 2667 1298 2711 ed.
1395 2672 1446 2711 11
1481 2667 1748 2711 discedendo

95 2775 98 2777 Α
127 2725 133 2779 ζ
226 2729 281 2769 12
307 2726 553 2772 diversa—
570 2731 625 2771 16
649 2729 772 2772 dixit
795 2742 883 2772 om.
909 2729 1026 2783 forte
1054 2741 1143 2772 sua
1173 2726 1420 2770 substituit
1443 2726 1514 2770 ed.
1609 2729 1663 2769 15
1695 2726 1749 2768 in

175 2784 418 2831 solitudine
447 2785 546 2830 LR.
641 2791 695 2831 16
726 2787 834 2831 hinc
855 2801 1032 2845 ymarus
1053 2787 1088 2830 L
1120 2788 1139 2830 i
1159 2799 1337 2844 ymarus
1358 2784 1401 2828 R
1426 2786 1532 2830 hinc
1553 2785 1749 2842 iq‘nams

108 2840 180 2888 etl.
202 2843 328 2888 haud
350 2846 542 2903 iqnarus
563 2845 615 2889 τ’.
711 2849 765 2890 18
798 2847 1014 2903 loquatur
1043 2845 1114 2890 ed.
1207 2848 1264 2889 22
1295 2845 1395 2889 alia
1416 2842 1505 2887 LR
1533 2858 1576 2888 a.
1602 2857 1748 2900 pena-

92 2904 114 2950 s
157 2899 227 2945 ed.
317 2908 372 2947 23
403 2905 578 2950 mediae
599 2904 687 2948 LR·
717 2918 831 2949 corr.
866 2905 937 2949 ed.
967 2906 973 2961 Ι
1000 2918 1094 2949 non
1125 2918 1213 2948 om.
1240 2903 1310 2948 ed.
1403 2906 1461 2946 24
1493 2903 1645 2959 qualis
1673 2902 1744 2946 ed.

100 2962 101 2972 ¹
152 2963 209 3004 26
238 2965 389 3007 tamen
418 2963 500 3006 L-R
534 2969 684 3008 autem
714 2964 787 3008 ed.
932 2968 987 3007 26
1019 2977 1110 3008 6666
1140 2962 1229 3007 LR
1259 2962 1330 3007 ed.
1361 2976 1408 3007 66
1437 2975 1527 3006 6666
1555 2964 1655 3006 nos:
1699 2992 1703 2994 v

157 3022 248 3064 toto
277 3022 377 3066 orbi
405 3021 492 3065 LR
523 3022 603 3067 edI
637 3027 732 3075 toto
770 3023 874 3068 orbe
905 3036 930 3066 1·
962 3024 1051 3068 toti
1086 3023 1187 3068 orbi
1216 3021 1334 3077 eds,
1370 3020 1454 3065 sed-
1484 3019 1541 3065 cf.
1576 3025 1618 3076 9,
1642 3023 1744 3064 435.

1330 3094 1392 3139 6*
