2014 3226
747 153 1048 199 AENEIDOS
1080 155 1143 198 IV
1689 160 1792 212 397

108 293 208 340 alio
247 293 355 342 loco
396 285 470 358 (3,
504 285 597 357 83)
639 293 710 341 ait
750 295 896 353 poeta
936 295 1215 357 „iungimus
1256 296 1472 357 hospitio
1513 297 1709 346 dextras
1750 307 1794 346 et

107 369 239 414 tecta
301 364 572 425 subimus“3
634 367 957 414 novissimum
1020 370 1401 417 commovendae
1464 373 1795 419 miserationis

108 455 258 488 causa
302 441 470 501 posuit
515 441 771 487 interitum
822 455 964 487 suum
1005 441 1169 489 dicens
1226 460 1312 490 nec
1367 446 1608 492 moritura
1662 450 1797 494 tenet

108 514 295 562 crudeli
347 514 520 560 sunere
575 513 727 560 Dido:
798 529 886 561 nec
941 515 1173 578 cogitasti
1226 519 1595 581 navigationem
1658 523 1796 566 tuam

62 606 82 637 5
108 587 355 635 crudelem
387 589 671 634 secuturum
703 588 983 635 interitum:
1015 590 1265 650 praedixit
1295 593 1347 638 in
1379 592 1556 639 ultimo
1588 596 1797 642 mortem

107 677 247 710 suam
296 662 447 708 etiam
494 662 659 722 ipsum
709 677 875 708 amare
923 663 1210 711 existimans
1259 668 1308 711 et
1357 682 1411 712 ex
1460 682 1516 713 eo
1563 667 1695 714 flecti
1744 669 1796 714 in

106 734 496 783 misericordiam
549 750 708 796 posse.
786 736 904 794 quin
958 738 1101 784 etlam
1154 738 1350 786 hiberno
1404 740 1591 787 moliris
1642 742 1797 789 sidere

106 810 308 857 classem
362 813 404 857 et
455 810 626 856 mediis
678 823 922 869 properas
985 812 1291 870 aquilonibus
1346 815 1416 860 ire
1459 828 1555 873 per
1614 815 1885 870 altum-,310

107 883 351 931 erudelis?
427 882 512 931 sed
550 899 657 943 cur,
701 883 892 943 inquit,
939 883 1151 932 arbitrer
1189 888 1238 933 te
1278 886 1465 934 moveri
1503 902 1644 948 posse
1684 904 1795 936 con-

42 974 83 1007 ιο
106 957 430 1019 templatione
469 957 647 1005 salutis
686 973 839 1016 meae,
872 957 1070 1018 quando
1109 961 1247 1006 tuam
1289 976 1481 1021 quoque
1521 962 1796 1022 perniciosa

107 1031 441 1079 obstinatione
480 1031 768 1091 contemnis,
802 1034 858 1078 ut
897 1032 1079 1079 eiectus
1119 1033 1381 1096 naufragio
1420 1036 1473 1081 in
1511 1035 1600 1083 has
1639 1038 1796 1083 terras

107 1104 229 1166 quid
282 1107 625 1166 tempestates,
689 1103 810 1166 quid
862 1105 1048 1153 hiemes
1104 1109 1154 1154 et
1209 1107 1327 1168 quid
1382 1108 1543 1155 sidera
1596 1110 1797 1157 valeant

107 1181 443 1240 quantamque
466 1179 731 1240 perniciem
758 1179 922 1226 ferant
956 1181 1120 1228 animo
1151 1182 1439 1229 recordante
1471 1198 1568 1229 non
1601 1186 1797 1242 tractes,

31 1316 38 1321 -
106 1253 297 1301 scilicet
334 1254 530 1301 tantam
570 1252 917 1300 crudelitatem
953 1254 1226 1315 professus,
1274 1258 1329 1302 ut
1371 1255 1627 1317 utriusque
1666 1256 1796 1304 salu-

39 1344 82 1380 15
106 1330 205 1374 tem
247 1326 456 1386 diverso,
496 1326 581 1374 sed
620 1329 789 1374 tamen
829 1327 1111 1375 detestabili
1153 1344 1330 1392 genere
1369 1330 1517 1377 simul
1555 1330 1677 1378 velis
1718 1347 1796 1378 ex-

106 1399 306 1464 tingui?
364 1416 474 1449 ecce
507 1401 721 1449 amantis
753 1403 1021 1463 permotio:
1060 1403 1179 1450 licet
1216 1403 1353 1451 laesa
1391 1403 1795 1464 dispositionibus

105 1475 321 1524 inimicis
368 1477 536 1523 tamen
583 1474 802 1523 ostendit
847 1491 898 1524 se
946 1478 996 1523 et
1040 1492 1130 1537 pro
1177 1477 1334 1538 ipsius
1374 1477 1571 1525 Aeneae
1609 1478 1796 1525 incolu-

105 1549 281 1597 mitate
336 1551 630 1611 suspectam.
714 1550 833 1610 quid
885 1551 930 1597 si
981 1565 1081 1597 non
1134 1566 1258 1598 arva
1320 1551 1482 1598 aliena
1544 1551 1798 1611 domosque

105 1625 296 1683 ignotas
332 1624 554 1683 peteres?
631 1623 812 1672 evadas
858 1623 978 1672 licet
1022 1626 1258 1685 temporis
1305 1625 1568 1687 pelagique
1611 1626 1797 1673 violen-

38 1713 83 1747 ιο
105 1696 252 1758 tiam,
301 1697 425 1759 quid
469 1713 638 1759 speras
678 1699 927 1758 futurum,
971 1713 1082 1745 cum
1121 1698 1282 1746 aliena
1322 1714 1439 1746 rura
1476 1701 1797 1760 temptaveris

106 1773 157 1819 et
218 1787 331 1820 cum
391 1771 455 1819 ad
515 1787 670 1821 novos
730 1771 954 1820 homines
1014 1770 1240 1821 veneris?
1318 1774 1427 1834 quis
1488 1774 1797 1835 incognitum

106 1843 302 1894 sumet?
338 1846 432 1894 hoc
463 1847 539 1894 est
569 1845 732 1894 dicere
762 1845 1086 1908 decepturum
1116 1848 1191 1895 est
1220 1849 1269 1894 te
1302 1847 1580 1908 exemplum
1618 1863 1798 1906 meum,

105 1918 225 1968 dum
272 1919 523 1968 existimas
571 1919 731 1968 omnis
779 1935 883 1968 esse
920 1919 1175 1968 benivolos
1215 1919 1279 1967 ad
1317 1935 1650 1982 quoscumque
1688 1937 1798 1982 per—

105 1993 312 2043 veneris.
396 1994 520 2044 haeo
579 1994 787 2043 dicendo
850 1994 1039 2042 occulte
1098 1993 1366 2055 persuadet
1425 2009 1486 2042 ne
1547 1994 1798 2056 relinquat

38 2083 83 2118 25
105 2070 248 2129 nota,
290 2083 352 2116 ne
390 2067 587 2116 deserat
633 2070 790 2130 certa,
837 2084 898 2116 ne
945 2070 1226 2130 susceptam
1265 2066 1581 2131 Carthaginis
1628 2068 1796 2116 amici-

106 2142 231 2190 tiam
281 2142 460 2206 fugiat.
538 2142 660 2204 quid
705 2143 749 2190 si
790 2157 888 2190 non
929 2157 1048 2190 arva
1088 2142 1252 2190 aliena
1290 2141 1559 2203 domosque
1597 2143 1796 2204 ignotas

29 2252 33 2253 γ
105 2217 300 2278 peteres
347 2219 390 2264 et
429 2215 579 2265 Troia
625 2218 832 2276 antiqua
867 2219 1115 2264 maneret?
1191 2214 1312 2277 quid
1357 2216 1564 2275 faceres,
1617 2217 1798 2277 inquit,

67 2332 69 2334 ,
107 2290 151 2339 si
212 2291 368 2339 staret
421 2290 572 2339 Troia
634 2292 722 2339 aut
783 2289 847 2338 ad
907 2290 1051 2338 notos
1111 2290 1184 2337 ire
1246 2287 1564 2351 disponeres?
1626 2304 1799 2339 secura

24 2381 34 2422 ;;
107 2363 328 2423 dicebat,
367 2363 485 2426 quia
523 2379 613 2414 nec
651 2363 804 2412 Troia
842 2363 1010 2412 stabat
1047 2378 1135 2411 nec
1173 2362 1318 2412 illum
1357 2363 1539 2425 aliquis
1576 2366 1795 2411 noverat.

110 2437 262 2486 Troia
297 2453 392 2498 per
436 2438 680 2486 undosum
715 2440 960 2498 peteretur
1001 2436 1237 2485 classibus
1274 2450 1476 2497 aequor:
1527 2451 1796 2499 properans

106 2512 276 2560 forsan
314 2511 612 2578 reprehendi
646 2527 746 2560 non
784 2527 968 2574 posses,
999 2511 1044 2559 si
1082 2526 1194 2559 cum
1231 2511 1453 2573 periculo
1491 2510 1609 2558 licet
1637 2509 1796 2566 redire

227 2672 254 2712 6
284 2667 435 2724 ipsum
465 2667 554 2713 LR
583 2668 678 2724 ipsi
706 2667 816 2714 edF.
845 2668 852 2723 Ι
879 2680 935 2712 ex
964 2679 1014 2711 eo
1043 2665 1131 2710 LR
1160 2671 1202 2710 et
1231 2681 1288 2711 ex
1317 2679 1366 2710 eo
1397 2665 1470 2710 ed.
1589 2668 1645 2709 10
1674 2677 1796 2710 meae

107 2739 197 2773 om.
222 2725 294 2770 ed.
389 2730 442 2770 12
473 2728 639 2773 hiemes
666 2725 751 2774 LR
783 2726 923 2770 hiems
953 2724 1063 2770 edF.
1157 2728 1214 2770 20
1244 2725 1354 2770 ἑυνα
1384 2723 1471 2768 LR·
1499 2737 1615 2768 rura
1645 2737 1669 2768 r
1697 2721 1795 2766 edF

106 2784 389 2887 {explicatur
417 2787 562 2843 arva).
667 2790 735 2830 26-
756 2785 941 2842 quid—
959 2788 1015 2828 27
1041 2788 1215 2840 peteres
1243 2797 1332 2829 om.
1358 2782 1430 2829 ed.
1539 2786 1594 2826 27
1625 2783 1796 2836 faceres

151 2842 194 2888 R
217 2844 290 2888 ed.
313 2845 536 2899 faceram?
635 2849 703 2893 30,
729 2844 870 2894 Troia
878 2868 941 2886 .—
957 2856 1127 2899 aequor
1155 2842 1392 2907 Dora-non
1421 2855 1506 2898 pro
1535 2841 1793 2908 interrogo·

106 2902 244 2950 tione.
268 2903 480 2960 accipere
497 2903 708 2952 videtur.
831 2906 886 2946 31
911 2915 1045 2959 posse
1073 2902 1118 2948 ei
1146 2900 1205 2956 L,
1248 2901 1331 2949 sed
1361 2899 1412 2945 in
1442 2913 1597 2957 ponec
1624 2913 1665 2945 ει
1695 2912 1798 2943 cmm.

105 2963 300 3007 rectum·
315 2962 503 3007 videtur
529 2975 674 3007 manu
704 2961 760 3007 Π.
788 2964 795 3019 Ι
830 2962 932 3007 licet
960 2960 1048 3005 LR.
1077 2961 1146 3006 vel
1174 2961 1239 3006 ad
1268 2965 1350 3006 tua
1380 2958 1455 3004 ed.
1652 2982 1658 2986 -
