2014 3226
131 302 382 347 Romulia
431 314 575 358 super
615 299 814 344 Pria-mo
855 298 1090 357 roqitans.
1131 310 1278 354 super
1316 297 1521 343 Hectore
1559 296 1735 350 multa,
1774 311 1904 343 nunc

133 1039 215 1077 755
230 1049 463 1093 casusque
494 1039 686 1081 tuorum
719 1049 993 1094 erroresque
1024 1037 1142 1082 tuos.
1190 1034 1354 1082 brevis
1388 1034 1585 1096 quidem
1618 1034 1906 1096 propositio,

222 161 326 212 144
683 157 913 200 DONATI
943 155 1221 200 INTERPR.
1255 155 1433 199 VERG.

219 375 389 434 quibus
421 372 647 419 Aurorae
684 373 886 417 vene'sset
924 371 1058 428 filius
1092 372 1258 425 armis,
1291 385 1421 417 nunc
1453 370 1620 428 quales
1652 370 1904 418 Diomedis

219 449 347 506 equi.
398 461 527 493 mmo
573 448 783 504 quantus
831 443 1054 491 Achilles.
1133 443 1375 504 superflue
1425 458 1550 504 quae
1602 446 1809 490 noverat
1856 447 1904 491 et
1951 480 1966 502 ,

218 523 351 582 pieta
391 519 566 566 habuit
604 517 907 580 requirebat:
949 518 1091 579 quasi
1131 517 1286 579 igitur
1321 516 1605 564 summatim
1639 520 1687 564 et
1719 518 1904 578 specia-

219 595 408 640 litatem
447 596 667 639 temnens
706 592 826 638 haeo
865 592 1058 638 inmisit
1096 606 1298 652 sperans
1340 605 1421 638 eas
1469 590 1664 638 fabulas
1710 593 1905 638 tantam
1951 607 1971 640 5

219 683 404 714 moram
444 682 615 727 parere
654 667 873 726 potuisse
914 666 1103 726 quanta
1142 663 1419 711 sufficiebat
1459 663 1505 711 ei
1537 666 1675 712 ouius
1709 666 1904 712 animus

219 741 276 786 de
311 741 504 786 Aeneae
543 739 825 801 praesentia
865 739 1040 786 satiari
1079 755 1178 785 non
1208 741 1420 800 poterat.
1476 739 1668 785 interea
1701 738 1763 786 ad
1792 754 1904 800 pro-

219 814 485 860 curandum
517 814 752 875 temporis
785 816 1001 860 tractum
1042 812 1104 859 ad
1144 812 1525 875 generalitatem
1566 828 1760 875 quoque
1800 827 1904 861 sese

219 889 461 934 convertit
508 890 555 934 et
602 902 692 934 usa
740 885 1213 950 interrogationibus
1253 887 1394 934 novis
1437 886 1507 934 ait
1552 888 1698 934 immo
1740 901 1826 947 aye
1865 890 1910 935 et

219 977 246 1007 a
282 963 446 1020 prima
488 961 578 1016 dic,
609 962 791 1020 hospeS,
823 962 1008 1020 origine
1038 959 1177 1008 nobis
1207 961 1433 1016 insidia&
1464 961 1634 1019 inquit,
1666 961 1908 1008 Danaum
1932 977 1974 1010 ιο

218 1108 298 1155 sed
325 1124 448 1169 quae
474 1124 571 1155 non
603 1108 801 1155 brevem
832 1109 1167 1156 narrationem
1201 1108 1376 1156 fuisset
1406 1108 1651 1156 habitura.
1706 1124 1906 1171 respon-

217 1182 358 1228 detur
396 1197 511 1245 ergo
550 1183 724 1244 primis
758 1182 946 1230 duabus
979 1182 1400 1244 propositionibus
1433 1185 1484 1230 in
1519 1183 1731 1231 seeundo
1763 1183 1906 1246 libro,

214 1256 391 1302 tertiae
425 1258 589 1303 autem
621 1258 672 1303 in
705 1257 867 1304 tertio.
938 1273 1054 1304 nam
1092 1258 1146 1303 in
1186 1257 1398 1305 seeundo
1438 1256 1645 1306 insidias
1678 1257 1908 1304 Danaum

217 1331 266 1376 et
305 1345 502 1377 suorum
542 1345 682 1378 casus
724 1333 955 1378 executus
997 1333 1084 1391 est,
1122 1331 1176 1377 in
1214 1332 1364 1379 tertio
1406 1347 1521 1379 vero
1563 1346 1750 1379 errores
1791 1346 1905 1380 suos
1931 1347 1993 1380 15Ἰ

218 1403 515 1465 numeravit,
562 1404 679 1452 lieet
726 1406 778 1452 in
824 1407 973 1452 tertio
1020 1406 1129 1466 ipso
1171 1405 1323 1452 etiam
1363 1420 1504 1453 casus
1545 1421 1746 1454 suorum
1786 1422 1905 1454 non-

216 1476 377 1524 nullos
426 1476 694 1540 addiderit,
743 1494 852 1526 oum
899 1479 958 1526 de
998 1477 1269 1540 Polydoro,
1309 1478 1369 1526 de
1408 1479 1616 1541 perditis
1655 1479 1754 1527 luis
1794 1495 1906 1527 oon-

215 1552 415 1613 tagione
456 1553 602 1599 sociis
643 1555 693 1600 et
732 1553 790 1600 de
831 1553 1011 1602 amisso
1042 1554 1184 1614 patre
1217 1553 1411 1601 loeutus
1443 1553 1684 1615 proditur.
1743 1553 1906 1602 novis-

216 1626 336 1671 sime
375 1627 542 1686 posuit
579 1642 696 1674 nam
736 1631 777 1675 te
815 1629 917 1674 iam
955 1628 1158 1687 septima
1196 1630 1358 1687 portat
1400 1628 1624 1675 omnibus
1668 1630 1908 1678 errantem

217 1700 357 1746 terris
403 1702 446 1746 et
481 1701 706 1758 fluctibus
745 1704 926 1757 aestaS,
975 1702 1033 1748 ut
1069 1700 1264 1749 Aeneas
1310 1701 1625 1766 intellegeret
1671 1705 1720 1750 et
1765 1704 1907 1765 gesta
1931 1717 1976 1750 so

216 1772 269 1818 in
307 1772 456 1820 Troia
497 1776 545 1820 et
583 1778 771 1837 septem
811 1791 1054 1823 annorum
1094 1790 1292 1824 cursum
1325 1775 1421 1824 sibi
1452 1791 1558 1824 esse
1589 1776 1905 1824 narrandum.

336 1933 360 1970 2
395 1943 565 1974 aurora
596 1930 682 1974 LR
713 1945 811 1975 —rae
840 1945 875 1974 r.
920 1931 926 1990 Ι
977 1932 1128 1988 qualis
1157 1931 1256 1975 LR.
1381 1936 1407 1974 4
1439 1945 1555 1988 quae
1584 1934 1628 1976 si
1657 1931 1743 1974 LR
1774 1933 1909 1988 quasi

218 2001 240 2028 r
271 2001 353 2030 nos
386 2002 499 2044 quae
531 1989 601 2032 ed.
632 1994 637 2044 Ι
664 1992 923 2034 summatim
955 1996 997 2034 et
1027 1991 1114 2034 LR
1142 2004 1177 2035 s.
1207 2005 1263 2035 ex
1293 2005 1316 2034 r
1346 2005 1569 2035 summam
1598 1992 1796 2036 retinent
1827 1990 1907 2034 ab·

219 2046 355 2089 surde
388 2047 458 2090 ed.
518 2050 523 2103 Ι
579 2049 902 2104 specialitatem
933 2050 968 2092 L
1000 2051 1281 2106 specialitate
1313 2064 1418 2095 cum
1447 2063 1612 2095 rasura
1643 2063 1783 2107 super
1812 2063 1836 2094 e
1865 2050 1908 2094 R

218 2104 372 2159 (huius
405 2109 568 2150 auctor
598 2122 621 2150 r
651 2108 836 2152 videtur
864 2111 1057 2166 propter
1087 2112 1172 2166 ex).
1265 2114 1292 2153 5
1325 2114 1479 2154 tenens
1501 2109 1589 2153 LR
1612 2109 1683 2153 ed.
1709 2115 1908 2154 temnens

218 2176 322 2207 nos:
371 2167 575 2209 ceterum
615 2167 739 2222 quod
781 2168 841 2211 ad
879 2168 1240 2224 generalitatem
1278 2168 1479 2213 transire
1510 2168 1743 2214 Didonem
1774 2168 1906 2223 «ficit,

217 2235 377 2267 vereor
407 2238 466 2268 ne
496 2225 582 2268 illa
611 2227 768 2282 potius
801 2227 1070 2283 specialitas
1104 2228 1178 2271 sit.
1343 2233 1367 2271 9
1402 2242 1488 2273 usa
1519 2228 1606 2271 LR
1637 2242 1742 2272 orsa
1773 2227 1845 2271 ed.

222 2285 272 2324 11
305 2296 554 2340 causasque
585 2285 655 2328 ed.
691 2299 803 2329 corr.
838 2286 908 2330 ed.
938 2289 1058 2343 post.
1156 2291 1209 2331 13
1235 2288 1374 2344 prius
1403 2286 1446 2330 R.
1473 2288 1639 2343 primis
1668 2302 1692 2331 r
1715 2309 1772 2324 =
1796 2287 1844 2330 L.

221 2344 275 2383 16
306 2343 402 2397 ipse
432 2343 502 2386 ed.
634 2348 687 2387 17
721 2346 774 2388 de
806 2345 891 2389 LR
921 2351 962 2390 et
993 2347 1048 2391 de
1079 2346 1150 2390 ed.
1283 2350 1338 2390 18
1370 2347 1551 2392 orditum
1581 2346 1668 2390 LR
1699 2346 1769 2390 ed.
1797 2359 1905 2402 pro-

217 2399 346 2444 ditm
374 2414 471 2446 nos„
498 2428 554 2434 —
586 2403 865 2460 subscriptio
898 2405 1030 2450 deest
1060 2405 1110 2449 in
1141 2405 1191 2460 L,
1229 2406 1311 2451 sed
1343 2406 1550 2463 spatium
1579 2405 1810 2451 relietum.
1857 2405 1907 2448 in
1974 2414 1977 2420 ’

218 2457 279 2502 R:
329 2460 440 2504 liber
465 2462 646 2517 primus
675 2464 874 2519 eaeplicit,
906 2466 1007 2508 tum
1037 2464 1088 2508 in
1120 2477 1247 2521 sequ.
1281 2478 1412 2522 pag:
1466 2466 1640 2510 Tiberii
1670 2491 1725 2497 -—
1759 2491 1817 2497 ——
1852 2491 1905 2497 —
1975 2483 1977 2485 ·

218 2517 331 2562 liber
361 2521 584 2565 secundus
613 2521 790 2578 incipit.
1971 2545 1977 2554 *
