2014 3226
218 173 326 225 206
686 171 916 214 DONATI
945 170 1225 214 INTERPR.
1258 170 1436 215 VERG.

218 314 254 359 I
260 315 373 360 {iaci
412 314 593 359 cineres
634 315 677 358 ct
713 313 916 368 flamma
956 314 1165 358 eoetrema
1202 325 1432 366 meorum,
1466 314 1606 358 testor
1643 313 1698 358 in
1735 325 1905 359 occasu

222 391 371 433 vestro
411 401 494 432 nec·
533 386 626 432 tela
663 400 749 431 nec
779 385 908 431 ullas
941 386 1167 431 vitavisse
1196 386 1321 431 vices
1351 385 1604 439 Danaum,
1639 388 1693 440 et,
1726 387 1770 432 si
1798 387 1906 445 fata

218 462 436 519 fuissent,
469 463 521 505 ut
560 459 792 514 caderem,
823 459 1055 505 meruisse
1093 473 1271 506 manu:
1321 457 1439 519 quia
1476 458 1676 506 videbat
1713 458 1905 507 Aeneas

220 549 323 581 esse
372 533 690 579 criminosum
736 531 816 579 vel
854 546 958 579 esse
998 547 1142 593 posse
1181 532 1406 580 dedecori
1446 531 1579 592 quod
1618 531 1905 581 cadentibus

218 611 314 665 tot,
362 606 515 653 tantis
564 620 620 652 ac
665 605 853 652 talibus
891 606 999 667 ipse
1038 604 1298 665 evasisset,
1346 605 1670 652 iurisiurandi
1707 606 1903 670 religio-
1954 623 1974 654 5

218 697 328 727 nem
369 681 499 727 ultro
541 681 656 725 ante
697 678 944 726 obiectum
985 679 1116 740 quod
1154 678 1409 726 metuebat
1448 680 1691 740 opposuit.
1757 679 1906 728 habet

218 756 348 800 enim
393 755 629 800 maiorem
675 752 823 799 fidem
871 753 1002 814 quod
1048 754 1185 814 prius
1235 768 1384 814 quam
1424 754 1650 816 exigatur
1688 754 1906 814 offertur,

218 827 366 874 habet
413 830 462 874 et
507 826 666 874 bonae
707 826 1014 875 constantiae
1052 826 1393 874 firmissimum
1429 828 1770 874 testimonium
1807 843 1906 877 non

219 903 412 948 extorta
466 900 551 948 sed
606 900 774 947 oblata
824 901 1071 964 purgatio.
1148 900 1237 949 hos
1284 916 1455 948 versus
1502 900 1730 948 nonnulli
1774 901 1904 948 male

215 973 582 1036 pronuntiando
622 974 930 1022 intellectum
968 975 1175 1035 planum
1210 977 1260 1022 et
1290 974 1609 1022 manifestum
1641 975 1712 1022 sic
1743 990 1904 1023 errore
1931 992 1974 1024 ιο

217 1048 539 1108 confundunt,
578 1050 635 1095 ut
673 1049 819 1112 longe
860 1048 997 1096 aliud
1037 1064 1185 1109 quam
1226 1049 1415 1097 dictum
1454 1050 1530 1096 est
1566 1048 1790 1111 tradant3
1834 1050 1906 1096 sic

217 1125 346 1169 enim
394 1122 590 1169 volunt:
651 1121 795 1169 Iliaci
842 1123 1028 1170 cineres
1076 1125 1125 1170 et
1170 1122 1371 1170 flamma
1417 1125 1635 1170 extrema
1683 1138 1904 1171 meorum

215 1198 371 1244 testor
407 1197 461 1243 in
500 1211 676 1244 occasu
714 1197 879 1244 vestro
917 1195 1087 1257 ibique
1119 1196 1434 1260 distinguunt
1465 1196 1699 1244 addentes
1732 1199 1906 1258 postea

215 1286 303 1316 nec
348 1269 450 1317 tela
496 1285 587 1316 nec
632 1270 762 1318 ullas
807 1269 1042 1318 vitavisse
1090 1271 1222 1318 vices
1267 1270 1523 1330 Danaum,
1577 1270 1657 1319 hic
1706 1286 1903 1318 rursum

213 1344 636 1406 pronuntiationis
684 1344 876 1391 faciunt
923 1344 1286 1405 separationem
1334 1347 1383 1391 et
1429 1344 1727 1392 subnectunt
1767 1360 1824 1392 ac
1862 1345 1903 1392 si
1931 1362 1972 1394 15

213 1419 321 1465 fata
358 1417 569 1466 fuissent
607 1419 665 1464 ut
704 1417 942 1479 caderem,
975 1418 1165 1465 addunt
1202 1420 1257 1465 in
1294 1418 1390 1466 fine
1429 1418 1770 1466 accusativum
1806 1420 1905 1467 sin-

215 1492 453 1555 gularem,
491 1493 549 1538 ut
588 1491 757 1539 dicant
795 1493 1032 1539 meruisse
1070 1507 1288 1553 manum,
1330 1507 1442 1540 cum
1479 1492 1714 1540 meruisse
1752 1507 1906 1540 manu

213 1565 477 1627 legendum
524 1566 590 1612 sit
637 1568 686 1612 et
732 1565 1134 1628 intellegendum.
1210 1566 1326 1613 huic
1372 1567 1563 1614 alienae
1613 1566 1900 1628 pronuntia-

211 1639 338 1686 tioni
386 1639 576 1686 addunt
620 1639 929 1687 intellectum
976 1640 1190 1687 similem
1237 1639 1374 1687 ducti
1421 1655 1583 1688 errore
1629 1656 1726 1701 quo
1773 1640 1902 1689 male

211 1715 425 1775 iungunt
471 1716 519 1760 et
565 1712 780 1760 deterius
829 1715 1075 1776 separant.
1152 1729 1241 1761 nos
1282 1715 1352 1762 sic
1390 1713 1816 1776 pronuntiandum
1853 1716 1903 1761 et
1926 1731 1993 1762 20-

210 1786 600 1850 intellegendum
648 1786 880 1835 dicimus:
932 1787 1077 1835 Iliaci
1123 1787 1308 1836 cineres
1356 1790 1406 1835 et
1446 1787 1647 1836 flamma
1684 1790 1901 1836 extrema

210 1877 432 1908 meorum
479 1863 528 1908 et
574 1876 858 1922 separamus
901 1863 1079 1922 testor,
1127 1861 1260 1923 quod
1298 1863 1455 1909 testor
1494 1862 1644 1910 semel
1681 1863 1900 1923 positum

213 1935 411 1996 saepius
436 1934 667 1982 debemus
699 1936 936 1997 accipere.
987 1935 1163 1983 dehinc
1195 1935 1413 1984 dicemus
1443 1937 1498 1983 in
1530 1950 1705 1984 occasu
1736 1938 1901 1984 vestro

211 2023 300 2055 1166
344 2008 446 2056 tela
491 2023 582 2055 1166
627 2009 756 2056 ullas
803 2010 1041 2058 vitavisse
1087 2011 1218 2058 vices
1258 2009 1504 2071 Danaum,
1541 2011 1660 2057 item
1703 2025 1898 2071 separa—

210 2083 346 2129 tione
385 2082 519 2130 facta
557 2084 810 2131 veniemus
851 2083 914 2130 ad
954 2083 1214 2145 sequentia
1253 2085 1315 2144 et,
1355 2083 1397 2131 si
1435 2084 1542 2132 fata
1580 2085 1806 2144 fuissent,
1842 2086 1900 2131 ut
1925 2099 1993 2141 25·

212 2155 458 2217 caderem,
511 2156 646 2203 facta
698 2157 782 2204 hic
829 2173 1026 2218 quoque
1074 2157 1386 2219 separatione
1433 2157 1780 2206 concludemus
1826 2157 1898 2205 di—

212 2231 375 2277 centes
429 2230 666 2278 meruisse
720 2246 885 2278 manu.
962 2234 1018 2278 ut
1065 2235 1234 2279 autem
1287 2231 1564 2280 evidentior
1615 2231 1704 2279 fiat
1751 2231 1898 2279 huius

210 2303 631 2364 pronuntiationis
669 2303 948 2368 integritas,
980 2305 1291 2353 ostendemus
1329 2306 1431 2353 iam
1470 2306 1699 2368 quotiens
1739 2305 1897 2367 accipi

211 2376 388 2424 debeat
423 2379 602 2425 testor:
641 2393 744 2438 vos,
782 2379 962 2462 inquit,
1000 2380 1169 2440 testor,
1203 2378 1347 2427 Iliaci
1385 2379 1571 2427 cineres
1612 2382 1661 2427 et
1697 2379 1898 2430 flamma

211 2453 429 2498 extrema
480 2466 723 2512 meorum3
783 2453 838 2500 in
891 2467 1071 2501 occasu
1123 2455 1288 2501 vestro
1340 2468 1430 2501 nec
1481 2453 1584 2500 tela
1629 2468 1719 2501 nec
1763 2453 1896 2501 ullas
1967 2463 1975 2494 5

210 2524 446 2572 vitavisse
483 2524 614 2573 vices
653 2524 884 2572 Danaum
922 2528 1079 2574 testor
1118 2520 1362 2593 (dicturus
1402 2529 1476 2574 est
1513 2527 1807 2575 recentiores
1847 2529 1897 2575 et
1950 2536 1979 2639 ἕ

331 2684 353 2722 1
394 2678 566 2723 lemma
606 2679 802 2724 distinxi
848 2682 1103 2726 secundum
1141 2681 1599 2739 interpretationem,
1646 2695 1739 2738 qua
1777 2681 1894 2726 Don.
1949 2650 1975 2729 f?

210 2743 344 2782 testor
374 2739 540 2793 quater
571 2741 765 2795 accepto
796 2741 950 2783 totum
981 2740 1030 2784 in
1062 2743 1286 2798 quattuor
1314 2742 1474 2797 partes
1505 2740 1740 2795 dissolvit,
1778 2741 1895 2786 vices
1949 2754 1965 2795 1

209 2797 268 2840 (16
307 2797 596 2841 successione
635 2797 834 2841 aliorum
872 2799 1078 2843 hostium
1115 2799 1374 2858 intellegit,
1412 2804 1455 2844 et
1483 2801 1526 2844 si
1561 2814 1646 2856 pro
1678 2775 1823 2844 etiam
1853 2799 1893 2843 si
1946 2800 1963 2863 5

208 2855 415 2912 positum
443 2855 559 2899 vult.
720 2861 776 2900 23
806 2858 885 2902 sed
909 2859 1021 2914 pius
1050 2859 1086 2902 L
1117 2859 1233 2903 item
1262 2861 1318 2903 ut
1346 2858 1531 2902 videtur
1559 2859 1602 2902 R
1631 2858 1682 2902 in
1711 2860 1894 2915 saepius

209 2927 322 2958 corr.
354 2914 390 2957 L
412 2914 456 2957 H
477 2927 601 2959 man.
633 2930 668 2958 r.
793 2921 848 2960 25
879 2918 1115 2963 veniamus
1146 2918 1204 2962 ed
1341 2921 1395 2960 26
1427 2918 1738 2962 concludimus
1766 2933 1802 2960 r.

209 2977 266 3016 30
297 2987 376 3018 nee
406 2974 495 3018 tela
527 2987 614 3018 om.
642 2974 711 3018 ed.
