2014 3226
0 3126 17 3226 mrsu}
0 3095 15 3118 „as
0 3006 19 3079 tva»-
0 2891 17 2999 'vv-,uara
0 2808 13 2884 Ἰ--ι-,Ἶψ
0 2761 9 2799 -
0 2709 10 2749 εν
11 2647 13 2650 ,

857 140 1198 183 PRAEFATIO
1771 141 1876 184 XIII

179 282 401 329 locutum
442 278 572 330 6336ιι
614 284 676 343 et,
717 296 827 329 cum
868 296 917 328 se
958 297 1014 328 ex
1055 281 1390 342 compluribus
1430 281 1518 328 illa
1552 281 1874 328 collecturum

178 356 328 416 dicat,
368 355 534 416 „istud
574 354 917 416 compendium
959 358 1302 416 excerpturum
1342 352 1539 412 fuisse“,
1579 354 1637 402 de
1672 370 1768 415 quo
1800 356 1872 402 fa-

178 429 401 490 bulatur,
450 429 629 491 „idque
677 428 850 488 etiam,
899 430 941 475 si
987 445 1075 490 per
1122 445 1171 476 se
1220 438 1432 491 spectes,
1472 429 1669 476 Donato
1714 430 1873 492 magis

179 502 509 551 convenisse“.
587 518 704 550 nam
745 502 875 564 quod
917 505 966 550 et
1005 503 1096 559 hoc
1137 503 1323 566 epilogi
1360 503 1469 550 loco
1511 505 1559 549 et
1604 506 1648 562 7,
1676 503 1779 550 646
1824 519 1872 550 se

178 592 291 624 611111
323 578 381 624 de
415 577 527 624 aliis
559 577 705 624 rebus
738 579 845 623 tum
877 577 935 624 de
967 577 1233 624 herbarum
1265 576 1546 624 nominibus
1578 578 1631 623 in
1655 577 1872 624 Aeneide

179 651 349 700 addito
388 652 538 699 tertio
573 650 762 699 decimo
794 650 921 697 libro
955 652 1257 712 scripturum
1289 666 1394 698 esse
1426 650 1574 711 dicat,
1607 651 1873 698 herbarum

179 729 345 773 autem
391 727 594 774 nomina
640 726 692 771 in
739 725 828 772 illo
876 725 1107 787 catalogo
1148 726 1349 786 septimi
1387 724 1505 772 libri
1545 725 1760 787 „frustra
1798 741 1872 771 re-

178 798 375 860 quiras“
416 815 505 846 nec
543 800 653 846 tota
683 798 902 846 Aeneide
940 799 1099 846 multa
1139 799 1402 846 herbarum
1435 799 1660 860 exempla
1691 800 1873 858 extent,

177 875 247 921 sic
286 873 344 920 de
385 873 477 920 hac
515 889 567 920 re
609 873 925 920 statuendum
959 874 1031 921 ait
1062 873 1307 934 Hoppius,
1339 875 1396 920 ut
1429 873 1653 920 Donatus
1689 872 1871 919 librum

176 948 394 1009 aliquem
442 948 528 1008 qui
567 963 672 1007 „res
721 963 819 994 non
866 948 1023 996 solum
1067 949 1119 994 in
1159 946 1378 994 Aeneide
1419 963 1590 994 verum
1630 946 1782 994 etiam
1819 948 1871 993 in

177 1021 424 1070 Bucolicis
473 1022 523 1068 et
571 1020 823 1084 Georgicis
871 1019 1143 1069 tractatas“
1190 1021 1473 1084 complexus
1521 1022 1608 1080 sit,
1647 1037 1769 1081 non,
1815 1024 1871 1067 ut

174 1095 279 1157 ipse
336 1095 573 1156 affirmat,
628 1098 852 1143 veterum
907 1096 1285 1143 commentarios
1341 1098 1657 1157 excerptums
1719 1095 1870 1143 fuisse

174 1170 416 1217 videatur.
496 1172 548 1216 at
595 1170 691 1217 duo
739 1172 855 1218 sunt
900 1171 954 1217 in
1002 1170 1229 1233 catalogo
1286 1169 1399 1216 libri
1453 1170 1654 1230 septimi
1699 1184 1871 1216 versus

180 1245 281 1291 758
333 1247 383 1292 et
432 1245 535 1291 769
585 1243 636 1290 in
685 1243 863 1305 quibus
910 1244 1174 1291 herbarum
1222 1259 1251 1291 a
1290 1243 1514 1306 Vergilio
1562 1245 1636 1290 ita
1683 1244 1870 1290 mentio

173 1318 252 1379 fit,
299 1320 356 1365 1115
396 1318 638 1365 eruditior
677 1318 735 1365 de
775 1319 836 1365 iis
878 1318 1152 1380 disputatio
1201 1319 1422 1379 potuerit
1467 1318 1687 1378 institui,
1734 1317 1870 1378 iique

174 1392 448 1453 sufficiunt,
495 1395 552 1439 ut
591 1392 818 1440 Donatus
867 1393 1082 1441 oratorie
1130 1392 1363 1439 videlicet
1407 1391 1460 1438 id
1509 1391 1641 1452 quod
1681 1391 1870 1439 dictum

174 1469 249 1515 est
288 1467 492 1529 „plenus
534 1482 591 1513 ac
628 1465 872 1514 refertus“
913 1467 1157 1528 posuerit3
1211 1482 1328 1514 nam
1367 1482 1428 1512 ne
1467 1467 1713 1514 montium
1762 1466 1870 1526 qui-

174 1540 284 1588 dem
324 1544 374 1588 et
410 1541 643 1601 fontium,
682 1542 726 1588 si
765 1541 1061 1603 singillatim
1101 1541 1333 1602 accipias,
1374 1540 1631 1603 catalogus
1665 1539 1868 1601 „plenus

174 1630 231 1662 ac
262 1614 505 1663 refertus“
539 1618 627 1675 est,
660 1615 745 1663 sed
778 1615 1081 1663 coniunctim
1111 1615 1204 1662 hoc
1236 1614 1294 1662 de
1327 1613 1555 1662 omnibus
1586 1614 1688 1662 illis
1722 1613 1868 1662 rebus

171 1689 576 1752 intellegendum.
653 1690 708 1736 in
754 1689 934 1736 decimi
980 1691 1148 1736 autem
1193 1688 1310 1736 libri
1359 1688 1587 1751 catalogo
1635 1688 1762 1735 nihil
1810 1687 1868 1735 de

172 1763 335 1810 herbis
376 1763 497 1810 dicit
535 1779 580 1810 v.
617 1764 738 1823 187,
779 1765 1014 1824 quoniam
1052 1763 1218 1810 nullae
1259 1779 1289 1810 a
1327 1765 1476 1824 poeta
1514 1763 1866 1810 memorantur.

171 1839 369 1885 tenetur
408 1853 524 1900 ergo
564 1852 662 1884 non
701 1837 928 1885 Donatus
968 1838 1209 1885 vanitatis
1250 1837 1475 1896 crimine,
1516 1836 1600 1884 sed
1640 1836 1868 1899 Hoppius

172 1912 482 1959 temeritatis
546 1911 667 1959 haec
706 1927 806 1959 non
843 1912 1058 1972 brevius,
1090 1914 1146 1958 ut
1185 1911 1400 1972 mallem,
1435 1926 1676 1973 exponere
1707 1912 1868 1972 potui,

172 1985 290 2046 quia
335 1985 565 2047 Hoppius
611 1986 727 2033 hinc
775 1987 922 2047 quasi
965 2002 1018 2033 re
1063 1985 1186 2033 bene
1235 1987 1375 2049 gesta
1423 1985 1485 2032 ad
1532 1985 1674 2032 illam
1719 2000 1866 2046 quae-

170 2060 383 2107 stionem
423 2059 709 2107 solvendam
750 2059 940 2108 accedit
981 2075 1106 2121 quae
1147 2061 1223 2108 est
1260 2059 1319 2107 de
1358 2061 1553 2108 ratione
1591 2060 1723 2107 inter
1756 2057 1864 2106 Ser-

170 2132 308 2180 vium
363 2136 412 2181 et
461 2133 710 2181 Donatum
766 2134 1117 2182 intercedente.
1203 2134 1267 2183 iis
1321 2134 1453 2181 enim
1506 2133 1628 2181 locis
1684 2132 1865 2195 quibus

171 2205 397 2255 Donatus
428 2207 509 2254 vel
540 2207 599 2254 de
632 2208 947 2268 „multorum‚
980 2206 1318 2270 quorundam“
1352 2209 1441 2255 etc.
1468 2206 1727 2255 sententiis
1760 2207 1866 2270 agit

171 2281 250 2328 vel
287 2281 620 2330 locutionibus
662 2281 876 2343 „dicunt,
911 2281 1098 2330 fertur“
1132 2284 1221 2330 etc.
1262 2282 1422 2329 utitur
1459 2281 1774 2343 perlustratis
1815 2283 1865 2328 et

171 2355 375 2403 calculis
414 2355 690 2403 Burckasio
729 2356 912 2405 rectius
952 2356 1207 2404 subductis
1245 2357 1298 2403 in
1337 2356 1466 2404 hanc
1495 2357 1745 2417 postremo
1777 2371 1861 2403 vo-

171 2443 276 2476 cem
315 2431 550 2492 erumpit:
589 2431 840 2491 „locorum
879 2432 968 2492 qui
1006 2430 1070 2479 ad
1107 2431 1269 2479 solum
1301 2428 1530 2478 Servium
1566 2429 1743 2477 referri
1780 2445 1864 2476 ne-

172 2510 360 2564 queunt
398 2519 630 2552 numerus
670 2519 781 2552 cum
812 2504 879 2552 sit
918 2500 1039 2567 (illis
1073 2506 1161 2567 qui
1192 2504 1256 2552 ad
1287 2519 1401 2552 eum
1430 2505 1640 2565 possunt
1665 2496 1862 2569 referri)

169 2577 324 2638 triplo
363 2577 465 2625 fere
503 2578 677 2639 maior,
709 2581 821 2626 acta
858 2594 936 2626 res
977 2580 1066 2639 est,
1098 2579 1140 2627 si
1171 2577 1318 2626 modo
1350 2578 1576 2640 pluribus
1607 2577 1864 2625 Donatum

170 2665 314 2698 usum
360 2667 459 2699 non
506 2666 610 2700 esse
658 2651 942 2700 auctoribus
987 2655 1118 2701 recte
1173 2651 1374 2700 statui“.
1451 2654 1580 2711 estc,
1627 2652 1670 2699 si
1714 2653 1861 2699 recte.

172 2726 226 2772 at
264 2725 321 2785 si,
359 2727 418 2773 ut
454 2726 561 2787 ipse
599 2727 652 2773 in
691 2726 945 2788 prooemio
986 2729 1035 2774 et
1073 2728 1127 2773 in
1166 2727 1362 2790 epilogo
1402 2725 1666 2789 significat,
1705 2724 1861 2787 pluri-

171 2796 262 2846 bus
315 2813 431 2847 usus
485 2802 582 2860 est,
634 2801 802 2862 potuit
855 2801 1006 2848 etiam
1054 2798 1226 2849 Servio
1278 2801 1358 2848 uti
1409 2799 1559 2861 idque
1605 2814 1704 2846 uno
1752 2799 1860 2847 loco

174 2873 227 2932 2,
269 2873 372 2920 341
387 2909 400 2932 ,
463 2889 610 2935 quem
663 2875 714 2922 et
765 2874 1067 2923 Burckasius
1121 2876 1169 2922 et
1224 2873 1456 2936 Hoppius
1509 2873 1862 2936 praetermisit,

171 2943 435 2994 admodum
488 2946 689 2996 evidens
743 2949 830 2996 est.
906 2947 978 2995 ibi
1032 2949 1164 2997 enim
1211 2947 1410 2996 Servius
1462 2947 1584 2996 haec
1630 2946 1860 2995 adnotat:
