2014 3226
87 1189 142 1227 10

180 157 287 210 262
647 153 878 197 DONATI
909 153 973 196 IN
977 153 1189 198 TERPR.
1223 154 1399 198 VERG.

178 301 270 347 hoc
305 302 470 361 ipsum
502 296 746 342 incertum
776 307 938 355 poena
969 293 1066 341 fuit
1097 293 1334 356 maxima,
1374 311 1449 342 res
1483 296 1612 343 enim
1646 300 1872 358 quamvis

179 374 375 432 acerba,
425 371 467 416 si
506 368 725 416 evidenti
763 367 1072 428 specialitate
1113 370 1351 430 signetur,
1394 369 1719 419 meditatione
1760 387 1871 419 con-

177 449 319 495 tinua
360 443 521 509 gignit
561 458 618 488 ex
657 457 707 488 se
741 440 947 501 aliquid,
978 442 1036 488 ut
1068 443 1287 488 animum
1320 442 1557 491 sublevet.
1623 445 1874 507 conplevit

179 524 414 583 quattuor
462 516 668 563 adversa
716 530 841 575 quae
890 514 953 562 ad
1003 516 1226 562 futurum
1280 519 1479 578 tempus
1533 519 1871 579 pertinebant:

178 596 373 642 diversa
421 591 590 648 exilia,
639 589 857 636 desertas
898 590 1079 649 terras,
1118 589 1297 636 incerti
1336 606 1433 652 quo
1473 592 1581 638 fata
1619 593 1783 640 ferant
1822 595 1873 641 et

176 669 262 715 ubi
295 670 466 716 sistere
499 665 654 710 detur.
703 663 1124 722 contrahimusque
1155 665 1299 719 viros,
1327 665 1516 712 scilicet
1546 668 1602 712 ut
1634 670 1873 715 cresceret

178 744 414 790 comitum
467 751 713 787 numerus.
791 738 874 784 vix
917 738 1090 796 prima
1143 739 1387 797 inceperat
1441 743 1602 786 aestas
1649 744 1692 788 et
1726 744 1872 801 pater

175 815 412 864 Anchises
452 815 571 862 dare
608 812 728 870 fatis
766 810 875 857 vela
912 811 1129 858 iubebat·
1168 811 1371 874 fugitivi
1411 829 1511 861 non
1551 816 1708 876 agunt
1740 815 1873 876 quod

176 891 364 951 volunt,
405 889 490 937 sed
531 885 661 947 quod
699 885 860 932 facere
901 887 1157 968 coguntur.
1234 886 1441 947 proinde
1481 891 1757 951 maturum,
1796 890 1870 935 in-

176 965 305 1026 quit,
352 964 531 1026 pelago
578 962 774 1042 tempus
822 959 1041 1040 opperiri
1085 959 1420 1022 nequivimus,
1469 961 1553 1008 sed
1600 978 1714 1009 mox
1761 978 1872 1010 cum

175 1039 283 1099 ipso
332 1037 535 1086 aestatis
582 1033 754 1094 iniquo
802 1032 1172 1096 navigavimus,
1220 1037 1298 1093 ut,
1342 1036 1460 1096 quia
1510 1035 1713 1083 definita
1762 1037 1871 1084 loca

174 1128 272 1159 non
303 1111 581 1169 habuimuS,
610 1109 959 1169 navigaremus
992 1121 1301 1168 quocumque
1334 1109 1520 1156 vellent
1551 1110 1658 1157 fata
1692 1111 1741 1156 et
1773 1126 1871 1172 quo

175 1186 376 1234 duceret
428 1186 619 1233 ventus.
698 1182 842 1228 litora
896 1195 1005 1228 cum
1049 1183 1249 1240 patriae
1295 1182 1563 1231 lacrimans
1603 1187 1872 1244 portusque

173 1261 391 1320 relinquo
447 1263 490 1308 et
542 1269 736 1315 campos
788 1255 873 1302 ubi
929 1254 1080 1302 Troia
1139 1257 1259 1315 fuit:
1328 1273 1428 1304 non
1491 1258 1617 1305 dixit
1671 1257 1869 1306 dimitto

173 1335 389 1395 patriam
430 1336 692 1397 navigans,
743 1329 980 1390 quoniam
1020 1330 1178 1376 omnis
1218 1329 1500 1393 interierat,
1547 1331 1633 1380 sed
1671 1332 1870 1380 dimitto

172 1409 322 1455 litora
363 1409 584 1456 civitatis
626 1402 877 1465 quondam
916 1403 1136 1450 lacrimis
1177 1405 1227 1450 et
1267 1404 1434 1452 dolore
1475 1407 1747 1468 confectus,
1795 1423 1870 1454 re-

173 1483 345 1544 linquo
378 1480 698 1531 securitatem
737 1479 910 1539 portus
951 1492 1008 1525 ac
1046 1479 1207 1524 terrae
1250 1480 1299 1525 et
1336 1480 1389 1525 in
1430 1479 1590 1527 altum
1624 1479 1870 1542 producor

172 1556 265 1604 hoc
313 1559 388 1605 est
435 1557 498 1604 ad
543 1554 733 1603 incerta
781 1551 974 1599 altioris
1023 1551 1073 1598 et
1109 1553 1362 1601 interioris
1401 1554 1591 1617 pelagi,
1637 1553 1725 1601 ubi
1764 1555 1871 1603 sola

173 1629 452 1692 desperatio
500 1633 597 1690 est,
643 1626 816 1674 videns
865 1639 1064 1687 campos
1111 1625 1199 1673 ubi
1238 1627 1388 1674 Troia
1435 1628 1544 1675 fuit.
1623 1627 1870 1691 duplicem

171 1704 306 1753 locus
345 1705 440 1752 iste
478 1706 644 1766 potest
684 1699 947 1747 admittere
986 1700 1318 1748 intellectum:
1357 1718 1524 1763 unum,
1565 1702 1697 1764 quod
1736 1702 1868 1750 dole-

170 1778 257 1826 bat
295 1778 616 1826 latitudinem
653 1774 903 1822 moenium
942 1790 1031 1836 per
1071 1789 1271 1836 campos
1312 1778 1459 1823 antea
1496 1777 1714 1839 ingentis
1748 1777 1867 1824 effu-

172 1867 277 1899 sam
325 1854 394 1901 sic
440 1853 691 1910 interisse,
738 1850 798 1895 ut
844 1862 902 1896 ex
945 1863 1004 1895 ea
1042 1848 1169 1895 nihil
1209 1851 1420 1910 extaret,
1469 1851 1702 1911 alterum,
1751 1853 1868 1912 quia

172 1941 462 1988 camporum
507 1926 771 1989 planitiem
817 1921 1041 1986 videbat,
1083 1923 1138 1968 in
1184 1939 1284 1984 qua
1330 1924 1384 1970 in
1431 1924 1748 1972 altitudinem
1793 1925 1867 1972 in-

170 2015 393 2048 mensam
447 1998 726 2050 surrexerat
780 1996 944 2044 Troia.
1030 1996 1111 2044 hic
1164 1995 1369 2046 Aenean
1422 2000 1667 2046 memorat
1719 2001 1868 2060 poeta

170 2075 472 2135 perinplesse
528 2070 894 2123 excusationem
948 2085 1111 2131 suam3
1182 2070 1299 2118 dum
1353 2074 1485 2119 enim
1542 2072 1726 2120 doloris
1789 2074 1868 2120 sui

172 2163 347 2196 causas
397 2151 621 2211 exponit,
669 2144 886 2196 ostendit
933 2145 1085 2192 etiam
1130 2144 1278 2206 illud,
1325 2161 1425 2193 non
1470 2146 1625 2194 fuisse
1674 2147 1867 2208 aliquid

173 2222 304 2282 quod
349 2225 508 2284 possit
553 2220 779 2285 reparari
825 2220 874 2265 et
921 2234 971 2267 se
1018 2219 1180 2282 magis
1228 2215 1460 2287 auguriis:
1501 2221 1707 2268 deorum
1760 2221 1866 2283 qui-

171 2294 342 2344 busvis
383 2296 645 2345 exclusum.
715 2292 866 2342 litora
907 2308 1018 2340 cum
1055 2292 1250 2354 patriae
1287 2294 1555 2342 lacrimans
1593 2296 1865 2357 portusque

169 2369 398 2432 relinquo
446 2372 496 2418 et
543 2385 742 2433 campos
781 2366 864 2414 ubi
907 2367 1058 2415 Troia
1095 2366 1214 2416 fuit:
1267 2369 1367 2414 tria
1405 2368 1574 2430 posuit
1614 2384 1739 2430 quae
1777 2385 1866 2431 per

291 2502 316 2540 3
357 2511 413 2542 eac
442 2499 639 2553 ealiquet
667 2497 755 2541 LR
793 2507 849 2541 ex
885 2507 931 2538 se
970 2494 1150 2550 aliquid
1179 2508 1203 2536 r
1241 2496 1447 2551 aliquam
1483 2495 1866 2552 tranquillitatem

168 2555 242 2599 ed.
286 2558 293 2612 Ι
342 2561 395 2600 ut
424 2556 512 2600 LR
542 2557 663 2612 quod
691 2571 728 2600 r.
853 2556 879 2595 5
911 2553 1124 2598 adiversa
1154 2553 1254 2598 LR.
1389 2559 1412 2597 7
1444 2555 1673 2611 inciperent
1702 2554 1803 2598 LR.

171 2618 224 2657 11
259 2615 418 2672 iniquo
450 2615 537 2660 LR
566 2616 703 2660 initio
733 2630 758 2659 r
788 2620 983 2668 tempore
1013 2612 1173 2670 iniquo
1205 2613 1276 2656 ed.
1315 2615 1320 2670 Ι
1363 2619 1406 2659 et
1435 2615 1548 2671 quia
1569 2640 1629 2646 —
1650 2640 1710 2647 -
1733 2614 1864 2658 navi-

166 2687 378 2731 qaremus
408 2674 494 2718 LR
533 2680 587 2719 ut
615 2689 687 2731 qu.
715 2700 771 2706 —
803 2700 862 2707 —
892 2686 938 2716 n.
969 2686 994 2715 1·
1030 2677 1073 2716 et
1103 2686 1175 2729 qu.
1203 2699 1258 2705 —
1292 2699 1348 2705 —
1379 2673 1700 2731 navigavimus
1730 2673 1801 2718 ed.

171 2737 227 2775 14
258 2747 441 2790 campos
469 2735 530 2779 ub
561 2734 597 2778 L
635 2747 794 2790 campo
824 2734 908 2778 sub
938 2731 980 2774 R
1013 2745 1127 2776 corr.
1159 2746 1195 2775 r.
1379 2737 1434 2776 16
1465 2733 1692 2778 coniectus
1720 2733 1756 2776 L
1790 2731 1862 2777 ed.

167 2797 402 2838 comectus
438 2793 482 2837 R
518 2798 747 2847 contectus
785 2793 856 2837 ed.
888 2791 1010 2849 post.
1177 2794 1232 2834 27
1273 2792 1486 2849 reparari
1523 2791 1612 2834 LR
1655 2790 1864 2850 separari

170 2850 251 2894 edI
282 2853 494 2908 superari
523 2852 632 2897 edF.
677 2851 683 2909 Ι
733 2853 859 2908 quib5
888 2851 988 2896 suis
1017 2851 1053 2894 L
1085 2850 1251 2908 quibus
1279 2852 1378 2896 suis
1407 2852 1619 2908 Equam
1647 2853 1746 2896 suis
1774 2863 1940 2895 met-1

167 2910 273 2955 ritis
310 2910 384 2955 vel
421 2926 559 2968 quam
595 2911 831 2956 hominum
861 2912 909 2956 vi
945 2908 988 2952 r'
1021 2911 1255 2967 quibusvis
1284 2909 1330 2953 H
1360 2911 1455 2966 ed.;
1481 2867 1694 2956 qfortasse
1725 2923 1862 2968 quam
1940 2926 1942 2931 ’

167 2969 482 3016 voluntatibus
510 2972 638 3016 suis?
759 2973 814 3013 29
846 2970 941 3024 fuit
971 2982 1060 3013 om.
1086 2970 1129 3013 R
1160 2969 1267 3014 add.
1299 2983 1323 3012 r
1346 2993 1401 3008 =
1426 2946 1476 3015 L.

1898 986 1939 1018 10

1896 1351 1991 1388 15’

1895 1725 1937 1757 20
1963 1718 1973 1749 ἰ

1892 2093 1934 2127 2⁵
1979 2087 1994 2149 j·

1982 360 1989 402 ⁵—

1985 1142 1991 1200 1

1986 1234 1991 1294 i

1986 1295 1991 1346 Ι

1986 1372 1991 1423 ί

1985 1475 1990 1520 1
