2014 3226
784 162 1087 207 AENEIDOS
1118 163 1182 206 IV
1726 168 1831 219 387

143 306 378 352 verticem
426 304 582 365 ipsius
631 317 736 350 esse
778 305 1081 363 superiorem
1119 304 1360 366 potuisse,
1408 304 1504 352 nisi
1543 306 1670 353 hunc
1711 308 1833 354 caeli

141 378 434 442 magnitudo
467 377 738 438 pressisset.
806 377 1027 424 Atlantis
1062 379 1290 438 cinctum,
1332 378 1534 426 adsidue
1575 381 1653 426 cui
1692 380 1830 427 nubi-

141 451 232 500 bus
266 453 387 499 atris
427 450 694 513 piniferum
735 454 883 511 caput
923 454 972 498 et
1010 455 1157 499 vento
1195 452 1424 512 pulsatur
1464 454 1514 500 et
1551 453 1720 500 imbri:
1761 457 1831 502 vi-

142 525 292 573 debat
323 525 545 572 Atlantis
583 524 758 584 latera,
794 524 995 571 videbat
1034 540 1242 585 umeros,
1275 525 1475 573 videbat
1515 529 1564 574 et
1603 529 1832 589 cinctum⁷

97 614 116 646 5
141 599 343 647 videbat
390 602 438 646 et
485 599 636 660 caput
682 599 786 645 eius
833 598 1122 659 piniferum,
1171 599 1303 660 quod
1350 599 1552 647 adsidue
1590 601 1831 650 imbribus

140 674 425 735 pulsaretur
464 674 514 719 et
552 673 727 719 ventis.
805 672 1074 732 piniferum
1115 675 1264 734 caput
1303 676 1390 720 aut
1430 675 1667 736 crispum,
1715 678 1832 736 quia

138 750 397 809 tamquam
444 747 503 794 de
549 746 746 794 homine
793 745 1111 807 loquebatur,
1168 749 1255 794 aut
1310 747 1508 795 arbores
1559 750 1730 809 pineas
1778 751 1830 796 in

139 823 393 870 cacumine
432 820 712 880 habentem,
746 819 864 880 quia
901 835 1073 867 revera
1112 822 1330 867 montem
1363 820 1682 870 describebat.
1746 823 1830 870 nix

137 911 332 944 umeros
372 895 538 942 infusa
575 895 714 957 tegit.
775 909 886 941 cum
925 909 1023 941 non
1063 893 1185 941 dicit
1216 894 1469 955 aliquibus
1509 896 1829 958 temporibus,

72 983 114 1014 ιο
138 969 358 1018 ostendit
402 970 532 1016 hunc
579 967 833 1030 perpetuis
881 967 1077 1015 nivibus
1125 967 1387 1015 abundare.
1464 972 1572 1016 tum
1625 970 1829 1018 flumina

136 1047 302 1091 mento
357 1044 691 1105 praecipitant
745 1043 873 1090 senis
922 1044 971 1089 et
1018 1042 1175 1104 glacie
1220 1043 1351 1105 riget
1397 1042 1599 1090 horrida
1652 1044 1828 1092 barba:

137 1119 274 1167 nives
320 1117 458 1179 ipsae
507 1118 595 1164 aut
640 1115 929 1179 congelatae
968 1115 1200 1179 rigebant
1239 1119 1326 1163 aut
1364 1116 1632 1165 dissolutae
1669 1121 1828 1166 verte·

134 1191 317 1240 bantur
346 1193 400 1238 in
431 1191 653 1238 flumina.
713 1205 937 1251 expresse
978 1190 1105 1236 dixit
1142 1191 1496 1251 praecipitant3
1535 1191 1827 1254 magnitudo

27 1327 31 1329 Π
136 1266 268 1313 enim
307 1281 549 1328 aquarum
589 1266 639 1311 et
676 1263 868 1311 nivium
909 1265 958 1310 et
998 1263 1276 1311 altitudinis
1317 1264 1463 1312 aliter
1502 1265 1692 1313 ostendi
1728 1282 1827 1315 non

68 1353 110 1385 15
134 1343 343 1401 poterat.
423 1342 475 1387 et
513 1338 670 1403 glacie
709 1338 839 1400 riget
877 1337 1080 1385 horrida
1122 1337 1298 1385 barba:
1350 1340 1400 1385 et
1438 1338 1517 1386 hic
1556 1340 1685 1402 riget
1726 1341 1827 1387 tale

135 1416 211 1462 est
249 1414 395 1476 quale
436 1415 512 1461 est
548 1414 633 1460 nix
680 1427 875 1459 umeros
923 1411 1088 1459 infusa
1133 1413 1282 1474 tegit,
1329 1415 1385 1459 ut
1432 1428 1623 1473 semper
1668 1414 1827 1477 rigere

134 1487 375 1536 videatur.
454 1503 620 1536 senem
672 1502 788 1535 vero
842 1488 975 1534 recte
1031 1485 1328 1548 appellavit,
1382 1486 1460 1533 vel
1508 1486 1638 1548 quod
1685 1504 1825 1536 mons

134 1563 264 1610 esset
308 1561 546 1623 antiquus
594 1561 675 1608 vel
722 1560 855 1622 quod
892 1559 1103 1608 Mercuri
1152 1575 1275 1608 avus
1320 1574 1422 1607 esse
1463 1560 1708 1608 diceretur
1745 1562 1824 1609 vel

135 1636 267 1698 quod
306 1651 499 1698 semper
537 1650 687 1683 canus
729 1637 857 1682 esset
897 1651 954 1682 ex
992 1633 1204 1682 nivibus.
1272 1634 1350 1682 hic
1371 1636 1592 1694 primum
1615 1636 1826 1694 paribus

67 1723 110 1755 πο
131 1712 289 1759 nitens
332 1709 579 1771 Cyllenius
626 1709 721 1757 alis
759 1710 987 1764 constitit,
1032 1709 1110 1755 hic
1147 1710 1239 1754 toto
1267 1721 1506 1768 praeceps
1542 1723 1592 1756 se
1630 1722 1825 1769 corpore

133 1785 200 1832 ad
236 1784 399 1832 undas
436 1785 593 1832 misit:
629 1798 729 1831 non
761 1783 947 1830 frustra
977 1783 1112 1843 paris
1145 1782 1251 1829 alas
1282 1781 1430 1843 dixit3
1471 1782 1661 1829 alarum
1693 1783 1824 1830 enim

131 1860 396 1922 remigium
435 1861 660 1906 constare
699 1872 800 1904 non
838 1858 1017 1918 potest,
1056 1856 1153 1904 nisi
1190 1855 1377 1902 fuerint
1414 1871 1571 1918 pares.
1634 1855 1821 1905 Mercu-

131 1934 234 1981 rius
273 1934 431 1996 igitur
471 1931 536 1980 ad
572 1932 732 1994 partis
767 1928 1084 1993 Carthaginis
1115 1928 1320 1977 tendens
1351 1929 1432 1978 hic
1462 1931 1679 1991 primum
1711 1945 1824 1979 con-

132 2008 284 2069 stitit,
330 2022 420 2054 nec
466 2007 670 2067 mirum3
731 2020 831 2052 non
877 2003 1047 2052 debuit
1095 2004 1226 2050 enim
1270 2004 1540 2064 praeterire
1591 2007 1823 2066 montem,

65 2093 108 2126 25
132 2081 220 2142 qui
259 2083 341 2130 avi
381 2080 458 2128 sui
496 2081 695 2128 nomine
735 2080 1045 2126 consecratus
1085 2078 1214 2125 esset
1252 2079 1302 2124 et
1341 2079 1427 2139 qui
1466 2093 1522 2125 ex
1566 2079 1822 2126 occasione

130 2156 353 2219 urgentis
408 2155 651 2203 transitus
705 2153 1011 2201 necessarius
1065 2151 1230 2198 fuerat
1282 2153 1333 2198 et
1378 2154 1662 2213 oportunus.
1741 2154 1823 2200 avi

129 2230 304 2277 similis
343 2242 467 2289 quae
505 2230 686 2278 circum
719 2227 879 2282 litora,
913 2227 1094 2274 circum
1114 2226 1332 2285 piscosos
1361 2227 1580 2284 scopulos
1610 2226 1808 2274 humilis
1824 2231 1910 2271 265

129 2303 262 2351 volat
297 2317 511 2363 aequora
548 2304 711 2351 iurata:
758 2302 829 2348 sic
866 2299 1138 2347 Mercurius
1178 2314 1229 2347 se
1268 2299 1333 2346 ad
1370 2299 1528 2347 undas
1565 2299 1725 2360 misit,
1762 2302 1822 2348 ut

131 2377 292 2425 solent
339 2392 452 2425 aves
502 2375 678 2438 quibus
726 2390 837 2423 esca
883 2373 1032 2436 piscis
1080 2374 1155 2420 est
1199 2374 1250 2420 et
1286 2375 1493 2435 propter
1531 2372 1821 2435 explendam

32 2463 107 2497 8⁰
128 2450 314 2499 famem
358 2451 531 2500 volant
577 2451 717 2498 iuxta
762 2447 920 2495 undas
975 2448 1026 2495 et
1073 2446 1237 2494 litora.
1314 2448 1435 2495 haut
1479 2448 1621 2496 aliter
1665 2450 1821 2496 terras

26 2546 37 2582 1
129 2525 255 2573 mter
293 2525 571 2585 caelumque
608 2523 803 2572 volabat
839 2521 955 2570 litus
992 2521 1284 2568 harenoswm
1322 2535 1381 2569 ac
1410 2521 1601 2582 Libyae
1637 2524 1819 2569 ventos-

28 2609 37 2660 ,ἐ
129 2613 220 2658 que
278 2600 472 2648 secabat
529 2602 748 2646 materno
814 2596 1010 2644 veniens
1071 2594 1133 2642 ab
1194 2608 1286 2642 avo
1351 2593 1571 2655 Cyllenia
1631 2595 1819 2655 proles:

26 2663 42 2747 ξ
131 2672 295 2721 avium
336 2688 472 2721 more
510 2673 642 2720 inter
671 2673 830 2720 terras
863 2668 1150 2730 caelumque
1182 2682 1446 2730 suspensus
1477 2668 1597 2716 litus
1628 2667 1818 2730 Libyae

28 2765 43 2910 ,ξ
248 2862 274 2902 3
306 2859 445 2903 astris
466 2857 517 2901 L.
612 2861 664 2900 11
698 2859 896 2900 mentum
920 2852 1019 2896 LR.
1109 2856 1166 2896 20
1195 2853 1270 2898 hic
1299 2858 1390 2897 toto
1413 2852 1500 2896 LR
1529 2853 1636 2896 hinc
1666 2857 1694 2897 t.
1719 2866 1755 2897 r.

129 2917 340 3020 {1111th
367 2916 456 2960 LR.
486 2917 614 2961 misit
641 2913 713 2960 ed.
837 2917 891 2956 31
926 2912 1044 3012 inter
1075 2925 1163 2955 om.
1187 2911 1286 3014 ΡΒ.
1326 2914 1334 2968 Ι
1383 2911 1616 2993 acwlybiae
1647 2910 1732 2955 LR
1763 2924 1819 2955 ac

1294 3024 1297 3027 ”
1364 3012 1461 3088 π·
