2014 3226
214 190 321 242 542
682 189 915 233 DONATI
945 189 1225 234 INTERPR.
1259 189 1438 234 VERG.

125 334 210 372 245
229 332 451 378 iuvencos
491 331 733 378 constituit
770 330 1013 388 frontique
1053 332 1258 390 inveryz‘t
1294 333 1412 378 vina
1443 332 1665 379 sacerdos
1699 335 1741 378 et
1776 346 1907 379 sum-

213 419 319 451 mas
370 418 572 463 carpens
626 405 787 451 media
839 405 966 451 inter
1021 418 1205 451 cornua
1258 408 1418 453 saetas
1472 406 1667 465 iynibus
1717 407 1906 465 inponit

211 479 380 534 sacris,
420 479 657 525 libamina
679 479 872 537 prima,
919 491 1030 526 voce
1068 492 1245 525 vocans
1277 479 1493 526 Hecaten
1526 480 1745 538 caeloque
1783 480 1904 527 Ere—

212 549 362 613 boque
384 555 651 612 potentem:
690 554 861 599 contra
886 551 1201 599 detestandos
1237 552 1497 613 speluncae
1529 554 1686 614 ipsius
1718 553 1903 601 halitus

213 628 352 674 vates
396 625 588 687 Sibylla
627 625 983 673 sacrificiorum
1029 625 1247 672 remedia
1293 626 1605 687 procurabat.
1684 628 1727 674 si
1774 627 1904 674 enim
1949 643 1968 678 5

214 715 328 747 aves
383 699 609 747 volantes
663 715 752 761 per
807 699 1124 746 altitudinem
1180 700 1306 747 caeli
1360 702 1488 748 citae
1542 702 1756 748 transire
1806 717 1904 748 11011

212 775 464 835 poterant,
518 773 637 835 quid
675 773 823 821 homo
871 773 1088 821 efficeret
1125 789 1214 835 per
1260 774 1393 835 ipsas
1441 774 1605 822 fauces
1654 777 1704 822 et
1742 775 1905 822 lacum

211 849 554 896 taeterrimum
591 847 893 895 transiturus
932 846 1076 894 tardo
1117 848 1291 908 utique
1340 863 1511 910 gressu
1550 865 1638 910 per
1675 849 1904 897 tenebras
1974 876 1977 877 ν

212 925 262 969 et
299 922 410 968 loca
449 920 739 984 incognita?
778 923 1015 983 quattuor
1047 937 1162 984 ergo
1195 923 1427 969 iuvencos
1461 922 1683 970 admovit
1714 923 1903 986 nigr083

213 999 263 1044 et
302 1011 560 1042 numerum
601 997 650 1042 et
690 996 903 1042 colorem
935 995 1222 1058 intellegere
1256 995 1488 1043 debemus
1521 997 1583 1044 ad
1614 997 1766 1044 ritum
1797 1012 1905 1058 per·
1929 1013 1998 1047 101

210 1069 417 1118 tinuisse
470 1084 735 1118 sacrorum.
829 1069 1078 1131 frontique
1133 1069 1351 1132 invergit
1405 1070 1522 1118 vina
1573 1070 1801 1118 sacerdos
1856 1073 1904 1118 et

210 1143 347 1192 tollit
387 1145 549 1192 saetas
590 1160 649 1190 ex
686 1143 764 1191 his
806 1159 927 1205 quas
968 1143 1099 1190 inter
1131 1159 1313 1190 cornua
1344 1143 1595 1191 habebant
1627 1146 1677 1192 et
1706 1144 1904 1208 ignibus

211 1218 361 1266 sacris
415 1219 633 1279 inponit:
687 1218 782 1266 hoc
837 1233 1032 1279 quoque
1087 1218 1375 1281 intellegere
1431 1217 1661 1266 debemus
1716 1219 1904 1266 factum

209 1293 404 1340 ratione
443 1291 754 1340 sacrificandi
792 1291 1023 1339 dictante.
1100 1291 1221 1339 haec
1260 1293 1404 1340 erant
1441 1293 1603 1354 prima
1649 1292 1903 1341 libamina.

210 1369 494 1426 supponunt
524 1367 613 1414 alie:
644 1367 835 1421 cultros,
875 1365 967 1413 hoc
1000 1367 1074 1413 est
1096 1365 1246 1412 boves
1280 1366 1521 1414 occidunt.
1599 1367 1904 1427 tepidumque
1927 1382 1968 1418 15
1992 1400 1996 1411 ι

211 1455 430 1488 cruorem
467 1442 742 1500 suscipiunt
770 1441 987 1500 pateris:
1032 1454 1092 1486 ne
1134 1442 1446 1489 consecratus
1486 1442 1689 1504 sanguis
1729 1440 1902 1488 funde-

210 1516 349 1562 retur
371 1515 426 1561 in
447 1516 648 1575 terram,
672 1514 803 1561 hunc
835 1514 1021 1576 pateris
1056 1513 1404 1575 suscipiebant.
1466 1517 1570 1575 ipse
1593 1517 1691 1563 atri
1714 1515 1903 1563 velleris

123 1589 208 1628 250
227 1604 406 1648 aynano.
448 1586 644 1636 Aeneas
688 1590 836 1636 matri
874 1588 1209 1635 Eumenidum
1253 1603 1554 1649 ‘maynaeque
1598 1590 1755 1637 sorori
1795 1603 1904 1637 ense
1988 1607 1989 1610 ¹

209 1663 325 1723 ferit
368 1663 668 1723 sterilemque
706 1663 813 1718 tibi,
860 1663 1183 1724 Proserpina,
1231 1676 1453 1710 vaccam:
1496 1662 1722 1724 Aenean,
1769 1661 1903 1724 quod

211 1738 337 1784 esset
384 1736 588 1784 deorum
636 1737 818 1798 cultor,
871 1752 971 1784 non
1017 1735 1207 1784 latebat
1254 1736 1374 1798 quid
1423 1736 1572 1784 etiam
1618 1739 1725 1799 ipse
1763 1737 1902 1784 iuxta
1925 1751 1997 1791 zan

211 1810 327 1859 deos
360 1810 545 1859 inferos
578 1810 779 1859 deberet
811 1810 1016 1871 efficere,
1051 1810 1263 1872 denique
1290 1826 1473 1872 agnam
1495 1813 1739 1859 mactavit
1770 1812 1902 1874 nigri

211 1884 408 1932 velleris
443 1886 492 1932 et
523 1885 743 1932 sterilem
767 1900 983 1933 vaccam.
1059 1886 1222 1932 totum
1255 1885 1388 1931 enim
1411 1886 1609 1948 nigrum
1633 1885 1902 1947 deputatur
1979 1898 1983 1903 ’

209 1957 382 2006 inferis
431 1961 480 2006 et
527 1959 694 2007 sterile
743 1959 951 2018 animal,
1007 1958 1138 2020 quod
1186 1957 1371 2006 dicitur
1422 1958 1533 2006 ideo
1579 1959 1901 2006 infecundum
1979 2002 1983 2026 i,

209 2034 433 2094 mactari,
474 2033 605 2094 quod
644 2033 706 2081 ab
746 2034 918 2081 inferis
948 2033 1075 2080 nihil
1114 2033 1272 2095 possit
1311 2034 1502 2080 exoriri.
1552 2034 1680 2089 ‚atri
1703 2033 1900 2081 velleris

210 2122 431 2170 agnamz-
473 2109 712 2170 quattuor
741 2107 890 2155 simul
912 2107 1074 2156 voluit
1104 2106 1456 2167 demonstrare,
1488 2108 1713 2169 colorem,
1746 2122 1900 2169 genus

210 2180 463 2241 animalis,
502 2197 614 2228 cum
651 2181 812 2244 primo
851 2181 1055 2241 vellere,
1094 2181 1364 2228 intactum:
1411 2181 1480 2230 sic
1519 2182 1572 2227 in
1611 2180 1899 2228 duodecimo
1962 2192 1987 2218 ’τῆ

210 2255 283 2302 ait
315 2247 471 2320 (170)
505 2255 881 2316 „intonsamque
910 2254 1160 2302 bidentem
1194 2255 1371 2302 attulit
1401 2255 1720 2316 admovitque
1750 2270 1898 2317 pecus

209 2327 536 2391 flagrantibus
577 2328 705 2378 aris⁶⁶
709 2331 817 2390 ,ut
849 2329 1126 2377 ostenderet
1156 2328 1258 2376 tale
1290 2329 1479 2377 animal
1510 2328 1763 2377 sacrificiis
1796 2343 1898 2377 esse

208 2403 539 2450 necessarium
578 2403 709 2464 quod
748 2404 962 2466 primam
1001 2403 1169 2450 lanam
1209 2404 1369 2466 gestet
1408 2419 1464 2450 ac
1503 2419 1591 2465 per
1624 2403 1716 2451 hoc
1755 2418 1898 2450 num·
1962 2423 1985 2450 f.-

209 2491 359 2538 quam
397 2477 463 2524 sit
510 2477 763 2526 attonsum
802 2479 852 2525 et
891 2477 956 2524 sit
995 2492 1025 2524 a
1063 2476 1268 2525 Veneris
1306 2476 1451 2524 rebus
1490 2477 1704 2524 inmune
1795 2480 1898 2524 tum
1919 2467 1985 2542 αἰξί

207 2549 372 2612 Styqio
411 2551 513 2611 reyi
549 2554 814 2599 nocturnas
851 2551 1045 2599 inchoat
1083 2565 1201 2598 aras
1241 2554 1284 2598 et
1319 2551 1478 2598 solida
1515 2552 1706 2611 inponit
1734 2553 1898 2599 tauro-

1956 2257 1986 2417 „³223ssssss
1968 2220 1985 2246 ε.
1986 2175 1987 2178 Α
1975 2160 1977 2163 -

328 2711 355 2749 4
393 2706 684 2750 detestandus
714 2705 768 2750 V.
827 2710 833 2763 Ι
889 2707 1072 2751 habitus
1102 2705 1144 2750 V
1181 2706 1354 2751 halitus
1391 2720 1474 2750 nos
1511 2707 1666 2750 hiatus
1703 2705 1774 2749 ed.

209 2769 236 2808 8
266 2779 402 2822 super
431 2764 474 2808 V
505 2764 575 2809 ed.
602 2779 688 2821 per
718 2778 816 2810 nos.
941 2769 994 2809 10
1026 2765 1215 2810 colorem
1238 2764 1281 2810 V
1310 2769 1354 2810 et
1381 2779 1416 2809 c.
1443 2764 1607 2820 scripsi
1640 2779 1747 2808 cum
1777 2764 1849 2809 ed.
1879 2764 1892 2823 Ι
1975 2796 1977 2800 ,

207 2825 339 2869 ritem
367 2824 424 2869 V.
463 2824 470 2883 Ι
503 2824 784 2881 pertenuis-se
814 2823 869 2867 V.
994 2828 1049 2867 14
1081 2825 1156 2869 dic
1185 2829 1319 2868 tanta
1348 2839 1370 2868 e
1401 2823 1443 2868 V
1473 2825 1672 2869 dictante
1702 2837 1787 2867 nos
1811 2816 1893 2880 ⁹(cf.
1946 2867 1982 2879 Ν

209 2885 380 2940 2151)
412 2896 500 2927 om.
527 2883 598 2927 ed.
737 2887 791 2926 16
823 2896 906 2927 cru
935 2896 1020 2939 pro
1050 2897 1253 2929 cruorem
1286 2882 1338 2927 V.
1478 2886 1531 2926 19
1564 2883 1649 2926 tibi
1679 2896 1767 2927 om.
1793 2882 1848 2927 V.
1883 2882 1891 2930 l

202 2943 523 2998 proserpinam
553 2941 607 2986 V.
760 2946 816 2984 23
847 2943 993 2987 sterili
1021 2941 1077 2986 V
1229 2946 1285 2985 29
1315 2943 1402 2986 hac
1430 2956 1514 2998 pro
1547 2955 1600 2986 ac
1632 2941 1672 2984 V
1704 2942 1892 2998 (saepe).

299 3005 354 3045 30
387 3001 634 3046 adtunsum
664 3000 719 3045 V.
748 3002 754 3058 Ι
788 3002 964 3046 veneris
992 3000 1035 3045 V
1065 3001 1260 3046 venereis
1291 3000 1362 3045 ed.
1470 3005 1523 3046 31
1557 3005 1808 3045 noctmnus
1837 2998 1891 3044 V.
