2014 3226
233 160 338 212 608
698 159 930 204 DONATI
962 159 1241 204 INTERPR.
1277 160 1453 204 VERG.

144 306 227 344 785
237 302 378 360 prole
412 302 589 356 virum,
622 301 782 359 qualis
815 300 1105 359 Berecyntia
1135 303 1290 347 mater
1319 301 1560 348 invehitur
1591 315 1739 348 carra
1769 302 1921 363 Phry-

226 377 338 433 {Jias
378 376 555 421 turrita
584 389 679 433 per
717 374 878 421 urbis:
916 374 1050 420 omni
1088 389 1264 437 genere
1303 374 1512 422 laudata
1551 376 1639 434 est,
1676 377 1919 436 positione

230 449 341 508 loci,
381 447 626 509 potentia,
675 448 860 494 virtute
901 450 950 494 et
989 447 1230 495 felicitate
1272 447 1458 495 subolis
1498 463 1635 509 suae,
1680 448 1797 496 talis
1836 449 1922 496 ha-

230 521 397 570 bitura
444 523 655 581 animos,
704 522 865 583 qualis
909 521 1059 568 habet
1096 523 1256 569 mater
1296 522 1462 582 deum,
1510 537 1620 568 cum
1658 538 1747 583 per
1785 523 1923 571 urbis

230 596 473 657 Phrygias
509 596 678 642 fertur.
737 596 830 643 leue
858 597 1082 654 yeminas
1111 610 1242 642 nune
1272 597 1402 654 flecte
1435 597 1575 651 acies,
1607 596 1733 644 hanc
1764 598 1924 656 aspice
1972 613 1990 643 5

144 674 227 713 790
242 673 427 729 (sentem
465 669 806 728 Romanosque
852 667 1001 729 tnoss,
1041 670 1119 717 hic
1160 668 1344 717 Caesar
1392 673 1435 716 et
1479 671 1635 717 omnis
1672 670 1778 717 Iuli
1806 685 1925 729 pro-

226 741 440 805 qeniess·
490 742 690 804 quando
731 742 795 790 ad
836 741 1097 790 Caesarem
1135 744 1274 790 venit
1313 745 1363 790 et
1403 744 1506 791 eius
1546 759 1723 791 nomen
1763 743 1924 792 voluit

229 818 478 878 praeferre
528 819 576 863 et
623 816 912 864 confirmare
961 817 1093 878 quod
1141 833 1169 864 a
1209 817 1436 865 Troianis
1477 818 1720 880 originem
1759 818 1923 879 ducat,

231 891 423 938 addidit
468 891 815 938 hortationem.
893 906 993 950 res,
1039 891 1229 952 inquit,
1276 906 1459 953 magna
1499 894 1592 952 est,
1641 907 1791 952 quam
1829 892 1923 939 tibi

229 967 593 1013 monstraturus
641 979 771 1012 sum:
826 964 1033 1025 proinde
1079 965 1279 1026 plenam
1327 966 1482 1012 aciem
1529 968 1728 1012 tuorum
1778 965 1922 1012 lumi-
1949 983 1992 1015 10

229 1056 348 1086 num
396 1039 458 1085 ad
506 1054 615 1085 eam
663 1039 931 1086 convertes.
1008 1039 1129 1086 haec
1169 1040 1244 1086 est
1283 1055 1401 1102 gens
1440 1041 1543 1099 tua,
1582 1039 1635 1085 hi
1674 1041 1790 1086 sunt
1828 1039 1923 1087 Ro-

228 1114 364 1160 mani
419 1114 467 1160 et
512 1112 613 1159 Iuli
659 1112 891 1160 universa
936 1114 1218 1176 progenies,
1273 1115 1327 1160 in
1375 1129 1473 1174 qua
1519 1115 1594 1160 est
1641 1115 1690 1159 et
1730 1111 1923 1162 Caesar.

228 1186 480 1234 laudantis
519 1186 684 1234 studio
723 1187 884 1248 primo
920 1185 1179 1234 Gaesarem
1220 1187 1503 1248 specialiter
1533 1188 1714 1249 posuit,
1748 1186 1923 1234 dehinc

230 1261 529 1324 generaliter
561 1263 762 1308 ceteros.
824 1276 1058 1320 maynnrn
1096 1261 1216 1309 caeli
1254 1263 1459 1309 ventura
1498 1262 1587 1308 sub
1628 1275 1792 1308 axem:
1831 1261 1922 1308 sub

230 1335 310 1381 axi
358 1335 483 1383 caeli
530 1337 646 1382 sunt
693 1350 860 1382 omnes
911 1335 994 1395 qui
1041 1336 1276 1382 fruuntur
1313 1335 1446 1397 luce,
1494 1334 1578 1382 sed
1616 1335 1696 1382 hic
1735 1335 1922 1382 dictum
1948 1354 1991 1385 15

230 1411 305 1456 est
342 1425 442 1456 non
480 1410 677 1456 tantum
716 1410 874 1456 ituros
914 1409 967 1456 in
1005 1409 1165 1456 lucem
1204 1426 1375 1456 verum
1416 1410 1568 1456 etiam
1606 1408 1783 1456 merito
1824 1410 1921 1457 vir-

228 1484 351 1530 tutis
391 1498 547 1544 usque
588 1482 651 1529 ad
691 1483 853 1545 ipsum
893 1483 1019 1530 caeli
1058 1499 1198 1531 axem
1238 1498 1341 1531 esse
1381 1485 1629 1531 venturos.
1706 1484 1782 1531 hic
1830 1485 1920 1538 vir,

228 1558 304 1605 hie
344 1560 412 1605 est
448 1558 535 1604 tibi
574 1571 713 1615 quem
742 1558 964 1616 promitti
1003 1559 1199 1616 saepius
1231 1557 1391 1612 audie,
1425 1556 1681 1616 Augustas
1715 1556 1922 1605 Caesar:

228 1631 309 1677 hic
357 1633 453 1692 est,
498 1631 684 1692 inquit,
731 1633 809 1679 vir
856 1633 993 1679 cuius
1041 1632 1171 1679 inter
1218 1631 1432 1678 maxima
1480 1633 1585 1692 spei
1621 1633 1738 1678 tuae
1778 1646 1920 1679 orna·

228 1707 397 1752 menta
442 1705 756 1767 promittitur
801 1705 969 1765 decus,
1007 1706 1115 1767 ipse
1163 1708 1237 1753 est
1278 1705 1537 1768 Augustus
1579 1703 1770 1752 Caesar.
1847 1705 1921 1752 in·
1946 1723 1993 1755 20

230 1778 353 1840 cipit
392 1778 554 1827 dicere
595 1778 714 1840 quid
753 1780 820 1826 sit
861 1779 992 1840 quod
1032 1779 1105 1826 ait
1143 1781 1242 1841 vir3
1296 1795 1396 1827 non
1435 1779 1567 1827 enim
1607 1795 1776 1827 sexum
1815 1779 1920 1826 eius

230 1851 507 1916 significare
546 1853 721 1913 voluit,
762 1853 848 1901 sed
886 1854 1034 1901 facta.
1102 1853 1315 1915 denique
1348 1855 1573 1915 sequitur
1603 1848 1737 1916 †qui
1767 1867 1922 1900 aurea

229 1926 389 1975 condit
425 1927 623 1975 saecula
660 1928 738 1974 vir
776 1927 876 1974 diva·
911 1941 1066 1986 yenus
1103 1929 1181 1976 vir
1220 1929 1305 1987 qui
1334 1942 1509 1975 rursus
1539 1927 1688 1975 Latio
1718 1930 1921 1986 reynata

220 2015 315 2060 per
353 2016 476 2049 arva
512 2000 728 2049 Saturno
766 2001 1025 2061 quondam,
1056 2016 1205 2061 saper
1244 2004 1287 2049 et
1319 2000 1655 2050 Garamantas
1694 2004 1737 2049 et
1765 2000 1922 2048 Indos

142 2079 226 2119 795
234 2077 453 2135 proferet
495 2077 776 2135 imperium,
831 2077 956 2123 iacet
999 2079 1136 2123 extra
1179 2077 1344 2124 sidera
1395 2076 1555 2131 telluS,
1611 2078 1746 2124 extra
1800 2077 1920 2122 anni
1945 2093 1987 2126 25

227 2149 435 2208 solisque
472 2150 596 2205 viaS,
633 2149 718 2197 nbi
756 2149 953 2208 caelifer
981 2147 1164 2197 Atlans
1194 2165 1334 2198 axem
1363 2164 1527 2197 umero
1560 2151 1742 2208 torquet
1772 2150 1920 2197 stellis

228 2222 510 2270 ardentibus
543 2226 735 2283 aptum:
773 2224 852 2271 vir
881 2223 962 2270 hic
995 2225 1069 2271 est
1101 2225 1188 2285 qui
1221 2223 1283 2270 ad
1314 2223 1693 2271 similitudinem
1717 2222 1920 2270 Saturni

350 2382 372 2419 1
407 2377 715 2435 berechynctia
746 2378 801 2422 V.
955 2383 980 2421 2
1013 2379 1142 2423 urbis
1177 2379 1284 2423 finis
1322 2378 1559 2423 lemmatis
1599 2379 1649 2422 in
1681 2378 1721 2421 V
1761 2392 1917 2422 versus

232 2440 314 2480 786
348 2438 396 2480 et
428 2441 511 2480 787
547 2437 653 2480 add.
687 2437 774 2492 ed„
808 2437 890 2480 sed
921 2451 1015 2481 non
1047 2438 1352 2495 explicantur.
1455 2443 1480 2481 3
1513 2439 1724 2482 virtunae
1754 2437 1797 2481 V
1825 2438 1916 2481 vir-

229 2501 320 2540 tute
353 2495 424 2539 ed.
454 2500 459 2550 ι
487 2497 595 2540 talis
613 2522 667 2528 —
685 2501 713 2539 4
745 2498 901 2552 quales
931 2497 986 2540 V.
1132 2501 1157 2540 6
1188 2499 1333 2542 hic—
1346 2498 1586 2555 proyenies
1617 2497 1750 2540 deest
1779 2496 1830 2539 in
1861 2495 1916 2549 V,

230 2555 310 2598 sed
343 2553 617 2611 explicatur.
713 2560 764 2598 11
798 2570 897 2600 eam
921 2556 963 2599 V
986 2571 1040 2600 ea
1064 2556 1136 2601 ed.
1230 2562 1284 2600 15
1317 2571 1403 2601 axe
1435 2556 1505 2600 ed.
1600 2560 1654 2599 16
1687 2557 1837 2600 iturus
1860 2555 1914 2599 V

319 2618 374 2657 22
406 2615 514 2682 post
543 2615 747 2671 seqnitur
776 2629 873 2683 pro
893 2614 1112 2659 lemmate
1145 2615 1322 2672 scripta
1355 2617 1435 2671 qui
1465 2629 1608 2659 aurea
1638 2614 1792 2659 condit
1820 2628 1915 2658 sae·

228 2673 334 2717 cala
371 2674 444 2717 vir
483 2674 581 2717 divi
616 2687 758 2730 yenns
795 2675 868 2717 vir
907 2675 987 2730 qui
1023 2688 1185 2719 rursus
1216 2677 1302 2719 etc.
1336 2675 1481 2717 habet
1510 2674 1572 2718 V:
1620 2673 1916 2718 scribendum

227 2731 413 2775 videtur
442 2732 525 2786 vir,
558 2733 656 2776 divi
683 2747 840 2790 genus,
873 2734 941 2776 vir
970 2734 1052 2790 qui
1082 2748 1224 2779 aurea
1255 2734 1408 2778 condit
1437 2734 1620 2777 saecula
1642 2745 1804 2777 rwrsus
1827 2734 1913 2776 etc.

229 2790 532 2847 (transposito
572 2793 735 2835 contra
772 2793 973 2835 metrum
1010 2793 1091 2849 qui
1129 2792 1378 2837 ordinandi
1417 2805 1577 2836 sensus
1610 2794 1791 2847 causa),
1832 2791 1914 2835 sed

229 2863 411 2893 crucem
453 2863 687 2907 apponere
726 2850 915 2894 traditis
954 2851 1105 2895 verbis
1144 2851 1312 2905 malui3
1360 2852 1514 2896 divum
1549 2864 1690 2908 yenus
1719 2864 1803 2906 pro
1836 2851 1918 2906 qui

226 2908 442 2965 praefixit
486 2910 559 2954 vir
581 2935 638 2942 —
661 2910 734 2954 vir
772 2923 859 2954 om.
893 2909 965 2954 ed.
1027 2924 1112 2954 nec
1158 2911 1314 2955 condit
1357 2909 1557 2963 mutavi,
1606 2909 1718 2966 quia
1761 2909 1828 2953 sic
1867 2911 1914 2952 et

227 2967 351 3012 infra
383 2968 435 3011 V.
559 2973 615 3012 26
647 2968 762 3012 caeli
792 2970 976 3014 athlans
1004 2969 1060 3014 V.
1090 2972 1096 3027 Ι
1129 2970 1266 3014 stillis
1296 2969 1349 3013 V.
1860 2990 1862 2993 >
