2014 3226
766 147 1068 190 AENEIDos
1101 147 1165 190 111
1709 150 1814 201 319

126 288 334 335 condere
367 288 635 334 civitatem.
684 286 995 347 hyperbaton
1028 288 1146 335 fecit
1178 288 1426 350 quandam
1451 287 1815 348 obscuritatem,

127 362 347 422 aperitur
393 365 583 420 tamen,
631 361 673 408 si
713 361 845 422 quod
884 361 1029 422 longe
1070 365 1352 423 separatum
1393 366 1467 409 est
1506 362 1816 409 ordinatione

125 434 388 483 verborum
440 436 710 496 procurata
765 436 1025 496 iungatur:
1090 437 1227 495 ante,
1281 437 1466 497 inquit,
1514 436 1607 483 tibi
1655 437 1815 483 multa

125 509 428 556 transeunda
462 511 590 569 sunt,
625 524 774 570 quam
806 507 900 555 tibi
933 508 1190 570 contingat
1223 509 1285 556 ad
1308 510 1513 556 Italiam
1544 511 1816 571 pervenire,

81 599 100 631 5
127 585 176 630 et
223 583 349 630 dixit
396 599 523 644 quae
573 583 673 629 sint
720 583 830 643 ipsa
876 582 1036 629 multa
1084 585 1132 629 et
1170 583 1291 630 haec
1332 584 1612 645 specialiter
1650 586 1817 646 posuit

127 672 252 718 quae
308 657 429 704 dicit
482 658 642 718 primo
705 654 1021 703 transeunda.
1108 659 1312 718 propter
1371 658 1816 706 manifestatiorem

127 733 293 777 autem
332 731 712 778 instructionem
754 729 825 777 ait
863 731 1004 789 siyna
1037 731 1123 778 tibi
1155 733 1328 786 (licam,
1363 736 1410 778 tu
1446 734 1635 780 condita
1663 737 1816 780 mente

125 807 286 852 teneto.
351 804 664 852 commendat
704 803 838 865 quod
875 805 1041 852 fuerat
1080 805 1316 865 dicturus,
1357 808 1411 852 ut
1450 807 1729 854 ostenderet
1767 809 1816 854 et

123 894 361 942 magnum
393 894 496 926 esse
530 881 580 926 et
610 894 798 926 verum.
861 877 991 940 quod
1031 878 1253 926 dicturus
1294 895 1402 926 sum
1442 882 1553 927 tene
1593 880 1814 928 sensibus

59 970 101 1002 10
125 952 381 1000 conditum
420 968 508 999 nec
539 967 629 1014 pro
662 953 762 1000 levi
791 951 1018 999 habitum
1050 954 1226 1000 reicias
1259 969 1315 1000 ex
1349 955 1513 1002 animo
1545 956 1647 1003 tuo.
1707 970 1815 1002 eum

125 1028 211 1074 tibi
256 1027 455 1075 sollicito
502 1027 667 1074 secreti
713 1026 779 1074 ad
817 1027 1039 1084 fluminis
1077 1027 1264 1074 undam
1302 1028 1481 1076 litoreis
1518 1030 1686 1088 inqens
1723 1031 1798 1076 in·
1816 1035 1905 1074 390

124 1102 266 1148 venta
303 1101 392 1148 sub
431 1101 623 1148 «ilicibus
661 1115 747 1148 sus
786 1102 985 1160 triginta
1029 1102 1239 1160 capitum
1285 1103 1410 1161 fetus
1458 1105 1600 1150 enixa
1645 1103 1815 1150 iacebit

125 1175 252 1230 alba,
292 1175 390 1222 solo
428 1175 681 1230 recubans,
722 1175 822 1222 albi
861 1176 1041 1222 circum
1080 1176 1229 1222 ubera
1270 1177 1389 1230 orati,
1429 1178 1472 1223 is
1511 1177 1640 1223 Iocus
1679 1177 1814 1224 urbis

125 1251 226 1303 erit,
268 1251 454 1308 requies
494 1263 550 1296 ca
589 1251 718 1296 certa
758 1248 1000 1296 laborum:
1041 1248 1160 1310 quid
1199 1250 1367 1297 tamen
1407 1252 1624 1311 apertius
1667 1267 1814 1311 quam

24 1322 36 1329 ’
57 1339 98 1372 15
123 1323 435 1386 ignorantem
474 1325 551 1370 tot
591 1324 746 1385 signis
785 1321 1067 1370 instruere?
1143 1323 1267 1370 dixit
1308 1325 1439 1371 enim
1485 1324 1669 1385 locum,
1717 1325 1814 1371 loci

123 1397 266 1459 signa
322 1396 381 1443 de
435 1396 637 1445 flumine
690 1412 746 1444 ac
801 1397 860 1444 de
917 1396 1174 1445 arboribus
1229 1397 1365 1445 dedit
1409 1414 1498 1446 nec
1544 1398 1815 1460 quemlibet

122 1471 302 1531 locum,
336 1471 420 1518 sed
452 1473 718 1532 secretum3
758 1470 885 1518 dixit
914 1474 1128 1532 tempus,
1161 1487 1273 1519 cum
1304 1473 1473 1535 nimia,
1504 1473 1685 1534 inquit,
1717 1473 1811 1520 sol-

122 1545 380 1592 licitudine
419 1545 576 1592 fueris
606 1561 827 1607 pressus3
868 1545 994 1592 dixit
1024 1547 1126 1592 iam
1159 1547 1355 1608 signum
1385 1547 1566 1608 ipsum,
1596 1561 1813 1607 porcam,

120 1619 302 1681 inquit,
340 1619 586 1678 iuvenies3
626 1619 724 1680 ipsi
766 1635 963 1681 quoque
1002 1635 1181 1681 porcae
1221 1620 1492 1682 adplicavit
1521 1619 1721 1680 indicia,
1752 1637 1813 1668 ne

54 1710 99 1743 20
124 1693 332 1740 alteram
372 1693 501 1741 forte
541 1694 641 1742 alio
681 1695 903 1755 tempore
944 1695 1097 1755 atque
1138 1694 1235 1741 alio
1275 1694 1384 1742 loco
1422 1695 1674 1756 reperiens
1719 1694 1811 1741 fal-

120 1766 327 1827 leretur3
372 1767 510 1815 dedit
550 1769 748 1831 signum
788 1768 847 1814 de
888 1782 1091 1830 corpore
1129 1767 1381 1832 ingentem
1420 1767 1718 1830 significans,
1757 1771 1813 1816 ut

122 1857 231 1889 eam
277 1841 497 1889 crederet
542 1841 753 1905 triginta
799 1843 932 1890 fetus
980 1857 1219 1904 exponere
1266 1843 1507 1903 potuisse3
1570 1841 1706 1890 dedit
1753 1842 1813 1890 de

122 1915 304 1975 colore,
353 1915 483 1977 quod
531 1915 666 1977 alba3
721 1915 859 1964 dedit
904 1915 963 1962 de
1010 1915 1116 1964 fetu
1163 1917 1267 1964 eius
1311 1932 1572 1963 numerum
1610 1915 1812 1963 firmans

120 1989 332 2053 triginta
393 1990 637 2052 capitum,
698 1991 922 2052 ipsorum
983 2005 1181 2052 quoque
1237 1990 1450 2038 colorem
1505 1990 1809 2038 consimilem

54 2079 97 2112 25
122 2063 381 2126 spondens,
412 2064 574 2126 ipsam
612 2059 716 2127 †ut
745 2064 1004 2113 roboream
1037 2063 1254 2126 quietam
1289 2068 1338 2112 et
1370 2065 1623 2111 iacentem.
1690 2064 1813 2111 haec

31 2177 35 2202 :
122 2153 237 2201 ergo
276 2137 376 2198 ubi,
406 2138 588 2199 inquit,
621 2137 816 2198 videris,
848 2138 953 2185 illic
990 2136 1194 2186 habebis
1234 2138 1414 2199 sedem,
1445 2137 1548 2186 illic
1586 2137 1810 2186 laborum

32 2216 42 2279 ss.
119 2213 355 2273 requiem.
433 2227 583 2274 supra
636 2211 784 2260 fidem
837 2228 1004 2260 rerum
1058 2213 1132 2259 est
1183 2227 1326 2274 posse
1379 2227 1582 2274 porcam
1635 2227 1808 2274 parere

32 2285 39 2293 ’
120 2285 250 2334 fetus
295 2285 528 2350 triginta,
585 2285 854 2334 consimilis
902 2285 1083 2347 omniS,
1136 2287 1361 2334 materno
1413 2285 1566 2335 colori
1609 2300 1810 2347 respon-

122 2358 316 2420 denteS‚
363 2360 405 2409 si
450 2362 618 2408 tamen
665 2359 1000 2408 consideretur
1037 2361 1248 2408 monstri
1285 2361 1439 2420 ratio,
1484 2362 1652 2422 potest
1689 2359 1808 2406 fieri.

53 2449 98 2482 ³0
119 2449 236 2481 nam
282 2434 473 2482 factum
520 2436 595 2482 est
641 2449 786 2496 saepe
826 2437 883 2481 ut
920 2436 1119 2495 praeter
1155 2437 1388 2486 naturam
1426 2434 1586 2482 multa.
1621 2433 1809 2495 profer-

242 2608 262 2646 1
294 2618 379 2660 per
408 2605 692 2662 hyperbaton
723 2604 794 2648 ed.
919 2608 944 2647 6
977 2604 1381 2659 manifestatiorem
1412 2603 1499 2647 LR
1529 2603 1808 2658 manifestio-

118 2676 212 2708 rem
243 2663 318 2708 ed..
350 2663 424 2720 (cf.
448 2672 498 2708 v.
526 2668 610 2708 107
644 2665 910 2719 obseurate).
1021 2667 1076 2707 10
1107 2668 1205 2709 tuto
1235 2662 1278 2706 R
1308 2668 1386 2708 tuo
1417 2677 1452 2707 r.
1555 2666 1607 2705 11
1642 2662 1811 2707 litoriis

118 2721 218 2768 LR.
328 2726 383 2766 13
413 2723 486 2767 his
515 2722 604 2766 LR
634 2724 675 2767 is
704 2737 739 2767 r.
847 2726 904 2766 14
934 2727 1085 2767 tamen
1114 2723 1319 2780 apertius
1349 2722 1436 2765 LR
1466 2721 1536 2766 ed.
1570 2723 1666 2766 iam
1695 2735 1739 2765 a.
1771 2718 1805 2764 r‘

121 2793 181 2825 an
218 2786 313 2826 tam
344 2786 582 2838 apertum?
727 2786 782 2825 22
816 2781 1044 2826 crederent
1073 2780 1161 2825 LR
1191 2780 1264 2826 ed.
1410 2785 1466 2825 25
1496 2785 1549 2825 ut
1577 2779 1809 2824 roboream

118 2839 206 2883 LR
236 2839 308 2884 ed.
334 2842 604 2898 corruptum
635 2853 738 2886 esse
767 2842 916 2897 patet,
948 2839 1146 2885 fortasse
1177 2841 1260 2886 sub
1283 2841 1440 2885 robore
1463 2843 1547 2884 ae?
1578 2852 1638 2883 an
1668 2838 1809 2883 ubera

113 2899 431 2959 praebentem?
537 2905 594 2944 26
628 2901 826 2945 laborem
855 2899 943 2942 LR
974 2913 1088 2946 corr.
1122 2899 1194 2944 ed.
1298 2903 1355 2943 28
1387 2899 1530 2944 colore
1560 2897 1645 2940 LR
1676 2896 1746 2942 ed.

120 2961 177 3001 30
201 2958 502 3015 profer-antw-
530 2959 602 3004 ed.
