<?xml version="1.0" encoding="UTF-8"?>
<!DOCTYPE html PUBLIC "-//W3C//DTD XHTML 1.0 Transitional//EN"
    "http://www.w3.org/TR/xhtml1/DTD/xhtml1-transitional.dtd">
<html xmlns="http://www.w3.org/1999/xhtml" xml:lang="en" lang="en">
 <head>
  <title>
</title>
<meta http-equiv="Content-Type" content="text/html;charset=utf-8" />
  <meta name='ocr-system' content='tesseract 3.04.00' />
  <meta name='ocr-capabilities' content='ocr_page ocr_carea ocr_par ocr_line ocrx_word'/>
</head>
<body>
  <div class='ocr_page' id='page_1' title='image "./interpretationes01donauoft_0529.png"; bbox 0 0 2014 3226; ppageno 0'>
   <div class='ocr_carea' id='block_1_1' title="bbox 759 188 1803 239">
    <p class='ocr_par' dir='ltr' id='par_1_1' title="bbox 759 188 1803 239">
     <span class='ocr_line' id='line_1_1' title="bbox 759 188 1803 239; baseline -0.002 -9"><span class='ocrx_word' id='word_1_1' title='bbox 759 188 1062 231; x_wconf 86' lang='lat' dir='ltr'>AENEIDOS</span> <span class='ocrx_word' id='word_1_2' title='bbox 1096 188 1134 230; x_wconf 90' lang='lat' dir='ltr'>V</span> <span class='ocrx_word' id='word_1_3' title='bbox 1696 188 1803 239; x_wconf 64' lang='lat'>479</span> 
     </span>
    </p>
   </div>
   <div class='ocr_carea' id='block_1_2' title="bbox 23 327 1892 2761">
    <p class='ocr_par' dir='ltr' id='par_1_2' title="bbox 23 327 1892 2761">
     <span class='ocr_line' id='line_1_2' title="bbox 112 327 1806 390; baseline -0.001 -13"><span class='ocrx_word' id='word_1_4' title='bbox 112 333 185 378; x_wconf 90' lang='lat' dir='ltr'>est</span> <span class='ocrx_word' id='word_1_5' title='bbox 231 330 535 389; x_wconf 83' lang='lat' dir='ltr'>intellectus3</span> <span class='ocrx_word' id='word_1_6' title='bbox 598 330 796 390; x_wconf 91' lang='lat' dir='ltr'>placare</span> <span class='ocrx_word' id='word_1_7' title='bbox 845 331 976 375; x_wconf 89' lang='lat' dir='ltr'>enim</span> <span class='ocrx_word' id='word_1_8' title='bbox 1031 329 1191 375; x_wconf 86' lang='lat' dir='ltr'>voluit</span> <span class='ocrx_word' id='word_1_9' title='bbox 1237 327 1432 375; x_wconf 78' lang='lat' dir='ltr'>Aeneae</span> <span class='ocrx_word' id='word_1_10' title='bbox 1487 331 1701 375; x_wconf 89' lang='lat' dir='ltr'>mentem</span> <span class='ocrx_word' id='word_1_11' title='bbox 1757 332 1806 375; x_wconf 91' lang='lat' dir='ltr'>et</span> 
     </span>
     <span class='ocr_line' id='line_1_3' title="bbox 112 402 1805 464; baseline -0.002 -13"><span class='ocrx_word' id='word_1_12' title='bbox 112 404 301 451; x_wconf 91' lang='lat' dir='ltr'>animos</span> <span class='ocrx_word' id='word_1_13' title='bbox 343 403 691 462; x_wconf 79' lang='lat' dir='ltr'>Troianorum,</span> <span class='ocrx_word' id='word_1_14' title='bbox 733 419 855 464; x_wconf 89' lang='lat' dir='ltr'>quos</span> <span class='ocrx_word' id='word_1_15' title='bbox 895 404 946 448; x_wconf 89' lang='lat' dir='ltr'>in</span> <span class='ocrx_word' id='word_1_16' title='bbox 987 402 1203 464; x_wconf 83' lang='lat' dir='ltr'>pernicie</span> <span class='ocrx_word' id='word_1_17' title='bbox 1244 402 1442 449; x_wconf 88' lang='lat' dir='ltr'>Daretis</span> <span class='ocrx_word' id='word_1_18' title='bbox 1483 402 1716 461; x_wconf 79' lang='lat' dir='ltr'>laeserat,</span> <span class='ocrx_word' id='word_1_19' title='bbox 1757 405 1805 449; x_wconf 90' lang='lat' dir='ltr'>et</span> 
     </span>
     <span class='ocr_line' id='line_1_4' title="bbox 110 475 1804 540; baseline -0.001 -16"><span class='ocrx_word' id='word_1_20' title='bbox 110 479 273 540; x_wconf 92' lang='lat' dir='ltr'>posito</span> <span class='ocrx_word' id='word_1_21' title='bbox 330 478 495 524; x_wconf 86' lang='lat' dir='ltr'>furore</span> <span class='ocrx_word' id='word_1_22' title='bbox 551 478 834 523; x_wconf 76' lang='lat' dir='ltr'>certaminis</span> <span class='ocrx_word' id='word_1_23' title='bbox 884 479 955 523; x_wconf 85' lang='lat' dir='ltr'>ait</span> <span class='ocrx_word' id='word_1_24' title='bbox 1004 477 1181 523; x_wconf 89' lang='lat' dir='ltr'>melius</span> <span class='ocrx_word' id='word_1_25' title='bbox 1236 478 1426 523; x_wconf 85' lang='lat' dir='ltr'>factum</span> <span class='ocrx_word' id='word_1_26' title='bbox 1480 479 1553 523; x_wconf 88' lang='lat' dir='ltr'>est</span> <span class='ocrx_word' id='word_1_27' title='bbox 1606 479 1662 522; x_wconf 92' lang='lat' dir='ltr'>ut</span> <span class='ocrx_word' id='word_1_28' title='bbox 1715 475 1804 523; x_wconf 92' lang='lat' dir='ltr'>bos</span> 
     </span>
     <span class='ocr_line' id='line_1_5' title="bbox 110 549 1804 613; baseline -0.001 -15"><span class='ocrx_word' id='word_1_29' title='bbox 110 554 276 613; x_wconf 89' lang='lat' dir='ltr'>potius</span> <span class='ocrx_word' id='word_1_30' title='bbox 323 552 551 598; x_wconf 87' lang='lat' dir='ltr'>interiret</span> <span class='ocrx_word' id='word_1_31' title='bbox 600 566 748 611; x_wconf 89' lang='lat' dir='ltr'>quam</span> <span class='ocrx_word' id='word_1_32' title='bbox 788 550 943 597; x_wconf 83' lang='lat' dir='ltr'>Dares</span> <span class='ocrx_word' id='word_1_33' title='bbox 992 551 1266 611; x_wconf 81' lang='lat' dir='ltr'>meliusque</span> <span class='ocrx_word' id='word_1_34' title='bbox 1306 549 1421 610; x_wconf 88' lang='lat' dir='ltr'>tibi,</span> <span class='ocrx_word' id='word_1_35' title='bbox 1462 551 1616 611; x_wconf 84' lang='lat' dir='ltr'>Eryx,</span> <span class='ocrx_word' id='word_1_36' title='bbox 1663 550 1804 597; x_wconf 87' lang='lat' dir='ltr'>bovis</span> 
     </span>
     <span class='ocr_line' id='line_1_6' title="bbox 65 623 1805 685; baseline -0.003 -10"><span class='ocrx_word' id='word_1_37' title='bbox 65 643 85 675; x_wconf 79' lang='lat'><strong>5</strong></span> <span class='ocrx_word' id='word_1_38' title='bbox 113 627 279 673; x_wconf 87' lang='lat' dir='ltr'>anima</span> <span class='ocrx_word' id='word_1_39' title='bbox 326 627 442 672; x_wconf 88' lang='lat' dir='ltr'>vota</span> <span class='ocrx_word' id='word_1_40' title='bbox 487 624 705 685; x_wconf 86' lang='lat' dir='ltr'>persolvi</span> <span class='ocrx_word' id='word_1_41' title='bbox 752 640 902 685; x_wconf 89' lang='lat' dir='ltr'>quam</span> <span class='ocrx_word' id='word_1_42' title='bbox 949 624 1184 683; x_wconf 69' lang='lat' dir='ltr'>hominis,</span> <span class='ocrx_word' id='word_1_43' title='bbox 1246 623 1367 671; x_wconf 89' lang='lat' dir='ltr'>haec</span> <span class='ocrx_word' id='word_1_44' title='bbox 1415 624 1546 670; x_wconf 88' lang='lat' dir='ltr'>enim</span> <span class='ocrx_word' id='word_1_45' title='bbox 1594 627 1667 672; x_wconf 91' lang='lat' dir='ltr'>est</span> <span class='ocrx_word' id='word_1_46' title='bbox 1714 624 1805 671; x_wconf 90' lang='lat' dir='ltr'>hoc</span> 
     </span>
     <span class='ocr_line' id='line_1_7' title="bbox 109 698 1804 760; baseline -0.001 -13"><span class='ocrx_word' id='word_1_47' title='bbox 109 700 218 747; x_wconf 94' lang='lat' dir='ltr'>loco</span> <span class='ocrx_word' id='word_1_48' title='bbox 267 700 434 746; x_wconf 87' lang='lat' dir='ltr'>anima</span> <span class='ocrx_word' id='word_1_49' title='bbox 481 698 655 746; x_wconf 88' lang='lat' dir='ltr'>melior</span> <span class='ocrx_word' id='word_1_50' title='bbox 704 714 828 759; x_wconf 91' lang='lat' dir='ltr'>quae</span> <span class='ocrx_word' id='word_1_51' title='bbox 878 700 982 745; x_wconf 89' lang='lat' dir='ltr'>sine</span> <span class='ocrx_word' id='word_1_52' title='bbox 1027 698 1212 759; x_wconf 78' lang='lat' dir='ltr'>piaculi</span> <span class='ocrx_word' id='word_1_53' title='bbox 1252 699 1544 760; x_wconf 82' lang='lat' dir='ltr'>contagione</span> <span class='ocrx_word' id='word_1_54' title='bbox 1585 700 1804 745; x_wconf 87' lang='lat' dir='ltr'>mactata</span> 
     </span>
     <span class='ocr_line' id='line_1_8' title="bbox 110 771 1804 835; baseline -0.001 -15"><span class='ocrx_word' id='word_1_55' title='bbox 110 776 196 820; x_wconf 90' lang='lat' dir='ltr'>est.</span> <span class='ocrx_word' id='word_1_56' title='bbox 282 774 357 820; x_wconf 77' lang='lat' dir='ltr'>hic</span> <span class='ocrx_word' id='word_1_57' title='bbox 409 775 558 820; x_wconf 76' lang='lat' dir='ltr'>victor</span> <span class='ocrx_word' id='word_1_58' title='bbox 612 776 798 820; x_wconf 79' lang='lat' dir='ltr'>caestus</span> <span class='ocrx_word' id='word_1_59' title='bbox 853 776 1098 831; x_wconf 76' lang='lat' dir='ltr'>artemque</span> <span class='ocrx_word' id='word_1_60' title='bbox 1150 786 1355 831; x_wconf 74' lang='lat' dir='ltr'>repono:</span> <span class='ocrx_word' id='word_1_61' title='bbox 1417 772 1548 834; x_wconf 89' lang='lat' dir='ltr'>quod</span> <span class='ocrx_word' id='word_1_62' title='bbox 1599 771 1804 835; x_wconf 90' lang='lat' dir='ltr'>dignum</span> 
     </span>
     <span class='ocr_line' id='line_1_9' title="bbox 110 846 1805 909; baseline -0.001 -15"><span class='ocrx_word' id='word_1_63' title='bbox 110 848 448 909; x_wconf 85' lang='lat' dir='ltr'>spectaculum</span> <span class='ocrx_word' id='word_1_64' title='bbox 495 848 824 908; x_wconf 86' lang='lat' dir='ltr'>provenisset,</span> <span class='ocrx_word' id='word_1_65' title='bbox 872 862 1143 909; x_wconf 83' lang='lat' dir='ltr'>congruum</span> <span class='ocrx_word' id='word_1_66' title='bbox 1189 847 1235 894; x_wconf 88' lang='lat' dir='ltr'>ei</span> <span class='ocrx_word' id='word_1_67' title='bbox 1273 846 1438 893; x_wconf 86' lang='lat' dir='ltr'>visum</span> <span class='ocrx_word' id='word_1_68' title='bbox 1478 848 1552 893; x_wconf 89' lang='lat' dir='ltr'>est</span> <span class='ocrx_word' id='word_1_69' title='bbox 1593 846 1654 892; x_wconf 91' lang='lat' dir='ltr'>ab</span> <span class='ocrx_word' id='word_1_70' title='bbox 1694 847 1805 907; x_wconf 87' lang='lat' dir='ltr'>ipsa</span> 
     </span>
     <span class='ocr_line' id='line_1_10' title="bbox 109 919 1805 982; baseline -0.002 -12"><span class='ocrx_word' id='word_1_71' title='bbox 109 937 162 970; x_wconf 85' lang='lat' dir='ltr'>se</span> <span class='ocrx_word' id='word_1_72' title='bbox 217 923 338 969; x_wconf 87' lang='lat' dir='ltr'>artis</span> <span class='ocrx_word' id='word_1_73' title='bbox 392 921 697 982; x_wconf 84' lang='lat' dir='ltr'>professione</span> <span class='ocrx_word' id='word_1_74' title='bbox 753 919 1046 980; x_wconf 83' lang='lat' dir='ltr'>dissolvere,</span> <span class='ocrx_word' id='word_1_75' title='bbox 1093 921 1174 967; x_wconf 83' lang='lat' dir='ltr'>vel</span> <span class='ocrx_word' id='word_1_76' title='bbox 1219 921 1432 967; x_wconf 82' lang='lat' dir='ltr'>maxime</span> <span class='ocrx_word' id='word_1_77' title='bbox 1481 921 1599 981; x_wconf 90' lang='lat' dir='ltr'>quia</span> <span class='ocrx_word' id='word_1_78' title='bbox 1646 922 1805 967; x_wconf 87' lang='lat' dir='ltr'>victor</span> 
     </span>
     <span class='ocr_line' id='line_1_11' title="bbox 42 993 1803 1056; baseline -0.001 -12"><span class='ocrx_word' id='word_1_79' title='bbox 42 1011 84 1044; x_wconf 85' lang='grc' dir='ltr'>ιο</span> <span class='ocrx_word' id='word_1_80' title='bbox 109 996 316 1043; x_wconf 89' lang='lat' dir='ltr'>steterat</span> <span class='ocrx_word' id='word_1_81' title='bbox 362 998 418 1042; x_wconf 91' lang='lat' dir='ltr'>ut</span> <span class='ocrx_word' id='word_1_82' title='bbox 465 1011 633 1056; x_wconf 70' lang='lat' dir='ltr'>saepe,</span> <span class='ocrx_word' id='word_1_83' title='bbox 697 993 755 1041; x_wconf 92' lang='lat' dir='ltr'>de</span> <span class='ocrx_word' id='word_1_84' title='bbox 810 995 1034 1042; x_wconf 86' lang='lat' dir='ltr'>victoriis</span> <span class='ocrx_word' id='word_1_85' title='bbox 1091 1010 1285 1055; x_wconf 89' lang='lat' dir='ltr'>quoque</span> <span class='ocrx_word' id='word_1_86' title='bbox 1339 994 1589 1041; x_wconf 84' lang='lat' dir='ltr'>veteribus</span> <span class='ocrx_word' id='word_1_87' title='bbox 1643 995 1803 1042; x_wconf 89' lang='lat' dir='ltr'>laetus</span> 
     </span>
     <span class='ocr_line' id='line_1_12' title="bbox 108 1067 1805 1130; baseline 0 -15"><span class='ocrx_word' id='word_1_88' title='bbox 108 1070 221 1116; x_wconf 91' lang='lat' dir='ltr'>inde</span> <span class='ocrx_word' id='word_1_89' title='bbox 266 1069 359 1116; x_wconf 88' lang='lat' dir='ltr'>ait:</span> <span class='ocrx_word' id='word_1_90' title='bbox 417 1085 512 1130; x_wconf 91' lang='lat' dir='ltr'>quo</span> <span class='ocrx_word' id='word_1_91' title='bbox 554 1069 661 1115; x_wconf 91' lang='lat' dir='ltr'>loco</span> <span class='ocrx_word' id='word_1_92' title='bbox 703 1067 817 1115; x_wconf 89' lang='lat' dir='ltr'>dedi</span> <span class='ocrx_word' id='word_1_93' title='bbox 855 1069 955 1116; x_wconf 89' lang='lat' dir='ltr'>tale</span> <span class='ocrx_word' id='word_1_94' title='bbox 995 1084 1133 1116; x_wconf 90' lang='lat' dir='ltr'>meae</span> <span class='ocrx_word' id='word_1_95' title='bbox 1173 1069 1376 1115; x_wconf 85' lang='lat' dir='ltr'>virtutis</span> <span class='ocrx_word' id='word_1_96' title='bbox 1417 1069 1694 1130; x_wconf 90' lang='lat' dir='ltr'>exemplum</span> <span class='ocrx_word' id='word_1_97' title='bbox 1733 1068 1805 1115; x_wconf 91' lang='lat' dir='ltr'>ibi</span> 
     </span>
     <span class='ocr_line' id='line_1_13' title="bbox 108 1142 1482 1206; baseline -0.001 -15"><span class='ocrx_word' id='word_1_98' title='bbox 108 1159 239 1206; x_wconf 92' lang='lat' dir='ltr'>pono</span> <span class='ocrx_word' id='word_1_99' title='bbox 281 1146 330 1190; x_wconf 91' lang='lat' dir='ltr'>et</span> <span class='ocrx_word' id='word_1_100' title='bbox 371 1146 527 1190; x_wconf 88' lang='lat' dir='ltr'>artem</span> <span class='ocrx_word' id='word_1_101' title='bbox 567 1145 616 1190; x_wconf 93' lang='lat' dir='ltr'>et</span> <span class='ocrx_word' id='word_1_102' title='bbox 656 1145 849 1190; x_wconf 79' lang='lat' dir='ltr'>caestus</span> <span class='ocrx_word' id='word_1_103' title='bbox 889 1142 1205 1203; x_wconf 85' lang='lat' dir='ltr'>studiumque</span> <span class='ocrx_word' id='word_1_104' title='bbox 1246 1142 1482 1190; x_wconf 88' lang='lat' dir='ltr'>certandi.</span> 
     </span>
     <span class='ocr_line' id='line_1_14' title="bbox 218 1216 1892 1277; baseline -0.002 -13"><span class='ocrx_word' id='word_1_105' title='bbox 218 1218 451 1265; x_wconf 75' lang='lat' dir='ltr'>Protinus</span> <span class='ocrx_word' id='word_1_106' title='bbox 481 1216 676 1265; x_wconf 85' lang='lat' dir='ltr'>Aeneas</span> <span class='ocrx_word' id='word_1_107' title='bbox 715 1217 855 1265; x_wconf 78' lang='lat' dir='ltr'>celeri</span> <span class='ocrx_word' id='word_1_108' title='bbox 894 1220 1076 1265; x_wconf 80' lang='lat' dir='ltr'>certare</span> <span class='ocrx_word' id='word_1_109' title='bbox 1113 1218 1292 1277; x_wconf 74' lang='lat' dir='ltr'>sayitta</span> <span class='ocrx_word' id='word_1_110' title='bbox 1329 1219 1507 1264; x_wconf 76' lang='lat' dir='ltr'>invitat</span> <span class='ocrx_word' id='word_1_111' title='bbox 1544 1218 1628 1275; x_wconf 79' lang='lat' dir='ltr'>qui</span> <span class='ocrx_word' id='word_1_112' title='bbox 1666 1218 1789 1277; x_wconf 80' lang='lat' dir='ltr'>forte</span> <span class='ocrx_word' id='word_1_113' title='bbox 1804 1222 1892 1261; x_wconf 86' lang='lat'>485</span> 
     </span>
     <span class='ocr_line' id='line_1_15' title="bbox 23 1291 1805 1352; baseline -0.001 -13"><span class='ocrx_word' id='word_1_114' title='bbox 23 1336 39 1344; x_wconf 85' lang='lat'>‚</span> <span class='ocrx_word' id='word_1_115' title='bbox 106 1291 254 1340; x_wconf 77' lang='lat' dir='ltr'>velint</span> <span class='ocrx_word' id='word_1_116' title='bbox 299 1295 342 1340; x_wconf 87' lang='lat' dir='ltr'>et</span> <span class='ocrx_word' id='word_1_117' title='bbox 377 1293 607 1351; x_wconf 73' lang='lat' dir='ltr'>praemia</span> <span class='ocrx_word' id='word_1_118' title='bbox 636 1292 782 1351; x_wconf 75' lang='lat' dir='ltr'>pon-it</span> <span class='ocrx_word' id='word_1_119' title='bbox 828 1293 1103 1352; x_wconf 70' lang='lat' dir='ltr'>inqentt&#39;que</span> <span class='ocrx_word' id='word_1_120' title='bbox 1151 1305 1305 1339; x_wconf 85' lang='lat' dir='ltr'>manu</span> <span class='ocrx_word' id='word_1_121' title='bbox 1347 1291 1534 1339; x_wconf 81' lang='lat' dir='ltr'>malum</span> <span class='ocrx_word' id='word_1_122' title='bbox 1583 1291 1642 1338; x_wconf 84' lang='lat' dir='ltr'>de</span> <span class='ocrx_word' id='word_1_123' title='bbox 1679 1305 1805 1338; x_wconf 84' lang='lat' dir='ltr'>nave</span> 
     </span>
     <span class='ocr_line' id='line_1_16' title="bbox 40 1365 1804 1425; baseline -0.002 -10"><span class='ocrx_word' id='word_1_124' title='bbox 40 1381 82 1415; x_wconf 69' lang='grc' dir='ltr'>ιε</span> <span class='ocrx_word' id='word_1_125' title='bbox 105 1365 282 1414; x_wconf 71' lang='lat' dir='ltr'>Seresti</span> <span class='ocrx_word' id='word_1_126' title='bbox 321 1367 462 1425; x_wconf 76' lang='lat' dir='ltr'>eriyit</span> <span class='ocrx_word' id='word_1_127' title='bbox 499 1368 542 1413; x_wconf 91' lang='lat' dir='ltr'>et</span> <span class='ocrx_word' id='word_1_128' title='bbox 585 1366 827 1413; x_wconf 81' lang='lat' dir='ltr'>volucrem</span> <span class='ocrx_word' id='word_1_129' title='bbox 868 1367 1063 1412; x_wconf 76' lang='lat' dir='ltr'>traiecto</span> <span class='ocrx_word' id='word_1_130' title='bbox 1113 1367 1167 1412; x_wconf 76' lang='lat' dir='ltr'>in</span> <span class='ocrx_word' id='word_1_131' title='bbox 1212 1367 1332 1425; x_wconf 83' lang='lat' dir='ltr'>fune</span> <span class='ocrx_word' id='word_1_132' title='bbox 1370 1365 1662 1420; x_wconf 80' lang='lat' dir='ltr'>columbam,</span> <span class='ocrx_word' id='word_1_133' title='bbox 1712 1379 1804 1424; x_wconf 81' lang='lat' dir='ltr'>quo</span> 
     </span>
     <span class='ocr_line' id='line_1_17' title="bbox 32 1439 1803 1502; baseline -0.001 -15"><span class='ocrx_word' id='word_1_134' title='bbox 32 1472 35 1476; x_wconf 91' lang='lat'><em>-</em></span> <span class='ocrx_word' id='word_1_135' title='bbox 106 1441 306 1488; x_wconf 75' lang='lat' dir='ltr'>tendant</span> <span class='ocrx_word' id='word_1_136' title='bbox 341 1441 544 1499; x_wconf 83' lang='lat' dir='ltr'>ferrum,</span> <span class='ocrx_word' id='word_1_137' title='bbox 583 1440 712 1487; x_wconf 84' lang='lat' dir='ltr'>malo</span> <span class='ocrx_word' id='word_1_138' title='bbox 750 1440 1005 1498; x_wconf 74' lang='lat' dir='ltr'>suspendit</span> <span class='ocrx_word' id='word_1_139' title='bbox 1034 1440 1095 1486; x_wconf 88' lang='lat' dir='ltr'>ab</span> <span class='ocrx_word' id='word_1_140' title='bbox 1129 1440 1253 1486; x_wconf 82' lang='lat' dir='ltr'>alto:</span> <span class='ocrx_word' id='word_1_141' title='bbox 1293 1441 1594 1502; x_wconf 89' lang='lat' dir='ltr'>sagittarum</span> <span class='ocrx_word' id='word_1_142' title='bbox 1625 1439 1803 1486; x_wconf 89' lang='lat' dir='ltr'>dehinc</span> 
     </span>
     <span class='ocr_line' id='line_1_18' title="bbox 30 1513 1802 1577; baseline -0.001 -16"><span class='ocrx_word' id='word_1_143' title='bbox 30 1562 37 1577; x_wconf 25' lang='grc'>,1</span> <span class='ocrx_word' id='word_1_144' title='bbox 107 1517 355 1561; x_wconf 89' lang='lat' dir='ltr'>certamen</span> <span class='ocrx_word' id='word_1_145' title='bbox 394 1514 592 1560; x_wconf 85' lang='lat' dir='ltr'>induxit</span> <span class='ocrx_word' id='word_1_146' title='bbox 629 1513 898 1575; x_wconf 90' lang='lat' dir='ltr'>propositis</span> <span class='ocrx_word' id='word_1_147' title='bbox 938 1515 1171 1575; x_wconf 88' lang='lat' dir='ltr'>praemiis</span> <span class='ocrx_word' id='word_1_148' title='bbox 1220 1516 1269 1560; x_wconf 85' lang='lat' dir='ltr'>et</span> <span class='ocrx_word' id='word_1_149' title='bbox 1313 1514 1470 1575; x_wconf 92' lang='lat' dir='ltr'>ipsius</span> <span class='ocrx_word' id='word_1_150' title='bbox 1518 1514 1802 1560; x_wconf 83' lang='lat' dir='ltr'>certaminis</span> 
     </span>
     <span class='ocr_line' id='line_1_19' title="bbox 25 1580 1800 1652; baseline -0.001 -17"><span class='ocrx_word' id='word_1_151' title='bbox 25 1580 38 1640; x_wconf 58' lang='lat' dir='ltr'>‘l</span> <span class='ocrx_word' id='word_1_152' title='bbox 106 1604 297 1652; x_wconf 83' lang='lat' dir='ltr'>genere.</span> <span class='ocrx_word' id='word_1_153' title='bbox 361 1589 515 1635; x_wconf 86' lang='lat' dir='ltr'>erexit</span> <span class='ocrx_word' id='word_1_154' title='bbox 539 1587 695 1651; x_wconf 90' lang='lat' dir='ltr'>igitur</span> <span class='ocrx_word' id='word_1_155' title='bbox 720 1587 946 1635; x_wconf 85' lang='lat' dir='ltr'>arborem</span> <span class='ocrx_word' id='word_1_156' title='bbox 970 1588 1111 1634; x_wconf 89' lang='lat' dir='ltr'>navis</span> <span class='ocrx_word' id='word_1_157' title='bbox 1144 1603 1328 1650; x_wconf 90' lang='lat' dir='ltr'>magna</span> <span class='ocrx_word' id='word_1_158' title='bbox 1358 1589 1595 1634; x_wconf 88' lang='lat' dir='ltr'>iuvenum</span> <span class='ocrx_word' id='word_1_159' title='bbox 1627 1603 1800 1634; x_wconf 89' lang='lat' dir='ltr'>manu:</span> 
     </span>
     <span class='ocr_line' id='line_1_20' title="bbox 24 1632 1802 1725; baseline -0.001 -16"><span class='ocrx_word' id='word_1_160' title='bbox 24 1632 40 1725; x_wconf 53' lang='grc' dir='ltr'><strong>ξ</strong></span> <span class='ocrx_word' id='word_1_161' title='bbox 107 1677 218 1709; x_wconf 91' lang='lat' dir='ltr'>cum</span> <span class='ocrx_word' id='word_1_162' title='bbox 264 1662 355 1709; x_wconf 92' lang='lat' dir='ltr'>hoc</span> <span class='ocrx_word' id='word_1_163' title='bbox 403 1662 525 1708; x_wconf 90' lang='lat' dir='ltr'>dicit</span> <span class='ocrx_word' id='word_1_164' title='bbox 571 1678 660 1722; x_wconf 88' lang='lat' dir='ltr'>per</span> <span class='ocrx_word' id='word_1_165' title='bbox 706 1662 946 1723; x_wconf 89' lang='lat' dir='ltr'>plurimos</span> <span class='ocrx_word' id='word_1_166' title='bbox 994 1662 1203 1722; x_wconf 87' lang='lat' dir='ltr'>factum,</span> <span class='ocrx_word' id='word_1_167' title='bbox 1259 1663 1559 1709; x_wconf 86' lang='lat' dir='ltr'>monstravit</span> <span class='ocrx_word' id='word_1_168' title='bbox 1612 1663 1802 1708; x_wconf 87' lang='lat' dir='ltr'>formae</span> 
     </span>
     <span class='ocr_line' id='line_1_21' title="bbox 24 1735 1803 1810; baseline 0 -28"><span class='ocrx_word' id='word_1_169' title='bbox 24 1747 82 1810; x_wconf 56' lang='lat' dir='ltr'>&#39;po</span> <span class='ocrx_word' id='word_1_170' title='bbox 105 1737 255 1784; x_wconf 88' lang='lat' dir='ltr'>fuisse</span> <span class='ocrx_word' id='word_1_171' title='bbox 295 1738 503 1797; x_wconf 85' lang='lat' dir='ltr'>potioris</span> <span class='ocrx_word' id='word_1_172' title='bbox 543 1736 753 1796; x_wconf 89' lang='lat' dir='ltr'>ideoque</span> <span class='ocrx_word' id='word_1_173' title='bbox 793 1737 962 1796; x_wconf 91' lang='lat' dir='ltr'>posuit</span> <span class='ocrx_word' id='word_1_174' title='bbox 1001 1739 1050 1783; x_wconf 92' lang='lat' dir='ltr'>et</span> <span class='ocrx_word' id='word_1_175' title='bbox 1091 1735 1275 1783; x_wconf 89' lang='lat' dir='ltr'>Seresti</span> <span class='ocrx_word' id='word_1_176' title='bbox 1312 1751 1514 1795; x_wconf 90' lang='lat' dir='ltr'>nomen,</span> <span class='ocrx_word' id='word_1_177' title='bbox 1566 1737 1803 1796; x_wconf 89' lang='lat' dir='ltr'>quoniam</span> 
     </span>
     <span class='ocr_line' id='line_1_22' title="bbox 35 1803 1802 1875; baseline -0.001 -18"><span class='ocrx_word' id='word_1_178' title='bbox 35 1843 37 1845; x_wconf 93' lang='lat'>-</span> <span class='ocrx_word' id='word_1_179' title='bbox 107 1810 232 1857; x_wconf 81' lang='lat' dir='ltr'>dixit</span> <span class='ocrx_word' id='word_1_180' title='bbox 263 1811 490 1872; x_wconf 90' lang='lat' dir='ltr'>superius</span> <span class='ocrx_word' id='word_1_181' title='bbox 524 1803 680 1875; x_wconf 76' lang='lat'>(122)</span> <span class='ocrx_word' id='word_1_182' title='bbox 714 1826 893 1856; x_wconf 88' lang='lat' dir='ltr'>navem</span> <span class='ocrx_word' id='word_1_183' title='bbox 931 1810 1076 1856; x_wconf 85' lang='lat' dir='ltr'>illum</span> <span class='ocrx_word' id='word_1_184' title='bbox 1107 1809 1338 1857; x_wconf 87' lang='lat' dir='ltr'>habuisse</span> <span class='ocrx_word' id='word_1_185' title='bbox 1369 1811 1621 1857; x_wconf 88' lang='lat' dir='ltr'>maiorem.</span> <span class='ocrx_word' id='word_1_186' title='bbox 1683 1808 1802 1856; x_wconf 85' lang='lat' dir='ltr'>huic</span> 
     </span>
     <span class='ocr_line' id='line_1_23' title="bbox 29 1880 1801 1953; baseline -0.001 -21"><span class='ocrx_word' id='word_1_187' title='bbox 29 1880 38 1953; x_wconf 65' lang='grc' dir='ltr'><strong><em>ζ</em></strong></span> <span class='ocrx_word' id='word_1_188' title='bbox 107 1884 365 1946; x_wconf 84' lang='lat' dir='ltr'>suspendit</span> <span class='ocrx_word' id='word_1_189' title='bbox 403 1884 657 1931; x_wconf 84' lang='lat' dir='ltr'>volucrem</span> <span class='ocrx_word' id='word_1_190' title='bbox 697 1883 998 1944; x_wconf 88' lang='lat' dir='ltr'>columbam,</span> <span class='ocrx_word' id='word_1_191' title='bbox 1049 1899 1147 1930; x_wconf 88' lang='lat' dir='ltr'>non</span> <span class='ocrx_word' id='word_1_192' title='bbox 1189 1899 1285 1944; x_wconf 91' lang='lat' dir='ltr'>quo</span> <span class='ocrx_word' id='word_1_193' title='bbox 1337 1885 1403 1931; x_wconf 93' lang='lat' dir='ltr'>sit</span> <span class='ocrx_word' id='word_1_194' title='bbox 1441 1884 1547 1930; x_wconf 92' lang='lat' dir='ltr'>ulla</span> <span class='ocrx_word' id='word_1_195' title='bbox 1586 1899 1685 1930; x_wconf 89' lang='lat' dir='ltr'>non</span> <span class='ocrx_word' id='word_1_196' title='bbox 1717 1899 1801 1930; x_wconf 86' lang='lat' dir='ltr'>vo-</span> 
     </span>
     <span class='ocr_line' id='line_1_24' title="bbox 32 1957 1802 2039; baseline -0.001 -33"><span class='ocrx_word' id='word_1_197' title='bbox 32 1992 42 2039; x_wconf 48' lang='lat' dir='ltr'>L</span> <span class='ocrx_word' id='word_1_198' title='bbox 105 1959 272 2019; x_wconf 89' lang='lat' dir='ltr'>lucris,</span> <span class='ocrx_word' id='word_1_199' title='bbox 311 1958 396 2006; x_wconf 90' lang='lat' dir='ltr'>sed</span> <span class='ocrx_word' id='word_1_200' title='bbox 436 1960 495 2005; x_wconf 92' lang='lat' dir='ltr'>ut</span> <span class='ocrx_word' id='word_1_201' title='bbox 534 1973 687 2022; x_wconf 90' lang='lat' dir='ltr'>genus</span> <span class='ocrx_word' id='word_1_202' title='bbox 728 1957 1007 2005; x_wconf 84' lang='lat' dir='ltr'>ostenderet</span> <span class='ocrx_word' id='word_1_203' title='bbox 1047 1958 1278 2005; x_wconf 90' lang='lat' dir='ltr'>animalis</span> <span class='ocrx_word' id='word_1_204' title='bbox 1319 1960 1369 2005; x_wconf 91' lang='lat' dir='ltr'>et</span> <span class='ocrx_word' id='word_1_205' title='bbox 1398 1959 1602 2004; x_wconf 86' lang='lat' dir='ltr'>intactis</span> <span class='ocrx_word' id='word_1_206' title='bbox 1634 1958 1802 2018; x_wconf 90' lang='lat' dir='ltr'>pinnis</span> 
     </span>
     <span class='ocr_line' id='line_1_25' title="bbox 32 2025 1802 2102; baseline -0.002 -22"><span class='ocrx_word' id='word_1_207' title='bbox 32 2042 41 2102; x_wconf 58' lang='lat' dir='ltr'>&#39;f</span> <span class='ocrx_word' id='word_1_208' title='bbox 107 2048 164 2080; x_wconf 90' lang='lat' dir='ltr'>ac</span> <span class='ocrx_word' id='word_1_209' title='bbox 203 2048 292 2094; x_wconf 91' lang='lat' dir='ltr'>per</span> <span class='ocrx_word' id='word_1_210' title='bbox 327 2033 422 2079; x_wconf 90' lang='lat' dir='ltr'>hoc</span> <span class='ocrx_word' id='word_1_211' title='bbox 461 2047 588 2094; x_wconf 89' lang='lat' dir='ltr'>quae</span> <span class='ocrx_word' id='word_1_212' title='bbox 620 2034 788 2094; x_wconf 89' lang='lat' dir='ltr'>posset</span> <span class='ocrx_word' id='word_1_213' title='bbox 818 2032 987 2080; x_wconf 88' lang='lat' dir='ltr'>volare</span> <span class='ocrx_word' id='word_1_214' title='bbox 1023 2025 1137 2098; x_wconf 88' lang='lat' dir='ltr'>(hoc</span> <span class='ocrx_word' id='word_1_215' title='bbox 1167 2031 1278 2079; x_wconf 90' lang='lat' dir='ltr'>ideo</span> <span class='ocrx_word' id='word_1_216' title='bbox 1310 2033 1628 2093; x_wconf 80' lang='lat' dir='ltr'>praestruxit,</span> <span class='ocrx_word' id='word_1_217' title='bbox 1670 2031 1802 2092; x_wconf 92' lang='lat' dir='ltr'>quod</span> 
     </span>
     <span class='ocr_line' id='line_1_26' title="bbox 42 2105 1801 2168; baseline -0.002 -13"><span class='ocrx_word' id='word_1_218' title='bbox 42 2122 83 2161; x_wconf 16' lang='lat'>⁷5</span> <span class='ocrx_word' id='word_1_219' title='bbox 106 2107 330 2155; x_wconf 89' lang='lat' dir='ltr'>dicturus</span> <span class='ocrx_word' id='word_1_220' title='bbox 370 2108 444 2154; x_wconf 90' lang='lat' dir='ltr'>est</span> <span class='ocrx_word' id='word_1_221' title='bbox 482 2119 595 2154; x_wconf 88' lang='lat' dir='ltr'>eam</span> <span class='ocrx_word' id='word_1_222' title='bbox 618 2106 813 2154; x_wconf 85' lang='lat' dir='ltr'>volasse</span> <span class='ocrx_word' id='word_1_223' title='bbox 852 2109 901 2154; x_wconf 91' lang='lat' dir='ltr'>et</span> <span class='ocrx_word' id='word_1_224' title='bbox 938 2108 1044 2153; x_wconf 89' lang='lat' dir='ltr'>ictu</span> <span class='ocrx_word' id='word_1_225' title='bbox 1083 2107 1298 2168; x_wconf 85' lang='lat' dir='ltr'>sagittae</span> <span class='ocrx_word' id='word_1_226' title='bbox 1331 2105 1392 2153; x_wconf 93' lang='lat' dir='ltr'>ab</span> <span class='ocrx_word' id='word_1_227' title='bbox 1424 2107 1548 2167; x_wconf 90' lang='lat' dir='ltr'>ipsis</span> <span class='ocrx_word' id='word_1_228' title='bbox 1587 2105 1801 2152; x_wconf 91' lang='lat' dir='ltr'>nubibus</span> 
     </span>
     <span class='ocr_line' id='line_1_27' title="bbox 33 2173 1802 2246; baseline -0.001 -18"><span class='ocrx_word' id='word_1_229' title='bbox 33 2191 45 2228; x_wconf 53' lang='grc' dir='ltr'><em>ὅ</em></span> <span class='ocrx_word' id='word_1_230' title='bbox 105 2173 436 2246; x_wconf 84' lang='lat' dir='ltr'>revocatam),</span> <span class='ocrx_word' id='word_1_231' title='bbox 475 2183 535 2228; x_wconf 90' lang='lat' dir='ltr'>ut</span> <span class='ocrx_word' id='word_1_232' title='bbox 575 2196 631 2228; x_wconf 88' lang='lat' dir='ltr'>eo</span> <span class='ocrx_word' id='word_1_233' title='bbox 671 2180 931 2228; x_wconf 88' lang='lat' dir='ltr'>tenderent</span> <span class='ocrx_word' id='word_1_234' title='bbox 970 2181 1182 2243; x_wconf 87' lang='lat' dir='ltr'>sagittas</span> <span class='ocrx_word' id='word_1_235' title='bbox 1231 2181 1318 2241; x_wconf 90' lang='lat' dir='ltr'>qui</span> <span class='ocrx_word' id='word_1_236' title='bbox 1363 2179 1604 2227; x_wconf 87' lang='lat' dir='ltr'>haberent</span> <span class='ocrx_word' id='word_1_237' title='bbox 1642 2182 1802 2227; x_wconf 87' lang='lat' dir='ltr'>artem</span> 
     </span>
     <span class='ocr_line' id='line_1_28' title="bbox 33 2250 1799 2338; baseline -0.001 -36"><span class='ocrx_word' id='word_1_238' title='bbox 33 2250 49 2338; x_wconf 52' lang='grc' dir='ltr'>ἶ</span> <span class='ocrx_word' id='word_1_239' title='bbox 104 2254 435 2316; x_wconf 87' lang='lat' dir='ltr'>peritiamque</span> <span class='ocrx_word' id='word_1_240' title='bbox 488 2254 722 2302; x_wconf 87' lang='lat' dir='ltr'>mittendi</span> <span class='ocrx_word' id='word_1_241' title='bbox 761 2258 811 2302; x_wconf 90' lang='lat' dir='ltr'>et</span> <span class='ocrx_word' id='word_1_242' title='bbox 849 2255 937 2316; x_wconf 91' lang='lat' dir='ltr'>qui</span> <span class='ocrx_word' id='word_1_243' title='bbox 975 2270 1085 2302; x_wconf 90' lang='lat' dir='ltr'>eam</span> <span class='ocrx_word' id='word_1_244' title='bbox 1122 2253 1273 2317; x_wconf 88' lang='lat' dir='ltr'>figere</span> <span class='ocrx_word' id='word_1_245' title='bbox 1311 2255 1558 2315; x_wconf 90' lang='lat' dir='ltr'>potuisset</span> <span class='ocrx_word' id='word_1_246' title='bbox 1596 2254 1799 2301; x_wconf 83' lang='lat' dir='ltr'>victoris</span> 
     </span>
     <span class='ocr_line' id='line_1_29' title="bbox 35 2328 1888 2390; baseline -0.003 -15"><span class='ocrx_word' id='word_1_247' title='bbox 35 2342 47 2365; x_wconf 51' lang='grc' dir='ltr'>κ</span> <span class='ocrx_word' id='word_1_248' title='bbox 106 2331 324 2376; x_wconf 91' lang='lat' dir='ltr'>sumeret</span> <span class='ocrx_word' id='word_1_249' title='bbox 375 2329 667 2390; x_wconf 84' lang='lat' dir='ltr'>praemium.</span> <span class='ocrx_word' id='word_1_250' title='bbox 752 2342 1010 2376; x_wconf 82' lang='lat' dir='ltr'>convenere</span> <span class='ocrx_word' id='word_1_251' title='bbox 1047 2330 1158 2376; x_wconf 79' lang='lat' dir='ltr'>viri.</span> <span class='ocrx_word' id='word_1_252' title='bbox 1246 2328 1378 2376; x_wconf 86' lang='lat' dir='ltr'>viros</span> <span class='ocrx_word' id='word_1_253' title='bbox 1426 2343 1524 2375; x_wconf 90' lang='lat' dir='ltr'>non</span> <span class='ocrx_word' id='word_1_254' title='bbox 1578 2329 1784 2389; x_wconf 89' lang='lat' dir='ltr'>propter</span> <span class='ocrx_word' id='word_1_255' title='bbox 1799 2330 1888 2371; x_wconf 85' lang='grc'>490</span> 
     </span>
     <span class='ocr_line' id='line_1_30' title="bbox 106 2400 1801 2465; baseline -0.001 -15"><span class='ocrx_word' id='word_1_256' title='bbox 106 2417 275 2450; x_wconf 89' lang='lat' dir='ltr'>sexum</span> <span class='ocrx_word' id='word_1_257' title='bbox 323 2403 469 2463; x_wconf 87' lang='lat' dir='ltr'>dixit,</span> <span class='ocrx_word' id='word_1_258' title='bbox 517 2402 604 2451; x_wconf 90' lang='lat' dir='ltr'>sed</span> <span class='ocrx_word' id='word_1_259' title='bbox 654 2404 860 2465; x_wconf 88' lang='lat' dir='ltr'>propter</span> <span class='ocrx_word' id='word_1_260' title='bbox 899 2416 1107 2449; x_wconf 87' lang='lat' dir='ltr'>acumen</span> <span class='ocrx_word' id='word_1_261' title='bbox 1144 2403 1335 2465; x_wconf 85' lang='lat' dir='ltr'>ingenii</span> <span class='ocrx_word' id='word_1_262' title='bbox 1381 2403 1430 2449; x_wconf 93' lang='lat' dir='ltr'>et</span> <span class='ocrx_word' id='word_1_263' title='bbox 1480 2402 1603 2449; x_wconf 89' lang='lat' dir='ltr'>artis</span> <span class='ocrx_word' id='word_1_264' title='bbox 1656 2400 1801 2448; x_wconf 90' lang='lat' dir='ltr'>indu-</span> 
     </span>
     <span class='ocr_line' id='line_1_31' title="bbox 106 2474 1801 2538; baseline -0.001 -14"><span class='ocrx_word' id='word_1_265' title='bbox 106 2478 307 2524; x_wconf 86' lang='lat' dir='ltr'>striam:</span> <span class='ocrx_word' id='word_1_266' title='bbox 362 2478 699 2524; x_wconf 88' lang='lat' dir='ltr'>convenerunt</span> <span class='ocrx_word' id='word_1_267' title='bbox 741 2476 868 2525; x_wconf 86' lang='lat' dir='ltr'>tales</span> <span class='ocrx_word' id='word_1_268' title='bbox 916 2477 1004 2538; x_wconf 91' lang='lat' dir='ltr'>qui</span> <span class='ocrx_word' id='word_1_269' title='bbox 1049 2477 1233 2524; x_wconf 87' lang='lat' dir='ltr'>scirent</span> <span class='ocrx_word' id='word_1_270' title='bbox 1279 2490 1330 2523; x_wconf 89' lang='lat' dir='ltr'>se</span> <span class='ocrx_word' id='word_1_271' title='bbox 1377 2474 1612 2524; x_wconf 87' lang='lat' dir='ltr'>tendendi</span> <span class='ocrx_word' id='word_1_272' title='bbox 1659 2489 1801 2522; x_wconf 86' lang='lat' dir='ltr'>arcus</span> 
     </span>
     <span class='ocr_line' id='line_1_32' title="bbox 105 2549 1802 2612; baseline -0.001 -14"><span class='ocrx_word' id='word_1_273' title='bbox 105 2550 286 2598; x_wconf 88' lang='lat' dir='ltr'>habere</span> <span class='ocrx_word' id='word_1_274' title='bbox 332 2551 580 2612; x_wconf 87' lang='lat' dir='ltr'>peritiam.</span> <span class='ocrx_word' id='word_1_275' title='bbox 658 2551 978 2610; x_wconf 76' lang='lat' dir='ltr'>deiectamque</span> <span class='ocrx_word' id='word_1_276' title='bbox 1017 2565 1161 2598; x_wconf 86' lang='lat' dir='ltr'>aerea</span> <span class='ocrx_word' id='word_1_277' title='bbox 1204 2553 1380 2598; x_wconf 81' lang='lat' dir='ltr'>sortem</span> <span class='ocrx_word' id='word_1_278' title='bbox 1418 2551 1602 2609; x_wconf 79' lang='lat' dir='ltr'>accepit</span> <span class='ocrx_word' id='word_1_279' title='bbox 1633 2549 1802 2610; x_wconf 75' lang='lat' dir='ltr'>yalea:</span> 
     </span>
     <span class='ocr_line' id='line_1_33' title="bbox 105 2623 1800 2688; baseline -0.002 -16"><span class='ocrx_word' id='word_1_280' title='bbox 105 2639 223 2672; x_wconf 88' lang='lat' dir='ltr'>usus</span> <span class='ocrx_word' id='word_1_281' title='bbox 263 2627 338 2672; x_wconf 87' lang='lat' dir='ltr'>est</span> <span class='ocrx_word' id='word_1_282' title='bbox 376 2623 441 2671; x_wconf 90' lang='lat' dir='ltr'>ad</span> <span class='ocrx_word' id='word_1_283' title='bbox 478 2626 637 2672; x_wconf 83' lang='lat' dir='ltr'>vicem</span> <span class='ocrx_word' id='word_1_284' title='bbox 683 2639 840 2672; x_wconf 90' lang='lat' dir='ltr'>urnae</span> <span class='ocrx_word' id='word_1_285' title='bbox 887 2623 1030 2688; x_wconf 83' lang='lat' dir='ltr'>galea</span> <span class='ocrx_word' id='word_1_286' title='bbox 1078 2626 1128 2672; x_wconf 89' lang='lat' dir='ltr'>et</span> <span class='ocrx_word' id='word_1_287' title='bbox 1167 2624 1417 2672; x_wconf 90' lang='lat' dir='ltr'>commisit</span> <span class='ocrx_word' id='word_1_288' title='bbox 1454 2625 1674 2671; x_wconf 88' lang='lat' dir='ltr'>virorum</span> <span class='ocrx_word' id='word_1_289' title='bbox 1713 2637 1800 2669; x_wconf 92' lang='lat' dir='ltr'>no-</span> 
     </span>
     <span class='ocr_line' id='line_1_34' title="bbox 57 2697 1800 2761; baseline -0.001 -16"><span class='ocrx_word' id='word_1_290' title='bbox 57 2747 59 2750; x_wconf 72' lang='grc'><em>,</em></span> <span class='ocrx_word' id='word_1_291' title='bbox 108 2699 258 2745; x_wconf 91' lang='lat' dir='ltr'>mina.</span> <span class='ocrx_word' id='word_1_292' title='bbox 335 2697 427 2746; x_wconf 91' lang='lat' dir='ltr'>hoc</span> <span class='ocrx_word' id='word_1_293' title='bbox 465 2714 566 2746; x_wconf 91' lang='lat' dir='ltr'>non</span> <span class='ocrx_word' id='word_1_294' title='bbox 605 2698 746 2746; x_wconf 85' lang='lat' dir='ltr'>dixit</span> <span class='ocrx_word' id='word_1_295' title='bbox 769 2701 932 2759; x_wconf 84' lang='lat' dir='ltr'>poeta,</span> <span class='ocrx_word' id='word_1_296' title='bbox 972 2697 1059 2746; x_wconf 90' lang='lat' dir='ltr'>sed</span> <span class='ocrx_word' id='word_1_297' title='bbox 1088 2697 1401 2761; x_wconf 85' lang='lat' dir='ltr'>intellegitur</span> <span class='ocrx_word' id='word_1_298' title='bbox 1430 2698 1621 2744; x_wconf 88' lang='lat' dir='ltr'>factum</span> <span class='ocrx_word' id='word_1_299' title='bbox 1652 2711 1710 2744; x_wconf 87' lang='lat' dir='ltr'>ex</span> <span class='ocrx_word' id='word_1_300' title='bbox 1741 2710 1800 2744; x_wconf 88' lang='lat' dir='ltr'>eo</span> 
     </span>
    </p>
   </div>
   <div class='ocr_carea' id='block_1_3' title="bbox 0 340 33 2282">
    <p class='ocr_par' dir='ltr' id='par_1_3' title="bbox 0 340 33 2282">
     <span class='ocr_line' id='line_1_35' title="bbox 0 340 11 716; baseline 0 0"><span class='ocrx_word' id='word_1_301' title='bbox 0 340 11 716; x_wconf 95' lang='lat' dir='ltr'>  </span> 
     </span>
     <span class='ocr_line' id='line_1_36' title="bbox 0 716 17 1335; baseline 0 -248"><span class='ocrx_word' id='word_1_302' title='bbox 0 716 17 1335; x_wconf 95' lang='lat' dir='ltr'>   </span> 
     </span>
     <span class='ocr_line' id='line_1_37' title="bbox 0 1335 23 1849; baseline 0 -81"><span class='ocrx_word' id='word_1_303' title='bbox 0 1335 23 1849; x_wconf 95' lang='lat' dir='ltr'>    </span> 
     </span>
     <span class='ocr_line' id='line_1_38' title="bbox 0 1911 33 2282; baseline 0 0"><span class='ocrx_word' id='word_1_304' title='bbox 0 1911 33 2282; x_wconf 95' lang='lat' dir='ltr'>     </span> 
     </span>
    </p>
   </div>
   <div class='ocr_carea' id='block_1_4' title="bbox 106 2783 462 2790">
    <p class='ocr_par' dir='ltr' id='par_1_4' title="bbox 106 2783 462 2790">
     <span class='ocr_line' id='line_1_39' title="bbox 106 2783 462 2790; baseline 0 0"><span class='ocrx_word' id='word_1_305' title='bbox 106 2783 462 2790; x_wconf 95' lang='lat' dir='ltr'> </span> 
     </span>
    </p>
   </div>
   <div class='ocr_carea' id='block_1_5' title="bbox 101 2818 1800 3060">
    <p class='ocr_par' dir='ltr' id='par_1_5' title="bbox 101 2818 1800 3060">
     <span class='ocr_line' id='line_1_40' title="bbox 227 2818 1800 2880; baseline -0.002 -13"><span class='ocrx_word' id='word_1_306' title='bbox 227 2828 282 2868; x_wconf 85' lang='lat'>14</span> <span class='ocrx_word' id='word_1_307' title='bbox 313 2824 458 2869; x_wconf 84' lang='lat' dir='ltr'>velent</span> <span class='ocrx_word' id='word_1_308' title='bbox 479 2824 528 2868; x_wconf 88' lang='lat' dir='ltr'>L.</span> <span class='ocrx_word' id='word_1_309' title='bbox 625 2828 679 2867; x_wconf 89' lang='lat'>18</span> <span class='ocrx_word' id='word_1_310' title='bbox 710 2824 845 2869; x_wconf 84' lang='lat' dir='ltr'>navis</span> <span class='ocrx_word' id='word_1_311' title='bbox 867 2823 909 2866; x_wconf 81' lang='lat' dir='ltr'><strong>R</strong></span> <span class='ocrx_word' id='word_1_312' title='bbox 931 2823 1032 2868; x_wconf 85' lang='lat' dir='ltr'>avis</span> <span class='ocrx_word' id='word_1_313' title='bbox 1054 2822 1103 2866; x_wconf 89' lang='lat' dir='ltr'>L.</span> <span class='ocrx_word' id='word_1_314' title='bbox 1197 2827 1254 2867; x_wconf 81' lang='lat'>20</span> <span class='ocrx_word' id='word_1_315' title='bbox 1285 2824 1472 2880; x_wconf 72' lang='lat' dir='ltr'>ideoque</span> <span class='ocrx_word' id='word_1_316' title='bbox 1494 2821 1583 2866; x_wconf 86' lang='lat' dir='ltr'>LR</span> <span class='ocrx_word' id='word_1_317' title='bbox 1605 2820 1686 2865; x_wconf 88' lang='lat' dir='ltr'>edI</span> <span class='ocrx_word' id='word_1_318' title='bbox 1716 2818 1800 2878; x_wconf 70' lang='lat' dir='ltr'>q&#39;ue</span> 
     </span>
     <span class='ocr_line' id='line_1_41' title="bbox 107 2879 1798 2938; baseline -0.002 -11"><span class='ocrx_word' id='word_1_319' title='bbox 107 2896 195 2927; x_wconf 88' lang='lat' dir='ltr'>om.</span> <span class='ocrx_word' id='word_1_320' title='bbox 221 2882 330 2927; x_wconf 87' lang='lat' dir='ltr'>edF.</span> <span class='ocrx_word' id='word_1_321' title='bbox 455 2887 510 2927; x_wconf 84' lang='lat'>26</span> <span class='ocrx_word' id='word_1_322' title='bbox 542 2887 780 2928; x_wconf 82' lang='lat' dir='ltr'>revocatur</span> <span class='ocrx_word' id='word_1_323' title='bbox 810 2882 898 2926; x_wconf 87' lang='lat' dir='ltr'>LR</span> <span class='ocrx_word' id='word_1_324' title='bbox 928 2887 1044 2926; x_wconf 86' lang='lat' dir='ltr'>·tam</span> <span class='ocrx_word' id='word_1_325' title='bbox 1071 2897 1097 2926; x_wconf 88' lang='lat'>1:</span> <span class='ocrx_word' id='word_1_326' title='bbox 1127 2882 1199 2926; x_wconf 88' lang='lat' dir='ltr'>ed.</span> <span class='ocrx_word' id='word_1_327' title='bbox 1323 2886 1378 2925; x_wconf 81' lang='lat'>27</span> <span class='ocrx_word' id='word_1_328' title='bbox 1408 2883 1628 2938; x_wconf 78' lang='lat' dir='ltr'>potuisset</span> <span class='ocrx_word' id='word_1_329' title='bbox 1657 2879 1693 2923; x_wconf 93' lang='lat' dir='ltr'>L</span> <span class='ocrx_word' id='word_1_330' title='bbox 1725 2879 1798 2924; x_wconf 88' lang='lat' dir='ltr'>ed.</span> 
     </span>
     <span class='ocr_line' id='line_1_42' title="bbox 101 2937 1800 2998; baseline -0.004 -11"><span class='ocrx_word' id='word_1_331' title='bbox 101 2947 253 2998; x_wconf 77' lang='lat' dir='ltr'>posset</span> <span class='ocrx_word' id='word_1_332' title='bbox 282 2942 335 2986; x_wconf 84' lang='lat' dir='ltr'>R.</span> <span class='ocrx_word' id='word_1_333' title='bbox 427 2947 480 2986; x_wconf 84' lang='lat'>31</span> <span class='ocrx_word' id='word_1_334' title='bbox 515 2942 814 2998; x_wconf 70' lang='lat' dir='ltr'>delectantque</span> <span class='ocrx_word' id='word_1_335' title='bbox 836 2941 1030 2998; x_wconf 85' lang='lat' dir='ltr'>interpr.</span> <span class='ocrx_word' id='word_1_336' title='bbox 1046 2954 1239 2998; x_wconf 83' lang='lat' dir='ltr'>poscere</span> <span class='ocrx_word' id='word_1_337' title='bbox 1261 2941 1449 2986; x_wconf 78' lang='lat' dir='ltr'>videtur</span> <span class='ocrx_word' id='word_1_338' title='bbox 1471 2939 1529 2984; x_wconf 86' lang='lat' dir='ltr'>cf.</span> <span class='ocrx_word' id='word_1_339' title='bbox 1548 2939 1619 2984; x_wconf 87' lang='lat' dir='ltr'>ed.</span> <span class='ocrx_word' id='word_1_340' title='bbox 1637 2937 1800 2992; x_wconf 83' lang='lat' dir='ltr'>Ribb.;</span> 
     </span>
     <span class='ocr_line' id='line_1_43' title="bbox 105 2997 1797 3060; baseline -0.002 -16"><span class='ocrx_word' id='word_1_341' title='bbox 105 3014 217 3044; x_wconf 89' lang='lat' dir='ltr'>nam</span> <span class='ocrx_word' id='word_1_342' title='bbox 241 3005 375 3046; x_wconf 64' lang='lat' dir='ltr'>aerea</span> <span class='ocrx_word' id='word_1_343' title='bbox 390 2999 507 3046; x_wconf 91' lang='lat' dir='ltr'>Don.</span> <span class='ocrx_word' id='word_1_344' title='bbox 525 3000 764 3059; x_wconf 84' lang='lat' dir='ltr'>intellegit</span> <span class='ocrx_word' id='word_1_345' title='bbox 787 3002 951 3045; x_wconf 82' lang='lat' dir='ltr'>contra.</span> <span class='ocrx_word' id='word_1_346' title='bbox 971 3004 1188 3045; x_wconf 86' lang='lat' dir='ltr'>metrum.</span> <span class='ocrx_word' id='word_1_347' title='bbox 1217 3001 1225 3060; x_wconf 89' lang='grc' dir='ltr'>Ι</span> <span class='ocrx_word' id='word_1_348' title='bbox 1251 3014 1430 3046; x_wconf 80' lang='lat' dir='ltr'>aeream</span> <span class='ocrx_word' id='word_1_349' title='bbox 1445 2999 1494 3044; x_wconf 87' lang='lat' dir='ltr'>L.</span> <span class='ocrx_word' id='word_1_350' title='bbox 1523 3001 1530 3055; x_wconf 93' lang='grc' dir='ltr'>Ι</span> <span class='ocrx_word' id='word_1_351' title='bbox 1555 2999 1731 3057; x_wconf 74' lang='lat' dir='ltr'>yaleam</span> <span class='ocrx_word' id='word_1_352' title='bbox 1747 2997 1797 3041; x_wconf 88' lang='lat' dir='ltr'>L.</span> 
     </span>
    </p>
   </div>
  </div>
 </body>
</html>
