2014 3226
187 152 294 205 120
651 150 881 194 DONATI
911 149 1192 193 INTERPR.
1226 148 1405 193 VERG.

185 309 295 341 cum
342 308 430 354 per
477 292 644 339 orbem
691 294 854 339 totum
901 290 1106 338 Troiani
1151 291 1328 338 iactati
1375 290 1496 350 sint,
1543 291 1701 338 solam
1730 291 1876 338 'beni-

183 368 365 426 volam,
404 366 670 413 humanam
710 367 760 412 et
797 365 991 428 largam
1029 364 1252 412 invenire
1290 366 1573 426 potuerunt.
1638 365 1722 424 qui
1752 366 1877 413 tanti

184 442 327 489 talem
361 454 567 500 yenuere
596 439 862 499 parentes?
923 439 1044 500 quia
1082 437 1317 486 nascendi
1354 438 1486 485 ratio
1525 454 1614 500 per
1643 440 1874 500 parentes

183 515 427 576 provenit,
451 513 627 560 horum
653 515 727 560 est
750 512 979 574 felicitas,
997 513 1039 560 si
1062 513 1355 573 praecipuos
1381 511 1655 574 suscipiant
1677 512 1873 561 liberos.

185 589 490 650 quaeruntur
522 587 733 646 saecula,
761 588 1070 648 quaeruntur
1098 588 1351 648 parentes:
1383 586 1514 633 Dido
1547 586 1653 633 sola
1683 587 1738 633 in
1767 588 1875 634 toto
1919 601 1942 635 5

183 662 299 710 orbe
345 660 618 708 iustissima
663 662 988 720 memoratur,
1042 662 1100 707 ut
1144 662 1307 707 totum
1355 660 1606 723 singulare
1657 661 1724 708 sit
1770 661 1876 708 eius

184 735 315 797 quod
354 750 600 782 summum
641 737 715 783 est
753 749 842 782 nec
879 733 1065 782 habeat
1102 749 1213 782 cum
1254 734 1423 795 aliquo
1468 734 1757 782 societatem
1795 733 1876 785 vel

183 808 599 871 conparationem.
664 808 795 869 quod
834 808 961 855 dixit
999 808 1072 855 dii
1110 807 1205 855 tibi
1243 809 1466 869 praemia
1505 807 1658 871 digna
1696 807 1876 869 ferant,

182 881 440 943 conclusit,
471 897 643 930 verum
682 898 744 930 ne
782 881 1081 930 remittendo
1121 881 1311 944 superis
1345 898 1540 930 omnem
1570 883 1876 943 reciprocam

180 958 338 1004 vicem
368 957 475 1019 ipse
506 956 759 1005 videretur
788 958 949 1004 totam
972 955 1367 1004 vicissitudinem
1390 956 1631 1017 reiecisse,
1657 956 1875 1016 deorum,
1898 971 1943 1004 ιο

180 1031 360 1092 inquit,
400 1031 466 1078 sit
506 1045 624 1078 cura
661 1032 886 1092 praemia
923 1031 1106 1078 referre
1145 1031 1337 1078 meritis
1377 1030 1495 1090 tuis,
1535 1029 1667 1091 quod
1707 1032 1876 1078 autem

179 1105 397 1152 humana
442 1119 580 1152 mens
627 1107 814 1166 potest,
861 1120 962 1153 non
1008 1107 1202 1152 taceam
1246 1104 1419 1153 laudes
1466 1106 1600 1164 tuas3
1658 1120 1775 1151 nam
1821 1105 1877 1151 iu

180 1180 307 1237 freta
345 1180 463 1226 dum
501 1180 643 1237 fluvii
681 1182 889 1234 current,
930 1179 1048 1226 dum
1077 1179 1318 1226 montibus
1348 1179 1551 1226 umbrae
1583 1179 1874 1233 lustrabunt,

181 1267 389 1300 convexa
425 1253 575 1312 polus
621 1253 739 1300 dum
783 1253 951 1301 sidera
979 1255 1163 1313 pascet,
1201 1267 1388 1312 semper
1424 1253 1573 1300 honos
1610 1266 1876 1312 nomenque

179 1330 316 1374 tuum
355 1327 617 1386 laudesque
654 1327 930 1374 manebunt.
1008 1327 1103 1374 hoc
1141 1342 1319 1390 genere
1360 1325 1639 1374 ostenditur
1676 1327 1873 1374 futurus
1898 1339 1940 1374 ιε

181 1402 400 1448 omnium
448 1401 805 1448 elementorum
853 1403 903 1448 et
954 1401 1300 1448 universarum
1352 1416 1518 1448 rerum
1570 1399 1707 1461 finis,
1761 1415 1874 1447 cum

95 1495 101 1499 ·
180 1474 364 1522 dicitur
403 1474 644 1536 quamdiu
681 1475 823 1523 fluvii
863 1474 1102 1522 currendo
1140 1475 1412 1522 miscentur
1441 1474 1673 1522 fluctibus
1705 1475 1874 1537 maris,

179 1548 420 1610 quamdiu
451 1548 607 1596 stabit
638 1563 751 1596 cum
782 1548 1026 1598 sideribus
1059 1549 1266 1610 caelum,
1291 1548 1531 1610 quamdiu
1554 1548 1672 1596 solis
1697 1547 1876 1596 umbra

177 1623 257 1670 vel
303 1622 451 1670 lunae
498 1637 716 1671 convexa
762 1623 1054 1672 lustraverit
1094 1623 1352 1671 montium.
1430 1622 1644 1684 denique
1683 1623 1734 1670 et
1772 1622 1873 1670 alio

177 1696 285 1744 loco
326 1689 401 1762 (9,
426 1690 559 1763 448)
601 1696 727 1744 dixit
758 1697 907 1759 „dum
945 1697 1119 1745 domus
1151 1696 1350 1744 Aeneae
1383 1694 1604 1758 Capitoli
1633 1695 1872 1745 inmobile
1895 1711 1943 1744 20

90 1775 176 1816 610
194 1785 371 1818 saxum
403 1771 591 1819 accolet
615 1772 980 1833 imperiumque
1002 1773 1148 1833 pater
1170 1771 1423 1818 Romanus
1447 1769 1695 1819 habebit“.
1750 1783 1874 1830 quae

177 1859 252 1892 me
291 1859 490 1905 cumque
526 1849 701 1893 vocam
737 1849 916 1902 terrae,
963 1846 1058 1893 hoc
1096 1846 1172 1893 est
1210 1859 1549 1907 quaecumque
1587 1847 1749 1892 terrae
1794 1859 1872 1891 me

178 1920 373 1965 vocant.
451 1918 702 1967 subtiliter
747 1934 798 1968 se
844 1934 935 1968 nec
981 1922 1290 1967 cessaturum
1335 1918 1463 1966 dixit
1508 1934 1598 1966 nec
1644 1920 1720 1967 est
1764 1918 1874 1980 pol-

178 1991 346 2040 licitus
393 1991 667 2054 abiturum‚
713 2009 775 2042 ne
820 1993 1040 2042 laederet
1084 1992 1296 2041 Didonis
1343 1994 1568 2040 animum
1623 1992 1872 2041 offerentis
1965 2040 1968 2041 a

179 2067 469 2114 societatem
521 2068 664 2130 regni
718 2070 806 2115 aut
859 2067 919 2115 de
973 2082 1212 2116 consensu
1265 2069 1529 2115 teneretur.
1614 2068 1686 2114 sic
1737 2067 1872 2126 fatus
1895 2079 1939 2113 25
1984 2060 1987 2065 “

179 2141 391 2187 amiewm
429 2139 629 2189 Ilionea
656 2143 782 2200 petit
819 2143 1013 2190 dextra:
1058 2143 1190 2189 recte
1231 2141 1447 2189 amicum
1486 2140 1613 2188 dixit
1653 2142 1703 2188 et
1739 2140 1871 2188 hunc
1965 2190 1971 2194 ,

180 2214 355 2261 ceteris
384 2215 690 2276 anteposuit3
720 2217 840 2263 tunc
865 2217 996 2263 enim
1019 2215 1197 2263 melius
1221 2215 1499 2277 probantur
1523 2215 1788 2275 amicitiae,
1813 2215 1871 2275 si,
1960 2222 1973 2266 ,’

179 2289 236 2335 ut
266 2286 482 2335 Ilioneus
514 2287 647 2349 fecit,
680 2290 866 2338 amicus
896 2305 1129 2351 praesens
1162 2289 1387 2338 amicitia
1418 2288 1638 2337 absentis
1671 2303 1871 2336 causam
1951 2291 1973 2342 ἶς’,

179 2361 250 2410 sic
294 2362 497 2409 tueatur
543 2376 601 2409 ac
647 2364 831 2423 servet,
880 2378 937 2411 ac
983 2364 1025 2410 si
1073 2363 1343 2412 adsistente
1392 2379 1448 2411 eo
1495 2362 1726 2411 videatur
1765 2375 1870 2410 esse

180 2434 421 2496 conpleta.
515 2435 747 2497 laevaque
798 2437 1064 2485 Serestmn:
1124 2437 1476 2501 intellegamus
1538 2437 1754 2484 amicum
1807 2435 1869 2483 ad
1893 2421 1975 2490 wss’

179 2783 231 2826 in
260 2784 381 2837 freta
410 2782 498 2825 LR
527 2783 659 2837 infra
689 2782 761 2827 ed.
867 2788 923 2826 14
946 2787 1100 2840 pascit
1129 2784 1172 2828 R
1203 2798 1317 2829 corr.
1349 2798 1384 2827 r.
1479 2787 1534 2827 17
1565 2783 1872 2827 miscebwnmr

181 2840 250 2885 ed.
345 2845 401 2884 20
437 2841 656 2898 Capitolii
678 2841 766 2884 LR
795 2842 846 2885 in
868 2842 932 2885 IX
955 2844 1023 2887 -li.
1118 2849 1174 2887 24
1205 2844 1470 2888 habiturum
1501 2842 1573 2886 ed.
1665 2846 1720 2885 27
1752 2842 1870 2886 sicut

180 2900 250 2943 ed.
345 2904 401 2944 28
434 2901 541 2955 fecit
570 2900 658 2943 LR
686 2901 722 2955 f.
754 2905 807 2945 ut
838 2901 909 2944 ed.
954 2902 960 2957 Ι
1006 2903 1214 2947 amicitia
1245 2902 1332 2945 LR
1363 2901 1544 2946 amieici
1573 2915 1597 2944 r
1627 2901 1767 2946 amici
1796 2899 1868 2945 ed.

270 2962 326 3002 30
358 2960 623 3016 completum
654 2959 726 3004 ed.
771 2962 778 3015 Ι
827 2961 995 3005 amicos
1026 2961 1097 3020 ed.

179 2507 350 2556 ambos
388 2508 658 2571 pertinere,
705 2509 790 2558 sed
836 2511 1117 2572 praelatum
1158 2512 1238 2559 cui
1277 2510 1478 2559 dextera
1514 2512 1744 2572 porrecta
1782 2511 1870 2558 est.
1940 2504 1974 2573 Ξῖ

1943 2588 1973 2649 ³³

299 2651 322 2707 1
355 2669 462 2709 suut
493 2664 546 2709 R.
708 2669 733 2708 9
765 2667 975 2722 superius
1007 2667 1078 2711 ed.
1248 2670 1303 2710 10
1333 2666 1706 2711 uecessitudinem
1737 2665 1808 2709 ed.
1945 2629 1973 2718 :2

181 2728 234 2766 11
269 2724 535 2779 quod—12
569 2728 742 2768 taceam
772 2724 981 2781 corrupit
1012 2726 1084 2770 ed.
1225 2730 1277 2768 12
1309 2739 1420 2769 uam
1450 2725 1538 2767 LR
1566 2738 1611 2768 u.
1646 2724 1760 2768 dicit
1787 2738 1823 2767 r.
1859 2723 1866 2783 Ι
1932 2722 1975 2795 ζ

1939 2850 1971 2952 Ξ
