2014 3226
804 143 1106 188 AENEIDOS
1139 145 1158 187 I
1263 155 1265 157 ·
1758 146 1827 197 23

140 288 371 336 desistere
404 288 587 334 victam
619 301 708 333 nec
733 301 875 347 posse
900 284 1054 333 Italia
1077 285 1378 334 Teucrorum
1403 292 1625 334 avertere
1650 300 1829 349 regem,

141 363 231 410 hoc
271 364 353 408 'est
400 361 530 422 quod
577 362 873 407 memoravit
920 374 1021 406 una
1069 374 1177 406 cum
1223 364 1357 420 (lente
1405 362 1470 407 tot
1511 374 1667 407 annos
1707 361 1830 407 bella

135 449 260 497 yero.
329 433 506 482 Graeci
545 435 676 482 enim
716 450 830 481 cum
861 432 1029 493 Aiace,
1067 449 1181 480 mox
1220 437 1276 481 ut
1308 433 1532 482 Minerva
1570 435 1702 482 irata
1742 438 1830 491 est,

138 525 234 557 uno
280 509 387 556 ictu
431 508 698 571 perierunt.
778 508 1111 569 conplectitur
1150 523 1266 570 erg-o
1306 509 1438 555 inter
1485 507 1676 556 dolores
1718 523 1829 555 suos

94 602 114 634 5
138 585 287 632 etiam
326 583 433 642 hoc,
475 582 607 644 quod
645 583 756 644 ipsa
796 582 939 643 quasi
980 597 1091 629 cum
1116 582 1420 644 aequalibus
1461 582 1591 629 bello
1633 584 1829 630 conten-

137 657 254 706 dens
295 659 347 704 et
382 668 471 718 per
508 656 730 705 infinitos
771 671 924 703 annos
965 658 1225 704 continuas
1264 656 1556 705 inimicitias
1605 671 1830 704 exercens

137 731 355 780 obtinere
409 747 507 778 non
562 731 794 792 potuerit.
888 733 1020 778 recte
1076 732 1241 778 autem
1295 732 1464 791 posuit
1513 730 1644 778 bella
1700 745 1831 793 gero,

137 805 278 867 quasi
326 821 440 852 cum
486 804 850 865 resistentibus,
898 804 1043 866 quasi
1089 820 1200 853 cum
1248 806 1308 851 iis
1350 806 1436 865 qui
1475 807 1733 866 sperarent
1771 804 1830 851 de

136 879 322 926 Iunone
370 880 646 926 victoriam.
725 878 936 939 denique
976 882 1035 925 ut
1074 879 1165 926 hoe
1204 878 1459 940 probaret,
1508 879 1580 926 ait
1620 881 1663 926 et
1700 880 1831 938 quis-

71 972 113 1004 10
137 968 282 1013 quam
314 967 505 1000 nimian
525 954 561 999 Ι
560 954 737 1000 entonis
769 953 946 1000 adorat
966 956 1225 1012 praeterea
1258 956 1346 999 aut
1376 954 1579 1012 supplex
1619 954 1725 1000 aris
1755 953 1831 999 in-

130 1028 269 1087 ponit
304 1027 563 1074 honorem?
614 1026 722 1074 Hoc
761 1026 944 1074 idcirco
985 1029 1167 1088 posuit,
1199 1030 1256 1074 ut
1288 1027 1568 1075 ostenderet
1598 1042 1686 1088 per
1719 1041 1830 1074 con-

136 1104 377 1150 iecturam
418 1101 658 1148 Troianos
698 1100 882 1148 idcirco
922 1100 1128 1149 Iunonis
1168 1116 1350 1148 numen
1389 1116 1488 1148 non
1529 1101 1735 1148 adorare
1783 1103 1833 1148 et

136 1172 233 1224 aris
261 1176 384 1223 eius
431 1190 530 1223 non
568 1176 805 1236 inponere
852 1174 1115 1236 sacrificia,
1164 1175 1296 1237 quod
1337 1191 1386 1222 se
1427 1177 1684 1236 sperarent
1722 1190 1832 1222 eam

134 1250 390 1297 renitendo
431 1251 764 1310 superaturos.
826 1249 907 1296 hic
948 1252 1136 1310 quanta
1177 1252 1282 1296 arte
1321 1251 1374 1296 in
1413 1249 1576 1296 medio
1609 1250 1833 1311 posuerit

69 1341 110 1374 15
134 1326 389 1384 praeterea
436 1323 581 1371 debet
627 1323 842 1384 ostendi3
898 1339 1015 1370 nam
1061 1323 1131 1371 sic
1183 1339 1286 1372 esse
1327 1323 1517 1370 debuit:
1573 1325 1830 1385 praeterea

136 1398 399 1459 quisquam
439 1413 621 1445 numen
659 1398 883 1445 Iunonis
905 1397 1082 1445 adorat
1121 1400 1209 1445 aut
1248 1397 1455 1459 supplex
1496 1398 1595 1445 aris
1634 1398 1834 1459 inponit

134 1470 403 1520 honorem?
495 1472 601 1532 sed,
649 1474 705 1519 ut
752 1471 988 1532 diximus,
1041 1472 1296 1520 honestius
1351 1471 1403 1519 in
1453 1471 1615 1519 medio
1663 1473 1833 1533 posuit

134 1548 412 1607 praeterea,
455 1548 514 1592 ut
560 1548 771 1607 utraque
820 1548 1109 1594 conecteret.
1187 1548 1318 1593 certe
1365 1547 1416 1593 et
1461 1546 1553 1593 hoc
1598 1546 1829 1608 plurimis

133 1620 255 1668 locis
296 1620 632 1681 ostendemus,
680 1636 832 1668 unam
872 1621 1112 1668 orationis
1151 1622 1346 1682 partem
1383 1635 1483 1667 non
1522 1619 1697 1679 semel,
1745 1618 1833 1668 sed

68 1712 112 1745 20
135 1694 330 1757 saepius
375 1694 734 1756 accipiendam,
783 1698 839 1742 ut
878 1694 1100 1742 dicamus
1140 1696 1396 1756 praeterea
1437 1695 1525 1742 aut
1564 1695 1831 1756 quisquam

133 1784 314 1816 numen
346 1767 547 1817 Iononis
581 1767 790 1816 adorat?
852 1770 1109 1830 praeterea
1143 1771 1230 1816 aut
1262 1769 1467 1830 supplex
1501 1769 1600 1815 aris
1631 1769 1830 1830 inponit

133 1841 400 1890 honorem?
469 1845 528 1890 ut
574 1845 832 1904 praeterea
870 1842 947 1890 bis
989 1844 1263 1904 accipiatur
1303 1845 1391 1890 aut
1430 1843 1560 1890 certe
1600 1842 1828 1890 ordinato

134 1929 279 1966 sensu
318 1918 468 1964 semel
507 1919 724 1979 ponatur
760 1918 814 1964 in
854 1918 1030 1978 capite.

249 1991 395 2039 Talia>
440 1993 688 2049 flammato
735 2006 897 2038 secum
943 1991 1035 2038 dea
1075 1991 1215 2038 corde
1248 1992 1502 2038 volutans:
1558 2006 1669 2038 cum
1707 1991 1830 2038 haec

69 2082 111 2114 25
134 2065 257 2112 Iuno
296 2067 537 2112 tractaret
574 2066 799 2126 taliaque
837 2062 1003 2113 secum
1043 2067 1308 2125 conferret,
1357 2061 1470 2127 ipsa
1509 2080 1704 2126 quoque
1742 2080 1830 2112 no-

135 2138 289 2187 cendi
305 2139 578 2188 consilium
615 2141 836 2201 repperit
881 2155 972 2187 nec
1016 2139 1267 2187 laboravit
1311 2139 1582 2200 inquirere,
1632 2137 1829 2200 quando

69 2206 71 2208 ¹
135 2213 211 2260 illi
259 2212 537 2275 exemplum
582 2213 834 2262 Minervae
884 2213 1003 2275 quid
1050 2215 1178 2262 esset
1223 2214 1500 2261 necessario
1548 2212 1831 2261 faciendum

135 2288 326 2334 mature
381 2289 640 2350 suggessit.
731 2288 815 2335 sed
868 2289 1006 2349 prius
1059 2289 1210 2349 poeta
1239 2285 1437 2335 -debuit
1490 2286 1828 2335 demonstrare

136 2363 375 2422 quantum
414 2363 672 2412 irascentis
713 2362 912 2410 ardores
952 2361 1258 2410 excreverint
1297 2361 1611 2423 disputando.
1685 2376 1828 2423 supe-

255 2552 278 2589 1
303 2523 391 2590 nec
422 2523 633 2598 Llftnon
666 2546 738 2592 ed.
772 2543 842 2604 (ut
874 2549 1044 2604 supra).
1169 2552 1196 2590 4
1228 2547 1279 2590 in
1304 2544 1404 2590 ‘ww
1434 2524 1508 2591 ed.
1617 2550 1659 2602 ,5
1691 2543 1827 2591 etia'm

21 2648 23 2652 .
134 2603 295 2650 LRet‘
322 2605 445 2664 ed.·‘[
486 2607 628 2662 ‘qnasi
659 2616 747 2650 om.
780 2606 833 2650 R.
943 2611 969 2649 6
1001 2612 1040 2650 et
1074 2618 1161 2649 om.
1196 2606 1268 2650 ed.
1311 2607 1318 2662 Ι
1367 2606 1575 2661 infinitos
1606 2599 1692 2648 BR
1723 2611 1827 2650 eon-

23 2639 44 2738 }
135 2665 289 2709 tinuos
318 2664 390 2709 ed.
516 2669 570 2708 10
602 2665 768 2710 adorat
797 2666 972 2721 ubique
1004 2665 1102 2709 LR.
1148 2666 1154 2721 Ι
1203 2665 1387 2721 inponit
1426 2665 1503 2708 hic
1534 2667 1584 2709 et
1614 2663 1825 2718 inferius,

134 2718 274 2767 tertio
305 2723 407 2768 loco
438 2725 626 2780 inponet
655 2724 742 2767 LR
773 2736 887 2768 corrg
912 2739 955 2768 r:
988 2724 1239 2777 Donatum,
1273 2723 1496 2781 quoniam
1527 2723 1826 2768 de-Troianis

134 2781 383 2840 intellegit,
416 2784 600 2839 inponit
629 2782 813 2841 legisse-
833 2786 1044 2841 apparet.
1171 2787 1223 2826 1⁶2.
1258 2788 1341 2828 aut
1371 2783 1457 2826 LR
1488 2783 1559 2826 ed.
1591 2788 1635 2827 et
1665 2796 1764 2827 nos.

137 2845 310 2884 13—14
335 2855 396 2886 *ea
425 2842 764 2887 retinendoed.
859 2847 915 2888 18
939 2843 1157 2900 pluribus
1189 2841 1261 2886 ed,
1333 2847 1412 2886 19
1443 2841 1720 2887 ostendimus
1751 2841 1827 2891 edf

222 2904 280 2944 20
313 2901 541 2946 discamus
571 2901 619 2944 L.
701 2914 706 2935 2
752 2906 947 2947 astant
974 2906 1097 2947 certe·
1120 2901 1207 2944 LR
1239 2906 1356 2947 uto.-
1391 2901 1463 2946 ed.
1511 2931 1517 2936 -
1583 2931 1587 2935 -
1625 2905 1680 2945 2⁷
1713 2901 1826 2957 quid

137 2958 221 3002 LR.
252 2961 373 3015 quod
402 2960 506 3004 eds»-
531 2988 538 2996 „
568 2988 571 2989 ν
598 2965 655 3005 28
686 2962 888 3020 suqyerit
918 2961 991 3006 ed.
1167 2993 1178 2996 --
1363 2958 1365 2960 ’
1663 2992 1666 2995 Δ
1752 2993 1755 2996 >

1864 1995 1921 2034 50
