2014 3226
229 186 298 234 34
694 180 924 223 DONATI
955 179 1235 223 INTERPR.
1269 179 1445 224 VERG.

230 340 323 384 quo
364 323 645 370 tenderetur
683 336 782 367 non
822 320 1038 380 haberet,
1079 319 1141 366 ad
1181 320 1372 367 caelum
1419 322 1467 365 et
1515 335 1716 380 superos
1765 321 1915 366 etiam

228 398 376 444 venit.
423 396 572 443 tertia
604 395 862 456 inquisitio
897 395 1151 455 supererat
1184 410 1343 454 quove
1375 395 1556 440 tenetis
1588 391 1716 440 iter?
1766 394 1916 440 etiam

140 471 337 532 380ipsi
378 469 640 530 respondet
680 468 846 515 dicens
886 468 1089 514 Italiam
1129 482 1306 526 quaero
1338 469 1570 526 patriam.
1635 467 1762 514 dixit
1801 481 1915 530 ergo

230 561 324 605 quo
365 543 588 589 tenderet
628 544 676 589 et
716 541 909 589 addidit
948 541 1078 603 quod
1119 543 1399 602 quaesitum
1439 557 1537 588 non
1577 542 1743 588 fuerat
1775 556 1916 588 orna-

228 624 365 664 turus
413 618 646 663 meritum
694 631 838 662 suum
885 615 1090 662 dicendo
1149 619 1191 661 et
1239 629 1392 674 *oenus
1439 615 1500 661 ab
1547 615 1664 661 Ioue
1717 629 1916 661 summo.
1961 631 1980 664 5

231 706 409 752 quaero
441 690 516 737 bis
551 690 891 751 accipiendum
924 692 1011 749 est,
1043 691 1099 735 ut
1132 690 1197 735 sit
1232 689 1435 735 Italiam
1476 704 1659 749 quaero
1700 689 1915 750 patriam

229 771 277 811 et
316 780 468 827 genus
510 779 692 824 quaero
735 763 864 824 quod
907 763 966 810 ab
1006 763 1123 811 Iove
1165 778 1354 809 summo
1397 762 1661 808 descendit.
1723 763 1800 810 his
1835 762 1916 808 ad-

227 840 390 900 iungit
414 838 583 899 aliqua
609 837 666 883 de
694 837 886 884 casibus
912 838 1011 884 suis
1039 843 1087 883 et
1113 852 1170 883 ea
1196 852 1322 897 quae
1347 837 1573 883 tenerent
1597 836 1917 897 profectionis

228 912 372 958 initia
420 914 468 958 et
514 911 789 972 praesentis
837 911 1073 972 temporis
1123 911 1269 956 mala.
1349 911 1420 956 bis
1467 911 1604 957 denis
1650 911 1916 970 Pl‘eryyium

229 987 477 1033 conservuli
515 986 724 1033 uaribus
763 999 942 1043 aequor
982 988 1134 1031 matre
1173 986 1263 1031 dea
1302 987 1599 1031 monstrante
1637 985 1768 1030 veum
1801 985 1916 1031 data
1943 1001 1983 1033 10

228 1062 332 1117 sota
380 1061 591 1106 secutus:
647 1074 754 1106 cum
804 1075 1062 1105 numerum
1110 1059 1314 1106 navium
1355 1058 1558 1117 diceret,
1602 1057 1919 1105 ambitiosum

230 1134 325 1179 fuit
375 1132 506 1194 quod
554 1133 679 1179 dixit
717 1133 792 1180 bis
833 1132 992 1192 denis,
1034 1147 1183 1194 quam
1223 1132 1264 1179 si
1303 1131 1487 1179 diceret
1526 1132 1728 1194 viginti,
1773 1132 1920 1179 sicuti

233 1224 316 1268 pro
371 1207 527 1253 nihilo
583 1207 750 1267 posuit
803 1207 887 1253 vix
942 1209 1130 1267 septem
1184 1206 1447 1254 convulsae
1502 1206 1645 1253 undis
1705 1220 1918 1266 euroque

231 1284 503 1341 supersunt.
583 1283 742 1328 matre
790 1279 880 1327 dea
926 1282 1234 1326 monstrante
1289 1281 1443 1327 viam:
1507 1296 1658 1340 quam
1711 1279 1920 1326 libenter

231 1355 428 1401 auditus
477 1357 573 1414 est,
621 1354 752 1415 quod
800 1355 988 1417 gratias
1038 1355 1206 1417 ageret
1251 1354 1422 1414 matri,
1469 1354 1588 1401 licet
1631 1355 1738 1415 ipse
1779 1354 1921 1414 quasi
1942 1368 1976 1403 ι·

233 1428 362 1490 apud
402 1428 709 1491 incognitam
750 1427 1190 1475 commendationis
1231 1443 1348 1475 suae
1389 1441 1536 1475 causa
1575 1427 1667 1474 hoc
1706 1427 1920 1475 voluerit

232 1503 411 1563 dicere,
460 1501 590 1563 quod
639 1518 695 1549 ex
743 1502 833 1548 dea
882 1502 947 1549 sit
986 1503 1196 1564 genitus.
1273 1501 1384 1563 ipsa
1436 1502 1567 1548 enim
1608 1502 1743 1549 viam
1782 1516 1918 1548 mon-

233 1575 408 1623 stravit
448 1575 653 1624 dicendo
693 1576 746 1622 in
779 1576 990 1623 secundo
1024 1575 1150 1623 libro
1185 1569 1342 1641 (619)
1375 1577 1554 1636 „eripe‚
1585 1578 1717 1636 nate,
1749 1576 1919 1638 fugam
2004 1633 2008 1641 ι

230 1651 473 1710 finemque
511 1651 692 1710 inpone
732 1650 905 1698 labori.
982 1665 1228 1711 nusquam
1269 1649 1416 1696 abero
1455 1652 1506 1697 et
1542 1650 1708 1697 tutum
1753 1650 1953 1714 patrio-j
2007 1664 2009 1681 ¹

231 1730 279 1770 te
326 1724 496 1771 limine
546 1722 761 1771 sistam“.
839 1724 919 1771 hic
960 1723 1176 1771 ostendit
1213 1726 1362 1785 poeta
1401 1725 1554 1770 etiam
1592 1723 1741 1784 illud,
1788 1721 1939 1784 quod⁴
1960 1743 1974 1757 ⁴
2008 1746 2009 1750 =

232 1797 422 1844 Aeneas
485 1797 542 1844 de
597 1797 774 1844 Troiae
836 1797 1065 1844 litoribus
1127 1813 1227 1844 non
1287 1797 1546 1846 voluntate
1607 1791 1955 1866 navigaverit}

231 1870 476 1933 iungendo
524 1871 644 1919 data
690 1871 798 1918 fata
837 1873 1050 1932 secutus,
1091 1871 1325 1932 quoniam
1362 1870 1600 1918 fatalibus
1640 1871 1919 1932 dispositio·
1939 1902 1952 1935 -r,

235 1944 376 1990 nibus
416 1945 817 1992 consentiendum
856 1950 1016 2008 magis
1055 1948 1128 1992 est
1160 1961 1308 2006 quam
1339 1945 1661 1993 inefficaciter
1689 1943 1948 2002 resisten-r-ss.

235 2017 362 2064 dmn.
448 2033 554 2065 ecce
609 2019 880 2080 praeterita
943 2019 1156 2067 strictim
1208 2019 1410 2066 transiit
1464 2022 1513 2066 et
1565 2020 1619 2065 in
1671 2017 1918 2080 praesenti
1937 2047 1951 2067 r

234 2093 508 2138 inmoratur
547 2094 750 2154 propter
786 2093 1026 2140 maiorem
1063 2092 1452 2140 misericordiam
1501 2091 1927 2142 commovendam.

239 2166 315 2212 cix
353 2168 527 2223 septem
566 2166 821 2214 convulsae
858 2167 1007 2214 undis
1039 2181 1244 2225 euroque
1275 2169 1549 2226 supersunt,
1581 2169 1683 2226 ipse
1714 2168 1919 2226 motus,
1947 2168 1957 2217 ξ

151 2241 235 2280 385
255 2252 390 2297 fyens
429 2238 618 2299 Libyae
656 2241 843 2287 deserta
873 2255 1086 2300 peragro
1123 2240 1331 2300 Europa
1375 2244 1516 2300 atque
1552 2239 1681 2288 Asi-a
1718 2239 1950 2300 pulsasse:

235 2311 432 2373 singula
478 2313 628 2360 verba
675 2329 823 2374 quam
868 2316 1072 2362 teneant
1117 2315 1220 2362 vim
1266 2329 1473 2376 quemve
1521 2315 1738 2362 habeant
1774 2293 1959 2363 innah?

235 2385 415 2432 lectum
455 2387 728 2435 necessario
761 2388 1058 2436 noscendum
1091 2391 1177 2436 est.
1241 2390 1314 2436 ait
1345 2389 1475 2436 enim
1506 2388 1582 2436 bis
1614 2387 1751 2436 denis
1782 2381 1949 2436 navi*

235 2458 325 2506 bus
364 2459 642 2507 veniebam:
697 2461 1036 2524 designatione
1075 2463 1267 2510 numeri
1305 2462 1500 2525 magnis
1540 2463 1695 2524 copiis
1733 2462 1856 2510 mot
1882 2482 1964 2510 ,

235 2532 604 2595 navigationem
644 2548 782 2581 suam
821 2535 984 2583 voluit
1021 2535 1370 2584 demonstrare.
1447 2535 1531 2583 vix
1579 2538 1764 2597 septem
1808 2550 1899 2583 con
1939 2567 1965 2587 4

357 2678 381 2716 2
413 2678 599 2729 superat
630 2673 699 2717 ed.
809 2680 836 2717 4
868 2680 908 2718 et
939 2688 1026 2718 om.
1053 2675 1124 2720 ed.
1233 2681 1258 2719 5
1292 2681 1332 2719 et
1362 2689 1450 2720 om.
1476 2674 1547 2719 ed.
1659 2679 1682 2718 7
1714 2675 1830 2720 desc
1864 2671 1946 2715 ἸιῗὙ

237 2731 319 2775 LR
354 2732 443 2776 -dit
474 2731 508 2774 L
540 2731 582 2774 II
613 2746 672 2775 m.
704 2747 729 2776 r
760 2733 829 2776 ed.
977 2737 1002 2776 8
1035 2735 1214 2779 casibus
1243 2735 1341 2779 suis
1371 2734 1406 2778 L
1438 2736 1536 2778 suis
1566 2747 1653 2778 om.
1687 2733 1727 2776 R
1759 2733 1868 2780 add.
1890 2738 1949 2789 ‚ss

237 2804 377 2834 eausa
407 2792 483 2834 sui
512 2791 678 2835 erroris
709 2791 780 2836 ed.
874 2796 929 2836 14
961 2806 1095 2848 qua-m
1129 2794 1316 2838 libenter
1338 2793 1424 2836 LR
1454 2807 1591 2849 quam
1622 2793 1812 2838 breviter
1850 2810 1862 2830 '-
1877 2813 1910 2839 ·,

238 2863 374 2904 quam
406 2849 594 2894 breviter
623 2863 702 2894 seu
732 2850 919 2895 libenter
950 2851 1060 2895 edF.
1161 2857 1215 2895 23
1247 2853 1564 2897 conscientium
1594 2850 1648 2895 R.
1750 2855 1806 2895 25
1826 2851 1889 2896 ”ivs

238 2927 440 2967 moratus
479 2922 548 2966 ed.
739 2927 795 2967 26
834 2910 1065 2970 eonvo'lsae
1095 2925 1131 2968 L
1171 2938 1311 2983 supra
1346 2927 1395 2969 et
1425 2925 1548 2968 infra
1579 2925 1830 2970 convulsae.
1887 2942 1891 2943 ’
1935 2922 1939 2923 ’

241 2986 294 3024 31
325 2995 456 3026 suam
488 2994 576 3024 om.
611 2981 681 3024 ed.
727 2983 734 3037 Ι
782 2982 1086 3028 demonstrare
1115 2984 1151 3027 L
1184 2985 1372 3029 -abatur
1401 2984 1453 3028 R.
1883 3007 1886 3014 ν
