2014 3226
208 166 315 217 202
676 163 905 207 DONATI
933 163 1000 206 IN
1004 163 1215 207 TERPR.
1250 163 1426 206 VERG.

208 306 420 353 exerceri
467 307 519 351 in
567 302 918 362 Cassandram,
972 305 1177 364 propter
1230 303 1369 350 cuius
1420 318 1638 350 amorem
1686 305 1896 352 nimium

209 380 392 426 auxilio
434 377 678 425 Coroebus
720 377 947 424 Troianis
996 379 1287 424 accesserat:
1343 378 1480 425 cuius
1519 392 1668 425 causa
1706 378 1896 425 factum

210 456 285 500 est
329 456 386 498 ut
432 468 490 499 ex
535 452 752 498 maxima
807 466 891 511 spe
947 452 1230 498 certaminis
1284 452 1510 512 prosperi
1563 453 1616 498 in
1671 453 1895 513 apertam

208 526 473 587 perniciem
512 524 790 572 veniremus
831 523 1062 572 universi.
1140 524 1395 572 videamus
1435 541 1565 572 nunc
1605 540 1755 586 quam
1793 525 1895 572 vim

208 600 388 647 habeat
432 599 713 646 intellectus
769 598 1112 659 descriptionis
1162 597 1487 659 Cassandrae,
1549 600 1707 660 partis
1762 600 1896 646 enim
1941 617 1961 645 ε’»

207 674 301 721 loci
339 673 489 719 habet
528 673 801 719 communis
843 675 892 719 et
926 674 979 718 in
1010 671 1273 719 verborum
1305 672 1616 735 singulorum
1649 672 1894 734 angustiis

206 748 502 794 latissimam
549 749 687 794 tenet
726 747 1122 809 exaggerationis
1161 746 1425 806 invidiam,
1474 762 1530 793 ac
1570 748 1613 793 si
1650 762 1895 808 propona-

206 836 313 867 mus
353 821 520 867 thema
560 835 665 867 esse
704 821 758 867 in
798 835 878 867 eos
919 821 1007 881 qui
1045 835 1307 881 personam
1346 820 1500 867 talem
1539 819 1598 867 de
1638 821 1746 868 loco
1781 821 1895 868 reli-

205 896 341 957 gioso
382 894 451 941 sic
490 893 755 941 trahebant
796 893 1210 954 quemadmodum
1233 893 1487 956 Vergilius
1526 894 1705 955 posuit.
1770 909 1895 955 ecce,

204 968 381 1030 inquit,
420 969 579 1029 passis
620 967 838 1015 crinibus
877 967 1126 1014 Priameia
1158 969 1299 1030 virgo
1336 966 1612 1015 Cassandra
1646 983 1675 1015 a
1705 968 1893 1029 templo
1918 983 1961 1014 ιο

204 1045 253 1089 et
293 1042 456 1103 adytis
488 1042 741 1089 Minervae
779 1041 1084 1089 trahebatur.
1143 1043 1196 1088 in
1235 1042 1444 1104 singulis
1482 1041 1645 1089 verbis
1687 1043 1897 1089 crimina

204 1116 401 1178 singula
449 1117 786 1176 continentur,
840 1131 967 1177 quae
1014 1117 1133 1177 quia
1179 1116 1344 1163 hostes
1392 1115 1663 1175 faciebant,
1709 1115 1896 1163 fiebant
1990 1168 1991 1174 ἵ

201 1192 311 1237 tuto
357 1192 531 1251 utpote
578 1191 685 1236 iure
732 1189 873 1248 belli3
930 1192 979 1237 et
1024 1190 1103 1236 illi
1140 1190 1233 1236 hoc
1272 1190 1611 1252 gratissimum
1651 1189 1896 1237 ducebant
1988 1195 1991 1250 ξ

206 1271 327 1324 quos
368 1263 625 1311 constabat
663 1263 904 1323 inimicos,
937 1263 1021 1311 sed
1053 1260 1281 1311 Troianis
1321 1263 1412 1310 hoc
1451 1264 1614 1310 fuerat
1653 1263 1894 1326 indignis·

203 1340 382 1385 simum
422 1339 472 1384 et
504 1339 603 1398 ipsi
633 1337 831 1384 Aeneae
863 1338 943 1385 vel
974 1338 1187 1384 maxime
1220 1339 1425 1399 propter
1456 1337 1508 1384 id
1540 1337 1672 1398 quod
1703 1338 1896 1385 dixerat
1919 1353 1961 1384 15
1988 1339 1990 1346 “

205 1405 287 1477 (5)
328 1427 581 1473 „quaeque
627 1412 734 1473 ipse
780 1413 1062 1458 miserrima
1109 1410 1257 1459 vidi“.
1334 1413 1551 1472 primum
1597 1427 1713 1474 ergo
1762 1411 1895 1472 quod
1988 1432 1989 1436 ¹

203 1487 276 1532 ait
314 1501 437 1545 ecce,
476 1485 568 1532 hoc
607 1487 682 1533 est
720 1485 838 1532 dum
877 1485 999 1532 bene
1040 1501 1095 1533 ac
1134 1500 1367 1546 prospere
1409 1485 1681 1532 certamina
1721 1486 1892 1533 nostra

202 1561 468 1619 ferrentur,
511 1562 714 1621 repente
754 1561 989 1621 apparuit
1030 1559 1161 1620 quod
1198 1551 1467 1620 multiplici
1506 1558 1805 1623 indignitate
1845 1560 1896 1606 et

202 1634 381 1681 scelere
421 1635 622 1680 actuum
659 1635 942 1681 nostrorum
982 1624 1151 1681 cursus
1185 1635 1235 1680 et
1266 1637 1407 1696 gesta
1437 1632 1675 1680 turbaret.
1729 1632 1893 1680 trahe-

202 1708 351 1754 batur
389 1709 520 1755 enim
558 1723 647 1769 per
684 1706 941 1768 publicum
981 1723 1105 1768 quae
1144 1709 1354 1768 paterno
1397 1707 1575 1755 merito
1617 1708 1666 1754 et
1703 1722 1793 1754 suo
1832 1722 1894 1754 ne
1917 1721 1962 1752 20

203 1796 315 1828 cum
358 1781 578 1829 honestis
626 1781 826 1843 quidem
873 1781 1048 1828 officiis
1093 1782 1365 1829 multorum
1419 1780 1583 1828 decuit
1637 1779 1894 1828 obtutibus

203 1855 390 1915 offerri,
443 1854 738 1903 trahebatur
789 1855 931 1918 virgo
985 1855 1207 1903 virorum
1259 1854 1589 1916 plurimorum
1650 1854 1893 1915 manibus,

201 1929 493 1977 trahebatur
531 1929 748 1977 crinibus
780 1929 954 1990 passis,
988 1929 1119 1990 quod
1156 1930 1256 1976 fuit
1293 1927 1532 1992 virginali
1567 1928 1892 1976 verecundiae

203 2003 324 2050 satis
376 2003 654 2062 inimicum,
707 2003 1001 2051 trahebatur
1054 2003 1280 2051 sacerdos
1340 2002 1570 2050 manibus
1623 2003 1892 2064 inpiorum,

202 2076 493 2124 trahebatur
531 2092 562 2124 a
600 2077 787 2139 templo
827 2079 876 2125 et
915 2077 977 2125 ab
1016 2078 1140 2139 ipsis
1179 2077 1298 2125 deae
1345 2076 1682 2138 penetralibus
1729 2078 1892 2138 rapta,
1915 2090 1959 2123 25

201 2150 493 2198 trahebatur
543 2150 772 2200 manibus
824 2153 940 2212 post
992 2153 1136 2214 terga
1194 2151 1490 2200 constrictis.
1576 2150 1640 2198 ad
1701 2150 1894 2198 caelum

201 2223 406 2272 tendens
447 2223 673 2272 ardentia
709 2225 902 2272 lumina
938 2225 1140 2288 frustra,
1178 2224 1384 2285 lumina,
1423 2240 1541 2271 nam
1578 2227 1774 2272 teneras
1814 2239 1891 2271 ar·

202 2297 379 2346 cebant
423 2299 623 2346 vincula
666 2299 882 2360 palmas:
944 2314 1058 2347 cum
1101 2299 1223 2346 haec
1268 2300 1347 2346 tot
1390 2297 1598 2362 indigna
1635 2298 1892 2360 perferret,

199 2371 437 2419 tendebat
481 2371 646 2420 oculos
687 2372 752 2420 ad
789 2372 1002 2433 caelum,
1050 2373 1169 2434 quia
1207 2371 1433 2435 inpedita
1470 2371 1676 2420 nexibus
1713 2386 1890 2420 manus

199 2445 365 2493 levare
396 2461 496 2493 non
525 2447 737 2507 poterat.
796 2446 930 2508 quod
958 2446 1176 2494 faciebat
1205 2447 1417 2507 frustra,
1457 2446 1728 2508 quaerebat
1759 2445 1892 2493 enim
1913 2443 1992 2502 ³⁰2¹*

199 2520 253 2566 in
314 2519 451 2567 caelo
513 2519 700 2568 ultores
761 2519 900 2580 deOS,
962 2520 1140 2582 quibus
1194 2519 1572 2569 adversantibus
1625 2520 1892 2581 imperium

201 2592 378 2641 Troiae
410 2593 704 2654 conciderat,
739 2594 788 2640 et
819 2609 916 2658 eos,
948 2610 1161 2656 quorum
1199 2609 1311 2641 cum
1350 2594 1524 2642 domus
1564 2595 1693 2642 esset
1721 2593 1890 2653 Ilium,
1957 2595 1975 2652 ιῗξ

199 2667 400 2729 templis
446 2668 549 2715 suis
598 2666 831 2729 prodesse
873 2668 1142 2716 noluerunt
1177 2668 1259 2716 vel
1297 2670 1428 2715 certe
1466 2683 1566 2715 non
1603 2668 1888 2729 potuerunt.
1952 2663 1973 2700 '³²⁵

319 2795 346 2835 6
377 2793 430 2835 in
459 2805 548 2835 om.
574 2791 646 2835 ed.
771 2796 826 2836 10
849 2793 1084 2850 priameia
1113 2793 1212 2837 LR.
1338 2797 1392 2836 12
1423 2793 1562 2847 fiebat
1590 2791 1678 2836 LR
1708 2792 1780 2836 ed.
1800 2793 1888 2846 ‘fie-

199 2850 311 2895 bant
338 2864 438 2894 nos.
544 2855 598 2895 15
630 2851 682 2895 id
712 2851 834 2907 quod
856 2851 943 2894 LR
966 2852 1037 2895 ed.
1063 2853 1114 2896 id
1144 2851 1233 2896 del.
1260 2867 1284 2895 r
1313 2851 1512 2895 fortasse
1543 2853 1670 2896 recte
1701 2850 1759 2896 cf.
1785 2864 1826 2895 v.
1846 2854 1886 2895 ὅ.

288 2914 341 2952 21
383 2909 612 2955 obtutibus
648 2909 734 2953 LR
773 2911 792 2953 i
830 2924 1056 2967 superscr.
1096 2911 1132 2954 L
1163 2911 1216 2954 II·
1235 2924 1358 2955 man.
1399 2911 1647 2955 obtuitibus
1696 2910 1768 2955 ed.
1828 2920 1831 2922 ’

200 2972 255 3012 ⁶25
278 2969 640 3024 penetrabilibus
669 2969 756 3012 LR
787 2971 853 3025 (et
883 2969 1037 3026 infra).
1845 2988 1857 2996 ·
