2014 3226
776 175 1115 219 PRAEFATIO
1687 177 1792 219 XXI

102 318 152 363 in
192 316 685 377 interpretationibus
726 319 1003 363 occurrunt.
1075 318 1286 379 paginis,
1326 319 1382 363 ut
1422 333 1571 377 supra
1610 332 1791 364 memo-

100 392 230 450 ravi,
279 390 664 451 superscriptum
714 392 787 437 est
835 391 1065 437 sinistrae
1107 390 1420 451 „expositio“,
1470 390 1670 437 dextrae
1710 392 1791 450 „in

101 463 422 526 Vergilium“.
501 463 789 511 correctoris
844 465 1131 511 recentioris
1187 466 1399 527 vestigia
1453 464 1622 525 paucis
1670 465 1791 512 locis

99 539 430 585 inveniuntur.
510 538 569 584 de
611 537 1018 598 quaternionibus
1060 554 1158 585 una
1198 553 1308 584 cum
1347 538 1538 586 lacunis
1577 538 1790 585 referen-

98 611 216 658 dum
270 614 356 658 est.
435 611 679 658 numerati
736 615 849 658 sunt
911 613 963 658 in
1026 611 1120 659 fine
1182 613 1567 674 uniuscuiusque
1615 612 1791 672 XXXI,

99 701 306 746 quorum
346 686 585 746 primum,
634 701 746 733 cum
786 687 872 747 qui
910 701 1040 732 nunc
1079 686 1267 746 primus
1316 688 1452 733 extat
1498 701 1701 733 numero
1740 686 1792 732 Π

99 761 324 823 signatus
380 761 466 819 sit,
522 775 579 806 ex
634 759 781 821 pleno
837 760 963 807 libro
1019 759 1285 820 deperiisse
1336 759 1655 807 manifestum
1702 763 1790 807 est.

97 833 440 881 desiderantur
494 835 624 880 enim
681 836 796 880 ante
852 833 1000 880 verba
1049 835 1196 894 „quia
1247 833 1438 894 quem“,
1488 849 1613 894 quae
1662 849 1792 881 nunc

97 909 257 968 prima
296 908 543 970 leguntur,
589 908 688 954 157
724 922 955 954 versuum
995 909 1430 969 interpretationes
1463 923 1647 969 eaeque
1680 923 1791 955 cum

95 982 244 1028 titulo
284 983 550 1042 picturato,
583 982 669 1043 qui
708 983 1031 1043 praecessisse
1067 982 1318 1043 putandus
1353 985 1439 1041 est,
1474 982 1792 1042 quaternioni

95 1055 406 1116 respondent.
484 1071 600 1102 nam
639 1071 871 1103 versuum
910 1056 962 1102 in
1003 1055 1212 1118 singulis
1257 1055 1663 1116 quaternionibus
1711 1071 1790 1102 ex-

0 1182 7 1189 ,
95 1130 392 1190 plicatorum
447 1145 678 1177 numerus
734 1130 864 1177 inter
923 1131 1027 1177 130
1083 1132 1132 1177 et
1189 1131 1293 1177 232
1351 1131 1535 1190 variat,
1598 1129 1791 1177 medius

95 1208 170 1251 est
206 1204 325 1251 183.
389 1206 505 1251 sunt
545 1206 710 1251 autem
748 1205 881 1251 inter
918 1204 1033 1251 illos
1064 1203 1240 1264 XXXI,
1275 1219 1396 1265 quos
1437 1205 1790 1265 quaterniones

96 1277 210 1338 dixi,
250 1281 349 1325 tres
392 1271 540 1333 (VIII
585 1277 781 1324 XVIIII
829 1271 989 1335 XXX)
1029 1278 1295 1337 ternioneS,
1333 1280 1434 1325 tres
1477 1271 1599 1343 (VII
1644 1277 1791 1324 XVII

95 1345 235 1417 XXI)
278 1339 483 1414 septena
524 1351 756 1399 exhibent
796 1352 930 1399 folia.
995 1351 1238 1399 accedunt
1267 1354 1382 1413 post
1414 1351 1789 1434 quaternionem

94 1424 256 1472 XXXI
290 1428 529 1486 quattuor
561 1426 684 1473 folia
715 1441 886 1474 versus
923 1427 1005 1486 12,
1033 1427 1215 1473 847—
1220 1427 1324 1473 952
1367 1428 1416 1473 et
1455 1426 1644 1474 salvam
1686 1426 1789 1487 epi-

92 1499 195 1562 logi
249 1503 443 1562 partem
498 1501 817 1548 continentia.
902 1501 1184 1547 ternionum
1245 1502 1434 1561 primus
1490 1493 1660 1565 (Vm)
1716 1500 1791 1547 ita

93 1576 407 1635 comparatus
448 1577 536 1634 est,
576 1577 632 1621 ut
670 1575 723 1621 in
762 1576 927 1636 ipsum
966 1574 1185 1620 medium
1223 1574 1403 1622 lacuna
1440 1574 1632 1622 incidat
1670 1574 1790 1621 libri

0 1627 4 1693 s
93 1647 307 1709 septimi,
333 1663 430 1709 qua
463 1664 572 1696 cum
605 1647 700 1695 fine
734 1647 973 1696 orationis
999 1649 1210 1695 Amatae
1234 1663 1465 1695 versuum
1494 1649 1787 1695 373—414

0 1783 3 1786 y
91 1722 440 1783 interpretatio
494 1722 658 1783 periit.
735 1723 915 1783 incipit
969 1724 1135 1769 autem
1191 1722 1409 1770 defectus
1463 1725 1578 1783 post
1631 1723 1788 1769 imum

92 1810 288 1843 versum
345 1796 455 1843 folii
496 1790 658 1844 5OBb
713 1798 762 1843 et
814 1796 944 1843 redit
996 1797 1344 1857 interpretatio
1399 1811 1590 1844 summo
1640 1811 1789 1843 versu

91 1870 203 1918 folii
244 1870 422 1917 51Aa.
486 1869 822 1931 quamobrem,
862 1885 974 1918 cum
1013 1885 1243 1917 versuum
1284 1869 1492 1932 singulis
1531 1870 1667 1918 foliis
1707 1886 1786 1917 ex—

91 1944 391 2004 plicatorum
421 1960 654 1992 numerus
687 1945 819 1991 inter
846 1945 910 1991 17
936 1947 985 1990 et
1012 1945 1080 1991 30
1114 1943 1275 1991 variet
1306 1946 1355 1991 et
1386 1944 1575 1992 medius
1601 1945 1667 1991 sit
1701 1945 1787 2003 23,

0 2051 3 2058 .
93 2017 302 2065 duarum
334 2019 617 2066 chartarum
650 2017 1001 2078 membranam,
1035 2033 1162 2079 quae
1194 2018 1405 2065 interior
1434 2019 1545 2079 fuit,
1577 2017 1783 2079 periisse

91 2095 140 2138 et
188 2092 271 2152 qui
322 2108 451 2140 nunc
489 2093 650 2140 ternio
692 2095 767 2140 est
807 2092 1182 2153 quaternionem
1222 2093 1375 2140 fuisse
1415 2092 1508 2139 hac
1550 2092 1786 2140 foliorum

0 2193 5 2235 5
91 2164 413 2226 dispositione
454 2166 843 2214 demonstratur:
887 2166 969 2213 48.
1013 2167 1098 2213 49.
1142 2167 1223 2213 50.
1266 2167 1314 2213 Ο.
1354 2167 1403 2214 Ο.
1446 2167 1529 2213 51.
1572 2167 1656 2214 52.
1699 2166 1785 2213 53.

916 2232 1746 2346 Q-,Qzs-ss

90 2355 143 2403 in
196 2359 503 2406 ternionibus
552 2358 749 2406 XVIIII
802 2361 852 2406 et
902 2359 1038 2405 XXX
1093 2359 1218 2406 nihil
1274 2358 1604 2407 desideratur:
1666 2373 1786 2406 casu

90 2433 254 2479 nescio
293 2447 391 2494 quo
429 2447 520 2494 pro
559 2432 967 2494 quaternionibus
1004 2434 1322 2495 irrepserunt.
1398 2434 1452 2480 in
1499 2433 1782 2494 quaternio-

89 2503 233 2552 nibus
265 2505 363 2553 VH
401 2505 544 2553 XVII
583 2506 700 2553 XXI
739 2508 975 2568 quom‘am
1013 2506 1139 2554 nihil
1179 2506 1331 2567 deest,
1362 2506 1597 2554 librarius
1628 2522 1785 2553 unum

89 2577 266 2625 folium
304 2594 517 2627 vacuum
553 2581 812 2642 reliquisse
851 2580 1100 2641 putandus
1141 2582 1229 2628 est.
1300 2580 1435 2642 quod
1471 2596 1533 2628 ne
1571 2579 1782 2627 incredi-

88 2648 187 2699 bile
219 2653 462 2714 videatur,
494 2654 701 2702 eundem
734 2654 846 2702 folii
871 2655 939 2701 35
972 2656 1210 2717 paginam
1241 2654 1457 2716 priorem
1488 2655 1591 2702 fere
1621 2655 1783 2702 totam

89 2727 140 2772 et
178 2725 289 2774 folii
323 2728 427 2775 138
467 2729 682 2791 paginae
721 2727 1010 2790 posterioris
1050 2727 1309 2776 dimidiam
1328 2727 1556 2790 amplius
1588 2729 1783 2790 partem

89 2799 237 2847 nuHa·
265 2815 414 2848 causa
453 2817 634 2850 vacuas
674 2801 919 2849 dimisisse
958 2817 1148 2850 moneo.
1215 2804 1415 2864 integra
1446 2803 1612 2850 autem
1643 2801 1784 2861 folia,

0 2885 4 2940 ζ
88 2871 132 2919 si
178 2887 338 2921 vacua
384 2877 550 2935 erant,
597 2876 759 2924 excisa
797 2891 902 2924 esse
942 2876 1145 2923 minime
1183 2877 1366 2922 mirum
1405 2878 1493 2923 est.
1571 2875 1692 2923 haee
1730 2876 1786 2923 et

0 2952 3 3002 'g
91 2944 299 2995 fortasse
345 2947 493 2996 etiam
547 2963 674 3010 quae
728 2951 964 2997 continuo
1016 2948 1362 3009 tractabimus,
1417 2950 1461 2997 si
1514 2948 1784 2997 dissolvere
