2014 3226
176 167 284 219 312
642 164 873 208 DONATI
903 162 968 206 ΙΝ
971 162 1185 206 TERPR.
1218 161 1396 206 VERG.

177 308 521 355 convenerunt.
583 305 742 365 qualis
777 302 906 350 enim
946 317 1049 349 esse
1088 304 1256 363 potuit
1296 303 1380 363 qui
1420 305 1566 350 natus
1606 303 1768 350 fuerat
1807 318 1865 350 ex

176 381 391 439 Achille,
440 396 495 426 ex
537 394 591 424 eo
631 377 863 424 videlicet
902 377 988 437 qui
1027 376 1166 423 nulla
1204 378 1521 424 miseratione
1561 377 1865 437 movebatur,

178 457 314 502 cuius
347 452 625 514 superbiam
661 452 796 498 aetas
828 450 1071 497 iuvenalis
1105 448 1354 512 augebat?
1408 450 1667 497 iuvenibus
1701 453 1864 497 autem

178 529 315 574 nulla
368 542 559 573 morum
614 525 834 588 gravitas
889 523 1177 585 deputatur,
1234 540 1358 584 quae
1414 523 1661 571 crescebat
1706 525 1864 586 magis

178 602 432 664 magisque
479 601 531 645 in
578 598 769 660 Pyrrho
816 598 952 645 fastu
999 612 1322 658 successuque
1376 599 1626 645 victoriae.
1706 599 1865 658 qualis
1912 615 1933 646 5

178 691 291 737 ergo
334 676 427 721 iste
468 674 619 720 fuerit
659 671 807 719 simul
847 671 1155 733 colligamus.
1234 674 1414 718 natura
1457 672 1639 731 malus,
1687 672 1866 720 aetatis

177 751 367 795 ratione
402 746 628 806 deterior,
662 745 946 793 condicione
986 745 1214 792 fortunae
1254 744 1596 793 intolerabilis.
1665 745 1867 794 servitio

178 822 314 869 enixe
362 822 593 868 tulimus:
650 820 790 867 enixe
839 818 1126 866 adverbium
1167 835 1270 866 esse
1310 819 1469 879 debet,
1508 821 1567 866 ut
1606 821 1670 867 sit
1708 820 1867 867 fastus

178 897 281 943 eius
336 893 720 942 intolerabiliter
774 893 977 941 servitio
1033 893 1251 940 tulimus.
1338 909 1394 940 ex
1450 908 1504 940 eo
1563 893 1693 954 quod
1744 893 1870 940 dixit
1967 890 1986 947 ’ἶ

177 970 380 1016 tulimus
448 967 664 1015 ostendit
717 967 926 1014 nimium
979 967 1130 1014 fuisse
1186 966 1375 1014 servitii
1429 966 1636 1029 pondus.
1729 967 1867 1014 enixe
1893 983 1938 1015 1ο

179 1059 293 1106 ergo
327 1045 374 1089 et
406 1042 610 1089 tulimus
643 1042 736 1088 hoc
766 1040 898 1088 idem
930 1040 1225 1104 significant.
1275 1042 1466 1088 interea
1499 1057 1698 1088 oausam
1730 1057 1869 1090 suam

179 1133 485 1165 communem
522 1131 633 1163 cum
673 1116 846 1162 ceteris
887 1115 1023 1174 facit,
1062 1131 1122 1162 ne
1161 1114 1391 1163 videatur
1430 1115 1535 1162 sola
1575 1131 1679 1163 esse
1718 1116 1770 1162 in
1812 1131 1868 1163 eo

179 1191 309 1252 quod
341 1191 540 1252 poterat
571 1189 846 1250 displicere,
880 1203 1178 1250 quamquam
1213 1189 1340 1236 hanc
1371 1191 1580 1251 partem,
1613 1205 1763 1251 quam
1794 1191 1869 1237 vis

180 1280 349 1312 amara
380 1263 643 1323 inflixerat,
668 1263 815 1324 plena
848 1263 1129 1310 defensione
1161 1265 1435 1327 purgasset.
1486 1265 1688 1324 peracta
1721 1278 1871 1310 causa

181 1355 329 1400 quam
367 1338 591 1399 personis
631 1337 862 1399 plurimis
903 1335 1166 1384 artificiose
1215 1337 1468 1384 coniunxit
1518 1338 1716 1397 separat
1760 1353 1869 1399 per·
1894 1353 1939 1386 15

180 1428 352 1460 sonam
392 1427 532 1459 suam
570 1411 792 1458 relatura
833 1410 952 1471 quid
990 1411 1089 1472 ipsi
1129 1410 1411 1471 specialiter
1451 1410 1722 1459 accidisset.
1789 1411 1871 1471 qui

179 1486 373 1541 deinde,
429 1486 617 1546 inquit,
674 1487 862 1532 secutus
908 1484 1158 1532 Ledaeam
1201 1485 1502 1532 Hermionen
1547 1485 1871 1533 Lacedaemo-

179 1562 377 1620 niosque
423 1560 709 1620 hymenaeos
755 1573 830 1606 me
874 1559 1062 1617 famulo
1108 1559 1443 1618 famulamque
1480 1558 1665 1606 Heleno
1713 1563 1871 1607 trans-

178 1635 312 1681 misit
346 1634 644 1681 habendam:
683 1648 792 1680 ecce
830 1633 1123 1680 necessitate
1163 1631 1333 1680 iuncta
1365 1636 1440 1680 est
1469 1632 1676 1694 Pyrrho⁷
1707 1648 1870 1681 neces-

181 1709 328 1755 sitate
365 1707 579 1768 Heleno,
624 1708 682 1754 ut
728 1706 968 1754 secundae
1018 1708 1068 1753 et
1112 1707 1291 1754 tertiae
1338 1706 1697 1754 coniunctionis
1737 1708 1870 1754 facto
1895 1723 1940 1756 20

179 1781 381 1843 pudoris
435 1796 534 1829 non
588 1780 848 1828 accesserit
902 1780 1267 1828 detrimentum.
1358 1783 1638 1841 secuturus,
1691 1781 1870 1842 inquit,

179 1855 424 1903 inlicitam
461 1854 760 1902 Hermionae
801 1855 1200 1902 coniunctionem
1237 1854 1446 1902 tradidit
1483 1871 1561 1902 me
1593 1855 1781 1902 Heleno
1823 1856 1872 1902 et

180 1929 342 1976 iunxit
389 1943 510 1990 quos
558 1944 657 1975 una
704 1930 864 1976 status
912 1927 1132 1976 condicio
1171 1928 1440 1988 retinebat,
1487 1929 1605 1976 fecit
1643 1928 1776 1976 istud
1815 1930 1872 1976 ut

182 2002 408 2050 dominus
456 2003 536 2050 cui
577 2003 746 2050 resisti
783 2017 883 2049 non
921 2002 1098 2064 potuit.
1178 2002 1304 2050 dixit
1343 2002 1703 2050 coniunctionis
1741 2003 1872 2050 inter

183 2091 233 2124 se
274 2078 322 2122 et
359 2075 606 2123 Helenum
643 2076 911 2137 rationem,
958 2078 1097 2124 venit
1135 2076 1199 2124 ad
1238 2092 1347 2124 eam
1393 2079 1588 2138 partem
1633 2078 1691 2124 ut
1737 2076 1872 2124 dicat
1895 2091 1940 2134 25

184 2150 600 2211 quemadmodum
654 2149 718 2197 ad
762 2149 1009 2198 Helenum
1053 2150 1195 2214 regni
1245 2151 1464 2212 potestas
1511 2152 1560 2198 et
1605 2151 1717 2198 iura
1761 2166 1871 2212 per-

95 2227 181 2267 330
197 2223 437 2271 venerint.
516 2226 593 2271 ast
635 2224 798 2280 illum,
843 2225 1031 2286 inquit,
1080 2227 1268 2284 ereptae
1313 2239 1489 2284 mayno
1538 2226 1874 2283 inflammatus

183 2311 344 2345 amore
391 2299 607 2358 coniuyis
654 2299 696 2344 et
738 2298 971 2345 scelerum
1014 2299 1166 2359 furiis
1213 2300 1426 2358 ayitatus
1467 2297 1654 2346 Orestes
1702 2299 1875 2358 exeipit

181 2372 435 2419 incautum
462 2372 754 2430 patriasque
791 2372 1046 2420 obtruncat
1083 2373 1149 2420 ad
1196 2387 1337 2420 aras:
1393 2369 1590 2420 Orestes
1636 2372 1873 2419 iniuriam

304 2559 330 2597 3
363 2555 576 2610 superbia
607 2554 694 2598 LR
726 2568 840 2599 corr.
873 2556 944 2600 ed.
1003 2558 1009 2611 Ι
1067 2556 1282 2600 iuvenilis
1321 2556 1393 2600 ed.
1577 2561 1602 2600 5
1643 2557 1874 2614 maqisque

185 2627 273 2657 om.
300 2613 371 2657 ed.
479 2617 506 2657 8
538 2614 646 2658 enioe
677 2619 717 2658 et
746 2615 937 2660 ultimus
966 2615 1054 2658 LR
1087 2629 1248 2660 cor-1:2¹:
1279 2617 1439 2673 (supra
1469 2617 1625 2672 recte).
1742 2619 1768 2660 9
1799 2617 1872 2659 in·

184 2673 477 2717 tolerabiliter
506 2671 594 2715 LR
624 2673 906 2718 intolerabili
935 2689 971 2717 r.
1095 2679 1149 2718 13
1182 2687 1458 2743 quamquam
1488 2674 1576 2718 LR
1607 2675 1708 2719 lieet
1738 2673 1810 2718 ed.

187 2735 309 2775 13—
320 2735 375 2775 14
414 2732 620 2788 quamvis
659 2745 810 2776 amore
848 2732 935 2776 LR
975 2732 1045 2777 ed.
1087 2748 1223 2790 quam
1261 2734 1331 2778 vis
1368 2734 1538 2778 amoris
1567 2748 1591 2776 r
1629 2747 1764 2790 quam
1802 2733 1873 2778 vis

185 2805 347 2835 amaia
377 2803 474 2834 nos.
580 2794 635 2832 14
666 2790 902 2846 inflixerat
930 2791 1016 2835 LR
1047 2793 1214 2848 infelix
1245 2797 1342 2838 erat
1373 2792 1444 2836 ed.
1554 2796 1727 2836 16-17
1759 2791 1872 2849 quid

185 2849 347 2893 deinde
376 2847 464 2892 LR
495 2861 609 2892 corr.
641 2863 677 2892 r.
794 2854 847 2894 17
882 2850 1083 2895 laedeam
1115 2851 1214 2895 LR.
1333 2855 1388 2894 18
1418 2852 1646 2906 famulam
1675 2851 1872 2906 famulo-

185 2922 267 2964 que
298 2907 368 2951 ed.
506 2912 561 2951 22
595 2908 864 2953 Hermiones
895 2910 967 2954 ed.
1105 2915 1160 2954 23
1191 2914 1390 2955 statutus
1420 2910 1508 2953 LR
1539 2923 1651 2954 corr.
1683 2925 1708 2953 1·
1739 2909 1810 2954 ed.

187 2970 242 3010 26
268 2966 558 3022 pervenirent
587 2966 674 3010 LR
709 2980 822 3011 corr.
855 2982 878 3011 r
909 2969 980 3012 ed.
1872 2982 1880 2988 ·
