2014 3226
162 174 271 225 466
632 172 865 216 DONAT1
894 172 1174 216 INTERPR.
1211 172 1385 216 VERG.

164 316 297 375 poris
331 328 529 374 quoque
563 313 842 360 substantia
866 312 1101 360 floruisse.
1173 315 1259 374 qui
1291 329 1339 361 se
1365 312 1608 374 Bebrycia
1632 315 1854 360 veniens:

165 390 233 434 sic
273 387 567 448 Bebryciam
607 388 898 445 nominavit,
941 389 1083 446 quasi
1121 387 1211 434 illa
1250 388 1395 434 fortis
1428 388 1559 433 viros
1601 388 1667 433 sit
1707 387 1856 433 solita

163 477 397 524 generare
437 461 514 507 vel
554 462 764 506 mittere.
827 460 1007 520 Amyci
1047 460 1104 507 de
1144 464 1290 523 gente
1335 461 1546 507 ferebat:
1602 462 1745 521 quasi
1792 460 1853 507 ab

164 536 353 596 Amyco
395 535 689 599 degenerare
730 550 827 581 non
867 536 1108 595 potuerit,
1155 537 1229 581 ita
1270 535 1365 581 sibi
1404 534 1716 581 nobilitatem
1756 536 1852 580 vir-

162 610 287 655 tutis
329 625 383 654 ex
426 610 528 655 eius
570 609 766 654 nomine
806 607 1107 655 vindicabat.
1188 610 1496 656 enumeravit
1541 607 1672 654 bona
1717 608 1853 655 illius
1901 625 1921 657 5

163 699 308 743 quem
356 684 498 742 vicit,
559 683 615 728 ut
662 698 718 728 ex
772 681 847 728 his
903 683 1047 728 istius
1096 684 1386 729 enitesceret
1431 684 1676 728 meritum.
1735 689 1854 728 'me-

162 758 323 802 morat
366 758 515 802 etiam
555 756 718 802 locum
758 757 811 801 in
851 772 947 816 quo
988 771 1065 802 res
1106 758 1272 818 gestae
1307 756 1599 815 dicerentur,
1639 758 1696 802 ut
1727 757 1854 803 veri-

162 833 315 876 tatem
352 829 685 876 firmissimam
726 830 1065 890 conprobaret.
1137 830 1200 876 ad
1231 831 1494 888 tumulum,
1534 831 1716 890 inquit,
1758 845 1855 890 quo

164 905 410 951 maximus
444 903 651 950 occubat
682 903 894 950 Hector:
933 894 1039 950 11116
1071 920 1182 950 611111
1214 906 1337 950 vicit
1367 903 1455 950 ubi
1487 905 1746 965 superatus
1781 906 1855 950 est

163 977 349 1024 Hector
380 978 459 1024 vel
492 978 729 1038 sepultus.
794 977 916 1024 dicit
948 980 997 1024 et
1029 979 1214 1025 exitum
1245 993 1445 1039 pugnae
1476 978 1570 1024 hoc
1602 979 1676 1024 est
1709 993 1853 1038 quem
1878 994 1922 1026 ιο

160 1051 307 1098 finem
347 1051 578 1098 vincendi
618 1053 822 1098 sortitus
864 1054 1011 1098 esset:
1052 1054 1101 1098 et
1138 1052 1276 1099 fulva
1308 1051 1655 1098 moribundum
1689 1054 1853 1098 exten-

161 1125 235 1172 dit
260 1125 459 1172 harena.
508 1127 643 1172 omni
667 1141 843 1188 genere
868 1125 1219 1186 probationum
1245 1126 1444 1173 Daretis
1469 1126 1630 1173 virtus
1657 1127 1856 1173 ostensa

73 1205 157 1244 375
179 1202 264 1259 est,
298 1199 648 1246 demonstratis
679 1201 902 1261 personis
937 1202 986 1246 et
1016 1200 1139 1247 locis
1172 1202 1221 1247 et
1253 1201 1535 1246 certaminis
1567 1199 1677 1246 fine.
1740 1200 1854 1247 talis

149 1275 321 1333 prima
346 1274 508 1321 Dares
533 1277 680 1333 caput
709 1274 863 1320 altum
887 1276 942 1321 iu
965 1275 1160 1334 proelia
1194 1274 1316 1321 tollit
1346 1274 1640 1334 ostenditque
1662 1287 1854 1321 umeros

159 1348 280 1395 latos
320 1348 601 1407 alternaque
639 1349 790 1395 iactat
829 1348 1056 1395 bracchia
1086 1349 1382 1408 protendens
1415 1351 1458 1395 et
1493 1348 1714 1395 verberat
1749 1349 1852 1395 iou·-
1877 1364 1920 1396 15

159 1422 246 1468 bus
279 1436 457 1469 auras:
495 1421 658 1481 rediit,
690 1423 748 1468 ut
778 1423 1024 1469 incessum
1055 1422 1255 1469 Daretis
1290 1424 1339 1469 et
1370 1421 1715 1468 habitudinem
1748 1436 1851 1468 cor-

157 1497 291 1556 poris
331 1496 660 1556 perinpleret3
710 1511 860 1557 supra
901 1498 1031 1542 enim
1071 1496 1197 1543 dixit
1236 1495 1500 1556 „continuo
1544 1497 1699 1543 vastis
1741 1510 1852 1542 cum

158 1569 346 1616 viribus
395 1569 547 1617 ecfert
597 1585 684 1616 ora
722 1567 923 1630 Dares“⁷
962 1570 1044 1616 hic
1091 1570 1345 1617 subiunxit
1397 1572 1548 1631 caput
1594 1570 1751 1616 altum
1798 1571 1851 1615 in

157 1644 348 1704 proelia
401 1644 559 1703 tollit,
617 1643 748 1704 quod
801 1643 859 1690 fit
909 1659 966 1690 ex
1015 1643 1198 1691 fiducia
1251 1644 1466 1691 virtutis.
1561 1643 1852 1690 ostendebat

159 1719 325 1764 autem
373 1733 566 1764 umeros
612 1718 766 1778 latos3
822 1733 922 1765 non
969 1719 1099 1765 enim
1146 1718 1310 1765 fuerat
1355 1717 1508 1765 moles
1556 1717 1851 1765 occultanda
1875 1734 1921 1766 20

157 1791 515 1850 membrorum,
556 1807 680 1852 quae
721 1791 1042 1838 admirationi
1089 1794 1309 1840 omnium
1347 1794 1546 1852 poterat
1584 1791 1847 1839 subiacere.

157 1866 380 1912 iactabat
412 1867 578 1912 autem
616 1865 822 1912 brachia
861 1867 910 1912 et
950 1881 1095 1915 auras
1134 1867 1306 1914 vacuis
1344 1865 1525 1912 ictibus
1557 1865 1852 1912 verberabat

158 1939 342 1986 addens
388 1939 670 1987 videntibus
721 1938 939 1987 nondum
994 1941 1123 1987 inita
1178 1941 1543 1987 concertatione
1595 1942 1849 1987 terrorem.

158 2015 410 2073 quaeritur
447 2014 560 2061 huic
598 2014 752 2061 alius:
790 2029 890 2060 non
929 2013 1056 2061 dixit
1092 2014 1288 2060 nullum
1327 2015 1548 2061 extitisse
1581 2015 1669 2075 qui
1700 2013 1852 2061 vellet

159 2086 351 2147 audire,
402 2087 488 2135 sed
519 2089 670 2135 etiam
715 2089 994 2149 quaesitum
1033 2089 1250 2136 inveniri
1285 2089 1528 2149 nequisse.
1596 2102 1683 2135 uec
1721 2089 1850 2147 quis-
1873 2103 1919 2136 2⁵

158 2175 306 2219 quam
345 2175 401 2208 ew
440 2163 631 2220 aymiue
669 2165 802 2209 tauto
841 2162 989 2209 audet
1025 2163 1164 2210 adire
1209 2163 1371 2209 virum
1417 2161 1737 2221 manibusque
1775 2163 1850 2208 iu-

158 2234 329 2282 ducere
361 2238 572 2282 caestus:
609 2235 777 2284 nullus
811 2237 978 2283 extitit
1007 2237 1062 2282 in
1092 2238 1233 2283 tanto
1265 2237 1450 2298 populo
1484 2237 1570 2296 qui
1602 2234 1848 2283 caestibus

67 2313 156 2354 380
175 2308 378 2355 auderet
417 2323 529 2355 cum
567 2310 709 2356 tanto
749 2310 856 2357 viro
898 2309 1206 2358 contendere.
1285 2324 1394 2370 erqo
1434 2310 1638 2365 alacris,
1683 2309 1736 2356 id
1775 2310 1849 2356 est

156 2382 367 2430 nimium
412 2382 594 2443 laetus,
649 2386 932 2443 cunctosque
962 2387 1150 2443 putans
1190 2385 1409 2431 excedere
1438 2384 1616 2443 palma
1653 2381 1848 2430 Aeneae

155 2458 283 2504 stetit
312 2459 423 2504 ante
451 2457 626 2516 pedes:
666 2471 779 2504 cum
804 2457 927 2504 dicit
948 2459 1147 2518 putans,
1177 2459 1279 2504 iam
1311 2459 1514 2505 nuntiat
1545 2471 1847 2504 emersurum
1870 2472 1918 2505 30
1987 2498 1990 2499 ⁷

157 2531 247 2591 qui
286 2544 398 2577 cum
437 2545 493 2577 eo
534 2530 834 2594 confligeret.
913 2531 1044 2592 quod
1067 2547 1184 2580 vero
1213 2547 1370 2593 usque
1403 2530 1467 2578 ad
1489 2532 1625 2593 ipsos
1649 2530 1848 2578 Aeneae
1963 2521 1991 2606 4

157 2603 305 2666 pedes
352 2605 582 2667 accessit,
636 2603 930 2659 ostendebat
975 2606 1228 2668 ingentem
1275 2605 1474 2652 fastum.
1557 2619 1645 2652 nec
1690 2605 1847 2664 plura
1981 2611 1991 2615 '⁴

280 2749 301 2786 l
341 2758 387 2788 se
426 2743 512 2787 LR
549 2759 570 2788 e
609 2743 680 2788 ed.
739 2747 745 2800 Ι
801 2746 985 2789 veniens
1014 2745 1103 2788 LR
1138 2747 1309 2790 veniret
1340 2745 1411 2789 ed.
1593 2749 1620 2787 4
1646 2745 1847 2800 potuerit

157 2802 193 2846 L
226 2803 296 2847 ed.
326 2805 470 2859 possit
498 2803 541 2846 R
569 2804 815 2859 potuisset?
973 2808 999 2846 6
1031 2805 1263 2849 nitesceret
1293 2803 1400 2848 edF.
1565 2808 1591 2847 9
1623 2803 1766 2847 vineit
1794 2802 1844 2846 L.

159 2867 214 2905 16
245 2862 384 2906 ‘rediit
412 2867 466 2907 ut
494 2861 582 2905 LR
610 2861 685 2906 vel
716 2863 779 2906 ad
807 2876 902 2906 rem
930 2862 1006 2906 vel
1036 2864 1107 2907 ad·
1129 2863 1181 2907 id
1209 2861 1248 2906 r'
1278 2863 1328 2906 in
1359 2875 1504 2920 marg.
1660 2866 1712 2905 17
1739 2875 1849 2918 per-
1957 2872 1982 2919 :3

155 2921 362 3022 inplere?i
378 2920 420 2964 R
450 2923 532 2965 -rit
562 2921 611 2964 L.
742 2925 797 2964 25
831 2922 994 2966 audire
1024 2921 1112 2966 LR
1142 2923 1308 2967 audere
1339 2921 1410 2966 ed.
1462 2927 1467 2976 Ι
1525 2922 1729 2966 invenire
1759 2919 1851 2964 LR.
1945 2928 1985 2984 gs

157 2993 270 3023 corr.
305 2993 330 3023 e
366 3015 375 3023 .
1962 2986 1968 2996 '
