2014 3226
198 182 309 234 600
667 181 899 225 DONATI
929 181 1211 225 INTERPR.
1243 181 1422 227 VERG.

200 336 449 369 murmure
489 338 712 382 campus:
753 322 928 384 apibus
968 323 1091 370 istas
1132 322 1321 370 animas
1359 325 1651 384 conparavit
1683 340 1808 385 quae
1839 327 1891 373 in

201 396 332 444 valle
373 400 560 444 secreta
598 396 822 443 infinitae
862 397 1044 443 circum
1083 396 1302 458 virgulta
1343 397 1581 444 silvarum
1613 398 1894 446 volitabant

200 472 249 517 et
298 469 513 518 fluminis
560 470 695 532 ripas
742 469 876 530 ideo,
926 471 1043 531 quia
1095 470 1294 517 eaedem
1346 486 1461 532 apes
1502 471 1631 518 iuste
1670 474 1720 519 et
1759 475 1891 520 caste

199 544 400 591 floribus
442 560 582 591 suam
623 544 910 606 concipiunt
948 542 1154 604 prolem,
1194 543 1395 592 floribus
1434 545 1583 592 mella
1627 545 1893 593 conficiunt

199 620 248 664 et
294 618 434 665 favos
482 618 689 665 honesto
736 617 904 665 labore
954 617 1256 664 distendunt.
1334 619 1633 680 perindeque
1682 621 1731 666 et
1773 619 1891 668 illae
1936 636 1958 670 5

199 691 415 750 animae,
467 690 585 751 quia
631 708 722 752 pro
769 693 945 738 merito
994 707 1080 739 suo
1127 691 1378 740 condendo
1419 693 1643 740 Romano
1682 693 1890 755 imperio

198 765 505 827 parabantur
546 767 595 812 et
636 766 954 826 conpleturae
995 766 1194 812 fuerant
1233 765 1365 813 orbis
1407 768 1456 814 et
1503 768 1756 815 creaturae
1795 767 1891 814 Ro·

112 842 412 885 710manam
454 839 692 900 subolem,
725 855 875 901 apum
915 839 1136 887 coetibus
1170 842 1441 888 noscuntur
1473 843 1728 902 aequatae.
1785 842 1891 888 hor—

197 913 337 959 rescit
374 914 483 960 visu
521 914 692 970 subito,
730 914 824 961 hoc
864 915 939 962 est
978 928 1089 960 cum
1129 915 1329 975 stupore
1369 914 1594 974 miratur,
1626 929 1893 974 causasque

196 988 399 1045 requirit
446 988 629 1035 inscias
675 985 893 1035 Aeneas:
954 987 1131 1034 merito
1186 987 1471 1049 requirebat
1525 1004 1718 1050 causas,
1774 990 1892 1050 quia
1916 1005 1960 1038 ιο

195 1061 380 1108 inscius
436 1061 620 1121 fuerat,
682 1061 848 1109 nullus
905 1062 1036 1108 enim
1092 1063 1288 1123 quaerit
1341 1077 1482 1110 nosse
1546 1062 1677 1123 quod
1736 1064 1890 1110 novit.

197 1149 320 1194 quae
373 1135 473 1182 sint
526 1150 582 1182 ea
635 1136 843 1194 flumina
890 1149 1043 1195 porro
1098 1137 1238 1194 quive
1291 1138 1388 1184 viri
1442 1139 1573 1184 tanto
1628 1137 1894 1196 complerint

198 1210 389 1268 aymine
437 1210 597 1268 ripas.-
650 1210 771 1257 haec
818 1208 1012 1256 Aeneas
1060 1209 1292 1271 cupiebat
1337 1225 1502 1270 nosse,
1550 1226 1676 1272 quae
1731 1214 1892 1258 essent
1986 1219 1991 1269 5

194 1282 285 1329 illa
323 1282 530 1330 fiumina
569 1283 647 1330 vel
687 1298 898 1345 quorum
938 1283 1158 1330 virorum
1199 1284 1395 1331 animae
1434 1284 1486 1331 in
1529 1301 1681 1331 unum
1730 1288 1891 1332 essent
1986 1283 1990 1294 ’

197 1360 538 1419 congregatae.
615 1372 704 1418 per
741 1358 1098 1420 interrogantis
1143 1358 1582 1419 respondentisque
1629 1373 1891 1420 personam
1915 1356 1989 1408 ιε’

196 1446 252 1478 eo
300 1433 477 1492 poetae
532 1430 729 1478 ducitur
783 1447 1003 1491 carmen,
1057 1434 1117 1478 ut
1162 1431 1356 1480 Aeneas
1402 1433 1564 1480 laetus
1612 1432 1673 1480 ab
1721 1433 1891 1480 inferis
1987 1430 1989 1444 “

196 1504 481 1552 dimittatur
537 1509 585 1552 et
638 1505 852 1553 felicitas
909 1507 1013 1553 eius
1069 1508 1331 1568 appareat,
1386 1507 1467 1554 cui
1520 1507 1613 1554 soli
1666 1507 1892 1570 contigit,

197 1580 466 1640 antequam
510 1582 848 1638 nascerentur,
900 1595 1042 1628 nosse
1089 1583 1312 1642 posteros
1361 1595 1487 1627 81108.
1564 1581 1891 1643 interrogatio

195 1652 351 1715 igitur
397 1653 500 1700 eius
549 1654 769 1701 continet
815 1655 1227 1715 propositionem,
1283 1670 1381 1715 qua
1436 1653 1670 1715 cupiebat
1721 1654 1892 1702 audire

196 1728 309 1788 quis
363 1728 444 1775 vel
499 1727 660 1789 qualis
715 1727 803 1775 ille
853 1727 920 1775 sit
965 1727 1143 1775 fluvius
1193 1728 1388 1790 quique·
1425 1730 1526 1776 sint
1570 1728 1650 1775 illi
1696 1729 1783 1790 qui
1829 1729 1892 1776 ad
1915 1744 1961 1778 πο

196 1801 405 1849 eundem
444 1801 642 1849 collecti
681 1803 959 1863 streperent
997 1802 1078 1850 vel
1117 1818 1204 1849 cur
1243 1817 1300 1849 00
1341 1803 1632 1866 congregati
1682 1802 1890 1850 conflue-

194 1877 318 1923 rent.
396 1879 499 1923 tum
527 1877 673 1935 pater
710 1873 971 1924 Anchises:
1010 1877 1206 1924 animae
1243 1878 1418 1935 quibus
1457 1877 1614 1924 altera
1650 1877 1753 1936 fato
1791 1890 1891 1924 eor-

109 1952 193 1992 715
202 1962 335 2008 pora
380 1948 612 1997 debentur
650 1949 854 1998 Lethaei
899 1949 966 1998 ad
1010 1952 1230 2008 fluminis
1275 1951 1461 1998 ‘condam
1499 1964 1692 1999 securos
1730 1951 1892 1998 latices

196 2026 239 2070 et
268 2023 413 2083 lonya
444 2023 622 2071 oblivia
644 2027 843 2083 potant:
883 2040 1034 2086 quam
1066 2025 1164 2072 cito
1198 2025 1485 2072 summatim
1516 2023 1709 2073 duobus
1743 2039 1888 2086 quae·
1977 2021 1991 2078 f

196 2096 304 2144 sitis
360 2098 595 2144 occurrit!
674 2097 801 2146 dixit
855 2099 987 2145 enim
1042 2098 1128 2159 qui
1183 2100 1249 2146 sit
1302 2098 1481 2147 fluvius
1533 2100 1582 2146 et
1633 2114 1782 2160 quam
1830 2098 1889 2146 ob
1914 2089 1991 2155 253²}

196 2185 396 2218 causam
447 2171 642 2219 animae
691 2173 1046 2221 convenissent.
1123 2171 1270 2233 istae,
1309 2173 1494 2234 inquit,
1541 2174 1736 2220 animae
1776 2174 1891 2220 sunt
1977 2181 1989 2237 ji

195 2244 368 2306 primis
409 2247 665 2307 exemptae
705 2245 1006 2308 corporibus,
1047 2247 1152 2294 01118
1192 2247 1299 2308 fati,
1339 2249 1395 2294 ut
1435 2246 1676 2295 secundae
1709 2246 1808 2294 luci
1841 2248 1891 2294 et
1963 2258 1988 2318 ’ξ’

196 2318 353 2366 altero
401 2321 597 2403 corpori
643 2319 855 2367 debeant
900 2320 1063 2367 1011111·
1117 2320 1211 2368 hae
1255 2320 1318 2367 ad
1357 2319 1630 2368 Lethaeum
1668 2319 1890 2380 fluvium,
1963 2322 2002 2394 εξ,

196 2408 343 2455 quem
381 2394 555 2454 cernis,
594 2394 814 2441 veniunt.
879 2395 983 2442 eius
1023 2395 1156 2442 enim
1186 2396 1366 2442 natura
1397 2394 1516 2442 talis
1549 2397 1637 2456 est,
1669 2396 1726 2441 ut
1757 2395 1889 2455 quis-
1979 2447 1988 2456 ,

196 2468 305 2528 quis
361 2482 418 2514 ex
473 2483 529 2514 eo
583 2468 836 2551 potaverit
890 2468 1127 2529 quicquid
1188 2468 1322 2530 apud
1379 2484 1582 2530 superos
1637 2470 1888 2532 gestorum
1911 2462 1990 2559 811ΐέ

197 2555 400 2588 suorum
445 2542 713 2589 memoriae
759 2541 1086 2590 mandaverat
1134 2541 1326 2604 perdat.
1406 2558 1506 2604 qua
1560 2557 1709 2590 causa
1761 2542 1888 2589 istae

315 2699 341 2740 3
381 2697 497 2741 iuste
535 2701 577 2740 et
613 2710 690 2741 eas
721 2695 776 2740 V.
928 2702 957 2741 4
995 2698 1129 2742 mella
1165 2698 1415 2752 conficiunt
1452 2697 1494 2741 V
1537 2711 1591 2741 m.
1624 2697 1890 2752 concipiunt
1971 2695 1989 2752 j]

194 2753 239 2798 H
272 2754 343 2798 011.
489 2759 516 2799 6
548 2757 660 2812 quia
690 2769 780 2800 om.
813 2755 885 2799 ed.
1026 2760 1050 2800 ⁷
1081 2756 1204 2801 orbis
1234 2755 1277 2800 V
1306 2757 1461 2801 wrbem
1490 2755 1582 2800 ΗΟ
1615 2755 1708 2800 ed..:
1741 2755 1891 2799 orbem
1966 2755 1987 2809 5}

193 2812 405 2869 mallem,
446 2827 506 2858 an
545 2816 655 2858 sunt
693 2813 829 2858 orbes
867 2814 1013 2858 iidem
1052 2815 1134 2871 qui
1170 2830 1213 2859 v.
1241 2819 1356 2860 745?
1506 2819 1532 2859 8
1565 2820 1817 2859 noscuntur
1846 2813 1890 2859 V
1956 2791 1989 2858 ⁵¹7-

194 2878 452 2918 nascumtwr
498 2872 569 2918 ed.
603 2887 692 2919 om.
727 2873 798 2918 ed.
831 2875 951 2930 post.
1114 2878 1168 2917 12
1217 2875 1298 2931 qui
1341 2875 1494 2919 veneri
1539 2877 1667 2918 tanto
1713 2873 1889 2930 conple-
1946 2862 1990 2942 Ξ

195 2937 295 2976 rent
325 2931 379 2976 V.
523 2937 579 2976 24
611 2933 789 2978 duobus
818 2947 902 2990 que
932 2934 1034 2978 sitis
1066 2932 1106 2976 V
1139 2947 1251 2977 corr.
1287 2933 1357 2977 ed.
1503 2937 1557 2976 31
1592 2933 1891 2987 mandaverat

195 2989 237 3033 V
267 2993 351 3036 ·rit
381 2990 452 3034 ed.
