2014 3226
171 186 278 237 458
639 186 870 230 DONATI
901 186 1180 230 INTERPR.
1214 187 1393 230 VERG.

85 326 291 373 310tati.
361 328 558 385 primus
607 341 779 385 equam
820 328 1042 385 phaleris
1089 329 1327 387 insiynem
1375 329 1525 375 victor
1563 330 1754 375 habeto:
1806 345 1862 376 ex

170 400 329 447 tribus
379 401 552 460 primis
609 400 694 460 qui
748 401 908 461 primo
963 401 1071 448 loco
1126 402 1278 448 fuerit
1327 403 1535 462 accipiet
1587 418 1767 464 equum
1814 405 1864 449 et

171 474 387 535 phaleris
428 474 685 535 insignem.
750 474 885 528 aller,
926 474 1018 521 hoc
1050 478 1123 521 est
1156 475 1356 521 secundi
1387 476 1498 535 loci,
1537 474 1863 523 Amazoniam

163 549 450 606 pharetram
489 549 782 607 plenamque
819 550 1009 607 sagyittis
1051 549 1306 604 Threielis,
1356 550 1453 596 lato
1493 564 1640 608 qaam
1679 552 1861 598 ciream

171 623 472 680 (conplectitur
520 635 641 668 auro
690 622 874 668 balteus
923 626 964 669 et
1009 624 1142 670 tereti
1188 624 1422 670 subnectit
1458 624 1611 681 fibula
1658 639 1862 683 yemma,
1911 640 1930 673 5

171 697 336 742 tertius
382 694 615 755 Aryoliea
661 696 751 742 hae
793 696 934 754 ¹qalea
984 700 1228 744 contentus
1282 698 1422 743 abito.
1510 714 1691 758 equum
1748 713 1863 760 ergo

172 769 401 830 promisit
449 769 786 830 phaleratum,
843 771 923 816 cui
978 785 1034 815 ex
1083 770 1339 818 ornatibus
1388 773 1619 831 pretiosis
1672 771 1864 819 addidit

170 844 416 899 meritum,
448 844 711 904 pharetrae
737 859 868 904 vero,
902 843 1034 904 quod
1066 844 1333 906 aliquando
1367 845 1518 892 fuerit
1541 845 1863 905 Amazonum,

174 916 305 977 quod
345 918 542 979 sagittis
578 917 816 964 Threiciis
856 918 1018 979 plena,
1060 919 1191 979 quod
1234 921 1408 966 aurato
1448 918 1636 979 balteo,
1677 919 1861 982 galeae,

82 997 166 1036 315
186 991 317 1051 quod
355 994 573 1038 retracta
612 992 836 1038 hostibus
876 992 1063 1040 fuisset.
1140 994 1255 1041 haee
1293 994 1379 1040 ubi
1417 994 1559 1048 clieta,
1597 993 1753 1040 locam
1784 1007 1862 1040 ca-
1890 1011 1930 1042 10

161 1067 335 1124 piant:
390 1081 501 1111 eum
552 1065 739 1112 scilicet
788 1065 917 1112 unde
967 1066 1169 1113 initium
1221 1068 1508 1115 certaminis
1563 1069 1861 1115 nasceretur.

168 1141 396 1199 signoque
441 1143 631 1198 repente
682 1141 950 1199 corripiunt
1001 1142 1165 1199 spatia
1215 1142 1382 1188 audito
1434 1143 1670 1201 limenque
1717 1142 1862 1188 relin-

169 1217 323 1271 quunt
361 1215 526 1274 effusi:
565 1229 621 1260 ex
660 1214 748 1260 illo
789 1214 896 1261 loco
938 1214 1079 1261 effusi
1109 1214 1260 1262 limen
1291 1216 1594 1276 relinquunt,
1634 1231 1732 1262 non
1765 1231 1862 1276 quo

167 1303 280 1334 vere
321 1289 448 1334 esset
486 1287 591 1334 illic
630 1288 780 1335 limen
819 1288 906 1334 ubi
945 1288 1227 1335 aedificium
1273 1305 1372 1336 non
1419 1290 1538 1349 fuit,
1588 1289 1672 1336 sed
1719 1289 1863 1350 quasi

167 1362 220 1407 in
253 1361 414 1408 ianuis
455 1361 524 1408 sic
563 1361 765 1409 stabant
804 1361 1016 1423 indeque
1057 1363 1199 1410 effusi
1245 1366 1374 1410 sunt.
1451 1364 1612 1410 nimbo
1652 1364 1862 1411 similes:
1888 1379 1928 1412 15

167 1435 264 1482 fusi
305 1438 432 1495 sunt,
472 1437 652 1496 inquit,
693 1437 842 1482 simul
881 1452 1049 1483 omnes
1097 1439 1156 1483 ut
1194 1437 1413 1497 nimbus,
1463 1453 1575 1485 cum
1615 1439 1859 1500 congestis

168 1509 315 1556 simul
353 1510 539 1570 pluviis
578 1509 856 1558 uberrimus
897 1510 1048 1558 venit.
1124 1511 1271 1558 simul
1309 1512 1483 1559 ultima
1521 1513 1741 1571 siynamss:
1780 1511 1861 1558 de-

168 1583 433 1646 signabant
478 1584 642 1631 locum
691 1585 778 1645 qui
823 1584 971 1631 finem
1019 1584 1242 1632 cursibus
1294 1585 1447 1633 daret.
1517 1587 1715 1644 primus
1762 1587 1864 1632 aba

168 1658 394 1717 lonyeque
433 1661 543 1705 ame
582 1660 747 1705 omnia
778 1673 983 1717 corpora
1005 1659 1161 1706 Nisus
1202 1661 1374 1707 emieat
1413 1663 1455 1706 el
1492 1662 1645 1707 ventis
1686 1663 1729 1707 et
1764 1660 1862 1718 ful-

167 1733 314 1779 minis
354 1733 483 1779 ocior
522 1733 641 1779 alis:
680 1748 737 1779 ex
775 1732 877 1779 illis
919 1734 1008 1794 qui
1048 1749 1216 1780 cursus
1258 1735 1508 1781 certamen
1546 1734 1747 1780 fuerant
1784 1734 1858 1781 in-
1885 1750 1928 1782 20

168 1807 324 1866 gressi
361 1808 698 1867 praecesserat
735 1807 886 1853 Nisus
924 1806 1213 1869 longissimo
1265 1809 1427 1869 spatio
1482 1807 1668 1855 relictis
1725 1807 1860 1868 aliis3

167 1881 309 1926 tanta
351 1881 534 1941 quippe
575 1882 680 1927 eius
714 1881 940 1928 celeritas
973 1882 1084 1940 fuit,
1125 1883 1182 1928 ut
1213 1882 1434 1930 vinceret
1463 1883 1637 1929 ventos
1671 1883 1720 1928 et
1753 1898 1860 1929 cur-

78 1958 165 1998 320
184 1968 265 2000 3113
303 1954 527 2001 fulminis
568 1956 837 2015 superaret.
898 1957 1159 2014 proximas
1181 1956 1306 2012 haic,
1331 1957 1471 2015 lonyo
1502 1956 1587 2003 sed
1601 1957 1860 2015 proximas

166 2028 434 2084 intervallo,
465 2030 736 2088 insequitur
758 2028 938 2089 Salius,
977 2032 1135 2088 spatio
1158 2033 1274 2088 post
1303 2030 1474 2077 deinde
1505 2031 1668 2077 relicto
1692 2031 1860 2077 tertias

167 2101 446 2160 Euryalus:
483 2102 619 2168 11111113
659 2101 850 2149 Salium
888 2102 1010 2150 Niso
1049 2105 1328 2164 proximum
1370 2105 1542 2163 fuisse,
1587 2104 1671 2150 sed
1708 2104 1857 2167 longo
1883 2119 1925 2152 25

165 2175 444 2223 intervallo.
508 2176 684 2237 quodsi
715 2193 814 2223 non
846 2177 999 2224 altius
1033 2176 1299 2239 descriptio
1332 2177 1684 2239 consideretur,
1723 2177 1858 2225 vide-

165 2247 302 2295 bitur
339 2266 438 2297 non
479 2251 760 2310 cohaerere,
807 2253 866 2297 ut
907 2250 1038 2298 idem
1077 2253 1183 2313 ipse
1231 2253 1281 2298 et
1326 2253 1579 2313 proximus
1618 2252 1770 2299 fuerit
1809 2253 1859 2299 et

166 2323 315 2385 longo
353 2324 618 2371 intervallo
659 2324 914 2372 discretus.
981 2325 1176 2372 addidit
1215 2326 1378 2386 spatio
1417 2327 1531 2387 post
1570 2325 1743 2372 deinde
1783 2341 1855 2373 re-

165 2396 284 2444 licto
331 2399 508 2445 tertius
548 2398 794 2459 Euryalus
842 2401 892 2446 et
938 2399 1133 2460 aperuit
1172 2400 1304 2461 quod
1351 2401 1536 2447 fecerat
1575 2399 1856 2447 obscurum:

165 2470 383 2532 spatium
422 2473 552 2518 enim
586 2472 887 2520 considerari
917 2473 1078 2520 voluit
1117 2474 1249 2535 quod
1286 2475 1417 2520 inter
1447 2473 1625 2520 Nisum
1666 2476 1715 2520 et
1753 2473 1851 2520 Eu·
1877 2488 1920 2521 30
1980 2501 1987 2537 2

163 2544 360 2606 ryalum
398 2545 517 2605 fuit,
565 2543 755 2592 Salium
793 2561 933 2608 vero,
980 2547 1068 2608 qui
1113 2547 1304 2595 medius
1349 2548 1479 2595 inter
1517 2547 1638 2594 duos
1678 2547 1856 2608 suerat,

286 2704 309 2743 1
343 2714 467 2744 ecam
491 2700 526 2743 L
557 2715 719 2756 equum
743 2701 797 2744 R.
826 2703 832 2756 1
860 2703 984 2746 abito
1007 2702 1056 2746 L.
1153 2707 1180 2745 4
1217 2702 1438 2746 Threiciis
1462 2716 1549 2745 om.
1567 2701 1608 2744 R
1634 2701 1739 2744 add.
1758 2716 1795 2745 r.

166 2763 191 2801 6
223 2760 377 2803 habito
410 2759 496 2802 LR
527 2773 640 2803 corr.
666 2774 701 2803 r.
810 2764 836 2803 8
861 2762 1084 2818 pharetra
1114 2761 1185 2804 ed.
1295 2765 1320 2804 9
1351 2762 1484 2818 yalea
1515 2761 1585 2804 ed.
1701 2764 1755 2803 10
1786 2774 1855 2804 re-

164 2823 312 2862 tracta
336 2817 422 2861 LR
453 2833 508 2862 ex
535 2819 723 2863 Graecis
754 2819 824 2863 ed.
921 2824 972 2863 11
1006 2835 1108 2864 cum
1131 2820 1167 2863 L
1192 2833 1279 2864 om.
1299 2819 1342 2862 R
1365 2821 1510 2863 locum
1535 2820 1605 2863 ed.
1631 2834 1732 2863 eum
1755 2833 1852 2863 nos.

256 2881 310 2921 13
342 2891 436 2921 ‘non
474 2879 594 2934 quod
631 2878 703 2920 ed.
859 2883 911 2920 16
951 2881 1104 2934 inquit
1140 2880 1278 2923 simul
1307 2878 1343 2921 L
1381 2879 1520 2922 simul
1557 2880 1710 2934 inquit
1738 2878 1792 2921 R.

165 2940 222 2979 24
252 2937 365 2980 salis
403 2938 455 2980 i‘n
493 2950 577 2993 pro
610 2937 766 2980 Salius
796 2937 846 2980 L.
999 2942 1055 2981 25
1087 2939 1164 2982 sed
1194 2939 1328 2995 lonyo
1360 2936 1492 2981 LRO
1531 2938 1609 2981 sed
1643 2938 1866 2993 promimo·
1959 2944 1961 2946 ’

163 2994 258 3038 HU
283 2995 363 3039 cdl
392 2995 471 3039 sed
496 2997 760 3051 proximum
790 2998 922 3054 lonyo
954 2996 1062 3040 edF.
1953 2994 1978 3010 ''
