2014 3226
193 143 301 195 408
663 143 894 187 DONATI
925 143 1204 188 INTERPR.
1238 143 1416 188 VERG.

191 284 283 331 hoc
324 287 397 332 est
437 285 756 346 naufragum,
809 283 954 330 litore
996 298 1052 329 ac
1091 299 1180 345 per
1217 283 1309 331 hoc
1350 283 1454 331 sine
1493 284 1615 331 tecti
1655 284 1889 346 subsidio,

193 362 439 420 egentem,
489 358 592 405 sine
641 373 731 418 ope
780 358 964 416 victus,
1015 357 1193 418 excepi.
1274 359 1465 418 excepit
1502 357 1706 404 Aenean
1758 358 1888 405 Dido

191 431 465 479 inducendo
524 447 638 477 eum
685 446 794 477 cum
846 432 946 478 suis
995 432 1047 477 in
1096 430 1317 491 domum,
1374 431 1548 478 alendo
1597 447 1791 493 quoque
1839 434 1891 479 et

192 522 301 552 cum
343 522 398 553 eo
438 504 717 565 potentiam
755 506 896 566 regni
934 504 1212 564 partiendo,
1253 506 1487 552 amissam
1525 521 1640 552 vero
1682 506 1889 553 classem

192 597 220 626 a
258 579 403 639 pleno
445 578 652 625 interitu
694 581 742 624 et
782 577 940 625 socios
982 594 1010 624 a
1050 582 1207 626 morte
1246 578 1538 626 reducendo.
1616 579 1743 626 dixit
1782 594 1887 640 spe·
1934 597 1956 629 5
1988 616 1991 642 ,1

190 654 336 699 cialia
386 668 510 712 quae
559 653 656 713 ipsi
704 651 899 698 Aeneae
948 652 1160 699 contulit
1208 656 1256 699 et
1304 654 1568 700 constituit
1615 655 1668 699 in
1707 653 1884 700 ultimo
1988 646 1990 650 ¹

190 727 284 772 duo
343 742 555 787 quorum
610 725 921 772 conservatio
975 726 1054 772 illi
1107 727 1160 772 in
1217 728 1520 773 contrarium
1582 742 1726 774 versa
1788 729 1885 774 est:

191 802 410 847 servatas
460 800 591 847 enim
637 801 779 846 navis
826 800 1045 846 adseruit
1085 803 1135 846 et
1175 802 1332 847 socios
1372 800 1600 847 reductos
1642 816 1671 847 a
1709 803 1884 848 morte.

188 874 308 920 haec
358 874 487 920 enim
536 875 579 921 si
624 874 895 921 incolumia
935 889 1031 920 non
1071 872 1277 922 haberet
1317 874 1532 935 Aeneas,
1581 890 1680 921 non
1719 877 1885 935 posset

189 947 456 1008 aliquando
513 947 774 995 discedere.
863 948 1096 995 amissam
1153 948 1380 1007 classem,
1437 948 1594 996 socios
1651 965 1678 994 a
1728 950 1886 996 morte
1913 935 1993 997 ια’

187 1021 381 1069 reduxi:
437 1037 535 1068 non
584 1023 749 1082 navis,
799 1021 882 1068 sed
922 1022 1146 1068 homines
1186 1021 1382 1069 reduxit
1423 1037 1451 1068 a
1490 1025 1671 1081 morte3
1727 1038 1887 1083 neque

189 1097 318 1142 enim
366 1095 472 1142 fieri
520 1097 687 1156 potuit
734 1098 791 1142 ut
837 1111 988 1142 naves
1036 1099 1346 1142 morerentur
1386 1098 1474 1142 aut
1513 1097 1651 1158 ipsae
1693 1111 1889 1157 quoque

187 1169 520 1217 liberarentur
568 1186 597 1216 a
644 1172 816 1217 morte.
896 1185 925 1216 a
971 1172 1130 1216 morte
1178 1170 1334 1232 igitur
1383 1169 1445 1217 ad
1492 1170 1622 1218 solos
1666 1170 1890 1218 homines

186 1245 427 1304 pertinet,
473 1243 646 1291 reduxi
693 1259 809 1290 vero
859 1246 908 1291 et
956 1243 1017 1289 ad
1065 1243 1289 1290 homines
1332 1246 1382 1290 et
1421 1243 1484 1290 ad
1522 1245 1706 1291 navis.v
1760 1243 1890 1304 quod
1991 1299 1993 1309 Ι

187 1317 352 1379 ipsum
392 1317 705 1365 ordinatione
745 1318 879 1364 facta
920 1317 1250 1380 cognoscitur,
1289 1319 1347 1364 ut
1387 1319 1453 1365 sit
1492 1319 1727 1365 amissam
1767 1318 1959 1367 clas-'15

189 1406 291 1438 sem
330 1391 503 1438 reduxi
544 1394 593 1438 et
634 1391 791 1439 socios
827 1406 856 1437 a
888 1393 1046 1439 morte
1078 1391 1265 1452 reduxi,
1296 1394 1355 1438 ut
1388 1391 1563 1438 reduxi
1593 1407 1692 1439 non
1725 1391 1890 1454 semel,

189 1465 272 1512 sed
303 1465 379 1512 bis
414 1466 703 1526 accipiatur.
757 1466 850 1512 heu
880 1466 1030 1524 furiis
1062 1466 1262 1513 incensa
1293 1463 1510 1526 [feror]:
1544 1465 1605 1512 ad
1629 1466 1890 1527 insaniam,

188 1539 366 1600 inquit,
390 1556 468 1587 me
497 1554 575 1587 res
608 1555 793 1600 pravae
826 1538 1116 1600 perducunt.
1180 1554 1311 1586 nunc
1343 1554 1505 1599 auyur
1535 1538 1727 1599 Apollo,
1760 1554 1892 1587 nunc

188 1613 372 1674 Lyciae
411 1617 575 1669 sortes,
607 1627 739 1660 nunc
779 1617 822 1660 et
850 1613 968 1660 Iove
1005 1614 1186 1661 missus
1218 1615 1279 1661 ab
1310 1615 1416 1673 ipso
1455 1615 1692 1673 interpres
1724 1614 1891 1661 divum

187 1688 284 1746 fert
319 1688 522 1735 horrida
560 1689 698 1735 iussa
727 1702 823 1747 per
861 1701 1040 1735 auras:
1093 1687 1224 1748 quod
1264 1687 1391 1734 dixit
1430 1703 1574 1747 nunc,
1612 1687 1706 1735 hoc
1743 1690 1891 1749 puta·
1912 1683 1990 1750 svo-'³5'

187 1777 297 1809 mus
338 1761 751 1825 intellegendum:
805 1761 1002 1822 quando
1045 1761 1255 1809 exclusis
1297 1761 1584 1810 infortuniis
1624 1763 1888 1822 superiori-

188 1834 279 1883 bus
336 1836 494 1882 otium
549 1851 660 1882 cum
715 1835 890 1897 opibus
939 1837 1229 1884 consecutus
1278 1838 1374 1895 est,
1423 1837 1476 1882 in
1525 1836 1629 1883 eius
1675 1837 1892 1883 mentem

188 1911 396 1956 veniunt
433 1909 685 1971 Apollinis
725 1924 963 1971 responsa
1003 1911 1054 1956 et
1091 1909 1274 1970 Lyciae
1315 1912 1472 1958 sortes
1512 1912 1562 1956 et
1602 1925 1712 1957 cum
1751 1925 1887 1956 man-

189 1982 320 2030 datis
369 1982 501 2031 Iovis
548 1982 824 2031 Mercurius
879 1983 1158 2030 metuendis
1210 1984 1463 2031 adventat.
1541 1984 1583 2031 si
1629 1983 1727 2030 ista
1773 1999 1891 2031 vera

191 2060 328 2118 sunt,
376 2073 464 2104 0111
509 2073 609 2105 11011
658 2058 930 2104 extiterunt
977 2059 1092 2104 ante
1139 2057 1377 2105 beneficia
1415 2055 1559 2104 mea?
1635 2058 1811 2105 scilicet
1846 2058 1891 2104 is
1914 2054 1982 2109 2¹41

97 2134 188 2174 380
203 2132 395 2190 superis
435 2131 572 2179 labor
612 2135 693 2186 est,
733 2146 791 2179 ea
830 2146 951 2179 cura
990 2132 1172 2189 quietos
1209 2132 1456 2178 sollicitat:
1501 2132 1738 2178 nimirum
1777 2131 1890 2178 deo·

190 2220 317 2265 rum,
348 2205 528 2266 inquit,
563 2220 732 2252 curam
771 2206 938 2268 tangit
977 2205 1099 2267 quid
1137 2205 1360 2253 homines
1401 2207 1556 2267 agant
1588 2207 1638 2253 et
1667 2204 1890 2266 ipsorum

193 2277 386 2340 quietas
433 2278 613 2326 mentis
660 2279 866 2326 humani
907 2281 1220 2326 commovent
1259 2283 1412 2326 actus.
1490 2293 1641 2338 neque
1679 2282 1721 2326 te
1759 2282 1891 2326 teneo
1975 2342 1978 2346 .

189 2367 339 2412 neque
387 2352 516 2400 dicta
564 2353 755 2412 refello:
811 2355 861 2400 et
906 2368 1036 2400 1111110
1083 2368 1168 2400 5011
1215 2367 1362 2401 verae
1414 2355 1531 2400 sunt
1584 2352 1891 2401 adsertiones
1962 2363 1981 2402 f*

1989 1322 1993 1359 1

1990 1367 1993 1395 ι

1989 1398 1993 1472 ÷

1989 1474 1993 1528 i

1989 1529 1993 1585 i

313 2482 334 2519 1
370 2477 670 2545 navifragum
701 2478 773 2522 ed.
927 2483 953 2521 3
987 2479 1191 2523 ducendo
1223 2478 1294 2522 ed.
1347 2480 1352 2534 ἰ
1410 2480 1520 2534 post
1558 2492 1731 2534 quoque
1768 2491 1891 2522 unus

190 2549 349 2579 versus
388 2538 525 2579 vacat
562 2551 613 2579 111
644 2536 680 2579 L
721 2537 840 2580 nihil
874 2537 1179 2582 desideratur.
1335 2543 1362 2581 4
1388 2538 1616 2594 pariendo
1648 2537 1734 2579 LR
1772 2551 1886 2581 corr.

192 2595 262 2639 ed.
324 2604 325 2607 ’
411 2599 434 2638 7
469 2597 746 2640 consecratio
775 2596 862 2639 LR
895 2597 967 2641 ed.
999 2598 1280 2641 conservatio
1309 2611 1346 2640 r.
1492 2600 1518 2639 9
1551 2597 1772 2641 incolumi
1801 2595 1891 2639 LR
1958 2594 1978 2620 “

193 2656 306 2699 —mia
337 2653 410 2697 rU
442 2654 548 2698 -mis
578 2653 623 2698 Η
656 2669 765 2699 ·mes
796 2655 879 2698 ed(
900 2657 1056 2700 has—
1075 2656 1321 2701 incolumes
1353 2655 1423 2698 ed.
1448 2657 1570 2712 post.
1666 2659 1718 2699 12
1750 2655 1887 2700 mori·
1950 2662 1951 2667 ’
1994 2706 1996 2710 ,

192 2723 353 2757 rentur
375 2712 473 2756 LR.
572 2717 624 2756 16
656 2714 824 2758 redu-‘ci
855 2719 907 2758 ut
937 2715 1105 2759 reduxi
1134 2714 1222 2758 LR
1253 2714 1463 2771 corrupit
1493 2714 1564 2759 ed.
1661 2718 1713 2756 17
1746 2714 1891 2768 furtis
1940 2723 1967 2762 η·

191 2786 276 2829 pro
306 2773 450 2827 furiis
481 2771 568 2815 LR
599 2785 712 2816 corr.
738 2787 774 2816 1.
791 2774 820 2834 ,j
854 2774 978 2827 seror
1010 2773 1143 2818 deest
1172 2773 1223 2816 in
1253 2773 1342 2817 LR
1372 2773 1467 2817 ed.:
1502 2772 1666 2816 addidi
1697 2775 1891 2829 propter

185 2831 458 2888 perducunt.
598 2835 654 2874 20
685 2831 915 2876 horrenda'
943 2846 1026 2888 pro
1058 2832 1248 2878 horrida
1279 2832 1376 2876 LR.
1430 2886 1433 2889 K
1515 2837 1570 2875 21
1604 2831 1892 2888 inportmziis
1963 2858 1982 2882 :-

191 2890 279 2933 LR
310 2891 584 2944 infortuniis
614 2905 638 2933 r
669 2891 942 2947 importunis
973 2892 1044 2935 ed.
1187 2897 1244 2935 24
1275 2891 1541 2935 metuendus
1571 2891 1657 2934 LR
1687 2891 1759 2935 ed.
1793 2890 1891 2935 -dis
1940 2931 1941 2934 ,

191 2964 290 2993 nos.
440 2954 496 2992 25
527 2949 599 2993 his
629 2963 714 3006 pro
748 2951 787 2993 is
817 2949 915 2993 LR.
1062 2955 1118 2994 29
1149 2952 1192 2995 εἰ
1221 2964 1351 2995 verae
1381 2949 1468 2992 LR
1500 2950 1572 2994 cd.
1604 2964 1683 2994 seu
1714 2963 1752 2993 v.
1786 2963 1895 2995 nom·
1958 2948 1962 2955 ’
