<?xml version="1.0" encoding="UTF-8"?>
<!DOCTYPE html PUBLIC "-//W3C//DTD XHTML 1.0 Transitional//EN"
    "http://www.w3.org/TR/xhtml1/DTD/xhtml1-transitional.dtd">
<html xmlns="http://www.w3.org/1999/xhtml" xml:lang="en" lang="en">
 <head>
  <title>
</title>
<meta http-equiv="Content-Type" content="text/html;charset=utf-8" />
  <meta name='ocr-system' content='tesseract 3.04.00' />
  <meta name='ocr-capabilities' content='ocr_page ocr_carea ocr_par ocr_line ocrx_word'/>
</head>
<body>
  <div class='ocr_page' id='page_1' title='image "./interpretationes01donauoft_0557.png"; bbox 0 0 2014 3226; ppageno 0'>
   <div class='ocr_carea' id='block_1_1' title="bbox 810 155 1846 210">
    <p class='ocr_par' dir='ltr' id='par_1_1' title="bbox 810 155 1846 210">
     <span class='ocr_line' id='line_1_1' title="bbox 810 155 1846 210; baseline -0.001 -12"><span class='ocrx_word' id='word_1_1' title='bbox 810 155 1113 200; x_wconf 71' lang='lat' dir='ltr'>AENEIDos</span> <span class='ocrx_word' id='word_1_2' title='bbox 1147 156 1188 198; x_wconf 84' lang='lat' dir='ltr'><strong>v</strong></span> <span class='ocrx_word' id='word_1_3' title='bbox 1739 159 1846 210; x_wconf 75' lang='lat'>507</span> 
     </span>
    </p>
   </div>
   <div class='ocr_carea' id='block_1_2' title="bbox 85 295 1939 2431">
    <p class='ocr_par' dir='ltr' id='par_1_2' title="bbox 85 295 1939 2431">
     <span class='ocr_line' id='line_1_2' title="bbox 154 295 1849 358; baseline -0.001 -13"><span class='ocrx_word' id='word_1_4' title='bbox 154 296 414 346; x_wconf 86' lang='lat' dir='ltr'>condituro</span> <span class='ocrx_word' id='word_1_5' title='bbox 455 311 635 344; x_wconf 86' lang='lat' dir='ltr'>novam</span> <span class='ocrx_word' id='word_1_6' title='bbox 683 295 847 343; x_wconf 91' lang='lat' dir='ltr'>sedem</span> <span class='ocrx_word' id='word_1_7' title='bbox 899 296 1136 343; x_wconf 81' lang='lat' dir='ltr'>auxiliari</span> <span class='ocrx_word' id='word_1_8' title='bbox 1182 297 1459 358; x_wconf 72' lang='lat' dir='ltr'>nequirent.</span> <span class='ocrx_word' id='word_1_9' title='bbox 1540 301 1581 344; x_wconf 85' lang='lat' dir='ltr'>et</span> <span class='ocrx_word' id='word_1_10' title='bbox 1619 299 1849 357; x_wconf 77' lang='lat' dir='ltr'>quicquid</span> 
     </span>
     <span class='ocr_line' id='line_1_3' title="bbox 155 370 1849 432; baseline 0 -14"><span class='ocrx_word' id='word_1_11' title='bbox 155 375 306 419; x_wconf 80' lang='lat' dir='ltr'>tecum</span> <span class='ocrx_word' id='word_1_12' title='bbox 354 371 629 418; x_wconf 77' lang='lat' dir='ltr'>invalidum</span> <span class='ocrx_word' id='word_1_13' title='bbox 676 373 980 429; x_wconf 76' lang='lat' dir='ltr'><em>metuensque</em></span> <span class='ocrx_word' id='word_1_14' title='bbox 1021 371 1199 429; x_wconf 73' lang='lat' dir='ltr'>pericli</span> <span class='ocrx_word' id='word_1_15' title='bbox 1247 373 1315 418; x_wconf 88' lang='lat' dir='ltr'>est</span> <span class='ocrx_word' id='word_1_16' title='bbox 1359 372 1530 432; x_wconf 68' lang='lat' dir='ltr'>deliye:</span> <span class='ocrx_word' id='word_1_17' title='bbox 1585 370 1708 418; x_wconf 92' lang='lat' dir='ltr'>bene</span> <span class='ocrx_word' id='word_1_18' title='bbox 1757 372 1849 419; x_wconf 90' lang='lat' dir='ltr'>sub</span> 
     </span>
     <span class='ocr_line' id='line_1_4' title="bbox 154 443 1849 508; baseline 0.001 -17"><span class='ocrx_word' id='word_1_19' title='bbox 154 445 480 508; x_wconf 88' lang='lat' dir='ltr'>generalitate</span> <span class='ocrx_word' id='word_1_20' title='bbox 521 443 715 506; x_wconf 75' lang='lat' dir='ltr'>colligit</span> <span class='ocrx_word' id='word_1_21' title='bbox 753 444 854 491; x_wconf 91' lang='lat' dir='ltr'>alia</span> <span class='ocrx_word' id='word_1_22' title='bbox 893 443 1148 491; x_wconf 90' lang='lat' dir='ltr'>hominum</span> <span class='ocrx_word' id='word_1_23' title='bbox 1188 461 1371 508; x_wconf 90' lang='lat' dir='ltr'>genera</span> <span class='ocrx_word' id='word_1_24' title='bbox 1410 448 1460 492; x_wconf 92' lang='lat' dir='ltr'>et</span> <span class='ocrx_word' id='word_1_25' title='bbox 1499 460 1849 507; x_wconf 89' lang='lat' dir='ltr'>quoscumque,</span> 
     </span>
     <span class='ocr_line' id='line_1_5' title="bbox 154 517 1848 581; baseline 0.001 -16"><span class='ocrx_word' id='word_1_26' title='bbox 154 518 339 580; x_wconf 89' lang='lat' dir='ltr'>inquit,</span> <span class='ocrx_word' id='word_1_27' title='bbox 389 518 514 565; x_wconf 88' lang='lat' dir='ltr'>alios</span> <span class='ocrx_word' id='word_1_28' title='bbox 561 517 807 565; x_wconf 87' lang='lat' dir='ltr'>invalidos</span> <span class='ocrx_word' id='word_1_29' title='bbox 856 518 972 579; x_wconf 72' lang='lat' dir='ltr'>scis,</span> <span class='ocrx_word' id='word_1_30' title='bbox 1020 519 1119 579; x_wconf 89' lang='lat' dir='ltr'>ipsi</span> <span class='ocrx_word' id='word_1_31' title='bbox 1165 521 1280 565; x_wconf 88' lang='lat' dir='ltr'>sunt</span> <span class='ocrx_word' id='word_1_32' title='bbox 1319 518 1513 567; x_wconf 84' lang='lat' dir='ltr'>vitiosis</span> <span class='ocrx_word' id='word_1_33' title='bbox 1562 519 1848 581; x_wconf 84' lang='lat' dir='ltr'>corporibus</span> 
     </span>
     <span class='ocr_line' id='line_1_6' title="bbox 108 591 1850 654; baseline 0 -14"><span class='ocrx_word' id='word_1_34' title='bbox 108 607 128 639; x_wconf 81' lang='lat'><strong>5</strong></span> <span class='ocrx_word' id='word_1_35' title='bbox 154 595 204 640; x_wconf 90' lang='lat' dir='ltr'>et</span> <span class='ocrx_word' id='word_1_36' title='bbox 251 593 337 654; x_wconf 91' lang='lat' dir='ltr'>qui</span> <span class='ocrx_word' id='word_1_37' title='bbox 391 591 611 654; x_wconf 90' lang='lat' dir='ltr'>pericula</span> <span class='ocrx_word' id='word_1_38' title='bbox 666 591 957 651; x_wconf 83' lang='lat' dir='ltr'>metuerint3</span> <span class='ocrx_word' id='word_1_39' title='bbox 1015 592 1138 639; x_wconf 89' lang='lat' dir='ltr'>tales</span> <span class='ocrx_word' id='word_1_40' title='bbox 1195 594 1326 639; x_wconf 90' lang='lat' dir='ltr'>enim</span> <span class='ocrx_word' id='word_1_41' title='bbox 1381 593 1507 640; x_wconf 85' lang='lat' dir='ltr'>nihil</span> <span class='ocrx_word' id='word_1_42' title='bbox 1558 593 1754 640; x_wconf 88' lang='lat' dir='ltr'>faciunt</span> <span class='ocrx_word' id='word_1_43' title='bbox 1801 596 1850 640; x_wconf 90' lang='lat' dir='ltr'>et</span> 
     </span>
     <span class='ocr_line' id='line_1_7' title="bbox 154 664 1850 729; baseline 0 -16"><span class='ocrx_word' id='word_1_44' title='bbox 154 667 365 714; x_wconf 90' lang='lat' dir='ltr'>aliorum</span> <span class='ocrx_word' id='word_1_45' title='bbox 390 666 541 713; x_wconf 89' lang='lat' dir='ltr'>etiam</span> <span class='ocrx_word' id='word_1_46' title='bbox 558 665 678 712; x_wconf 87' lang='lat' dir='ltr'>viris</span> <span class='ocrx_word' id='word_1_47' title='bbox 705 667 755 713; x_wconf 91' lang='lat' dir='ltr'>et</span> <span class='ocrx_word' id='word_1_48' title='bbox 781 664 1040 712; x_wconf 83' lang='lat' dir='ltr'>audaciam</span> <span class='ocrx_word' id='word_1_49' title='bbox 1065 666 1318 729; x_wconf 86' lang='lat' dir='ltr'>frangunt.</span> <span class='ocrx_word' id='word_1_50' title='bbox 1359 667 1447 715; x_wconf 90' lang='lat' dir='ltr'>hos</span> <span class='ocrx_word' id='word_1_51' title='bbox 1473 667 1632 714; x_wconf 89' lang='lat' dir='ltr'>omnis</span> <span class='ocrx_word' id='word_1_52' title='bbox 1658 667 1850 714; x_wconf 90' lang='lat' dir='ltr'>censuit</span> 
     </span>
     <span class='ocr_line' id='line_1_8' title="bbox 152 738 1848 804; baseline 0.001 -18"><span class='ocrx_word' id='word_1_53' title='bbox 152 740 438 804; x_wconf 84' lang='lat' dir='ltr'>deligendos</span> <span class='ocrx_word' id='word_1_54' title='bbox 470 755 569 787; x_wconf 93' lang='lat' dir='ltr'>non</span> <span class='ocrx_word' id='word_1_55' title='bbox 600 738 872 800; x_wconf 88' lang='lat' dir='ltr'>probando,</span> <span class='ocrx_word' id='word_1_56' title='bbox 905 739 989 787; x_wconf 91' lang='lat' dir='ltr'>sed</span> <span class='ocrx_word' id='word_1_57' title='bbox 1021 740 1355 801; x_wconf 90' lang='lat' dir='ltr'>reprobando:</span> <span class='ocrx_word' id='word_1_58' title='bbox 1399 741 1684 804; x_wconf 88' lang='lat' dir='ltr'>deligendos</span> <span class='ocrx_word' id='word_1_59' title='bbox 1718 757 1848 804; x_wconf 87' lang='lat' dir='ltr'>ergo,</span> 
     </span>
     <span class='ocr_line' id='line_1_9' title="bbox 151 812 1847 878; baseline 0 -16"><span class='ocrx_word' id='word_1_60' title='bbox 151 815 243 862; x_wconf 88' lang='lat' dir='ltr'>hoc</span> <span class='ocrx_word' id='word_1_61' title='bbox 284 816 359 862; x_wconf 92' lang='lat' dir='ltr'>est</span> <span class='ocrx_word' id='word_1_62' title='bbox 391 813 713 875; x_wconf 62' lang='lat' dir='ltr'>separandos,</span> <span class='ocrx_word' id='word_1_63' title='bbox 762 812 886 861; x_wconf 91' lang='lat' dir='ltr'>alias</span> <span class='ocrx_word' id='word_1_64' title='bbox 928 813 1058 860; x_wconf 91' lang='lat' dir='ltr'>enim</span> <span class='ocrx_word' id='word_1_65' title='bbox 1098 813 1313 878; x_wconf 88' lang='lat' dir='ltr'>deligere</span> <span class='ocrx_word' id='word_1_66' title='bbox 1361 817 1437 862; x_wconf 91' lang='lat' dir='ltr'>est</span> <span class='ocrx_word' id='word_1_67' title='bbox 1482 816 1709 862; x_wconf 90' lang='lat' dir='ltr'>meliores</span> <span class='ocrx_word' id='word_1_68' title='bbox 1751 815 1847 862; x_wconf 88' lang='lat' dir='ltr'>dis-</span> 
     </span>
     <span class='ocr_line' id='line_1_10' title="bbox 153 888 1849 948; baseline 0 -13"><span class='ocrx_word' id='word_1_69' title='bbox 153 903 363 936; x_wconf 89' lang='lat' dir='ltr'>cernere.</span> <span class='ocrx_word' id='word_1_70' title='bbox 434 891 477 935; x_wconf 85' lang='lat' dir='ltr'>et</span> <span class='ocrx_word' id='word_1_71' title='bbox 513 889 589 935; x_wconf 78' lang='lat' dir='ltr'>his</span> <span class='ocrx_word' id='word_1_72' title='bbox 626 888 836 935; x_wconf 76' lang='lat' dir='ltr'>habeant</span> <span class='ocrx_word' id='word_1_73' title='bbox 874 889 1018 935; x_wconf 78' lang='lat' dir='ltr'>terris</span> <span class='ocrx_word' id='word_1_74' title='bbox 1047 889 1152 935; x_wconf 74' lang='lat' dir='ltr'>sine</span> <span class='ocrx_word' id='word_1_75' title='bbox 1183 890 1374 936; x_wconf 83' lang='lat' dir='ltr'>moenia</span> <span class='ocrx_word' id='word_1_76' title='bbox 1404 891 1545 948; x_wconf 80' lang='lat' dir='ltr'>fessi:</span> <span class='ocrx_word' id='word_1_77' title='bbox 1585 905 1696 936; x_wconf 90' lang='lat' dir='ltr'>cum</span> <span class='ocrx_word' id='word_1_78' title='bbox 1727 889 1849 936; x_wconf 87' lang='lat' dir='ltr'>haec</span> 
     </span>
     <span class='ocr_line' id='line_1_11' title="bbox 85 962 1848 1026; baseline 0 -17"><span class='ocrx_word' id='word_1_79' title='bbox 85 978 128 1009; x_wconf 90' lang='lat'>10</span> <span class='ocrx_word' id='word_1_80' title='bbox 152 963 410 1010; x_wconf 89' lang='lat' dir='ltr'>hominum</span> <span class='ocrx_word' id='word_1_81' title='bbox 441 977 623 1026; x_wconf 90' lang='lat' dir='ltr'>genera</span> <span class='ocrx_word' id='word_1_82' title='bbox 655 962 980 1023; x_wconf 86' lang='lat' dir='ltr'>separaveris,</span> <span class='ocrx_word' id='word_1_83' title='bbox 1020 963 1252 1023; x_wconf 75' lang='lat' dir='ltr'>permitte</span> <span class='ocrx_word' id='word_1_84' title='bbox 1283 965 1575 1010; x_wconf 86' lang='lat' dir='ltr'>remaneant</span> <span class='ocrx_word' id='word_1_85' title='bbox 1606 965 1656 1010; x_wconf 89' lang='lat' dir='ltr'>et</span> <span class='ocrx_word' id='word_1_86' title='bbox 1686 965 1739 1010; x_wconf 90' lang='lat' dir='ltr'>in</span> <span class='ocrx_word' id='word_1_87' title='bbox 1771 963 1848 1009; x_wconf 88' lang='lat' dir='ltr'>his</span> 
     </span>
     <span class='ocr_line' id='line_1_12' title="bbox 152 1035 1850 1097; baseline 0 -14"><span class='ocrx_word' id='word_1_88' title='bbox 152 1038 297 1084; x_wconf 89' lang='lat' dir='ltr'>terris</span> <span class='ocrx_word' id='word_1_89' title='bbox 336 1035 554 1083; x_wconf 91' lang='lat' dir='ltr'>habeant</span> <span class='ocrx_word' id='word_1_90' title='bbox 593 1036 863 1083; x_wconf 85' lang='lat' dir='ltr'>civitatem.</span> <span class='ocrx_word' id='word_1_91' title='bbox 933 1037 1101 1083; x_wconf 80' lang='lat' dir='ltr'>urbem</span> <span class='ocrx_word' id='word_1_92' title='bbox 1141 1037 1458 1096; x_wconf 76' lang='lat' dir='ltr'>appellabunt</span> <span class='ocrx_word' id='word_1_93' title='bbox 1486 1038 1726 1097; x_wconf 78' lang='lat' dir='ltr'>permisso</span> <span class='ocrx_word' id='word_1_94' title='bbox 1765 1051 1850 1084; x_wconf 88' lang='lat' dir='ltr'>no-</span> 
     </span>
     <span class='ocr_line' id='line_1_13' title="bbox 150 1108 1848 1173; baseline 0.001 -15"><span class='ocrx_word' id='word_1_95' title='bbox 150 1113 280 1158; x_wconf 75' lang='lat' dir='ltr'>mine</span> <span class='ocrx_word' id='word_1_96' title='bbox 317 1108 570 1158; x_wconf 77' lang='lat' dir='ltr'>Acestam:</span> <span class='ocrx_word' id='word_1_97' title='bbox 623 1111 882 1171; x_wconf 86' lang='lat' dir='ltr'>ipsamque</span> <span class='ocrx_word' id='word_1_98' title='bbox 930 1111 1188 1158; x_wconf 86' lang='lat' dir='ltr'>civitatem</span> <span class='ocrx_word' id='word_1_99' title='bbox 1234 1110 1468 1159; x_wconf 87' lang='lat' dir='ltr'>Acestam</span> <span class='ocrx_word' id='word_1_100' title='bbox 1516 1113 1693 1159; x_wconf 89' lang='lat' dir='ltr'>vocent</span> <span class='ocrx_word' id='word_1_101' title='bbox 1739 1110 1848 1173; x_wconf 88' lang='lat' dir='ltr'>ipso</span> 
     </span>
     <span class='ocr_line' id='line_1_14' title="bbox 151 1183 947 1232; baseline 0 -1"><span class='ocrx_word' id='word_1_102' title='bbox 151 1185 329 1232; x_wconf 89' lang='lat' dir='ltr'>Aceste</span> <span class='ocrx_word' id='word_1_103' title='bbox 369 1199 548 1232; x_wconf 91' lang='lat' dir='ltr'>nomen</span> <span class='ocrx_word' id='word_1_104' title='bbox 588 1183 947 1231; x_wconf 85' lang='lat' dir='ltr'>commodante.</span> 
     </span>
     <span class='ocr_line' id='line_1_15' title="bbox 267 1258 1939 1307; baseline 0 -1"><span class='ocrx_word' id='word_1_105' title='bbox 267 1259 468 1306; x_wconf 77' lang='lat' dir='ltr'>Talibus</span> <span class='ocrx_word' id='word_1_106' title='bbox 492 1259 716 1306; x_wconf 77' lang='lat' dir='ltr'>incensus</span> <span class='ocrx_word' id='word_1_107' title='bbox 741 1258 881 1306; x_wconf 78' lang='lat' dir='ltr'>dietis</span> <span class='ocrx_word' id='word_1_108' title='bbox 911 1259 1118 1307; x_wconf 77' lang='lat' dir='ltr'>senioris</span> <span class='ocrx_word' id='word_1_109' title='bbox 1151 1260 1299 1306; x_wconf 74' lang='lat' dir='ltr'>amici</span> <span class='ocrx_word' id='word_1_110' title='bbox 1329 1262 1432 1306; x_wconf 84' lang='lat' dir='ltr'>tum</span> <span class='ocrx_word' id='word_1_111' title='bbox 1461 1273 1572 1307; x_wconf 81' lang='lat' dir='ltr'>vero</span> <span class='ocrx_word' id='word_1_112' title='bbox 1603 1261 1657 1306; x_wconf 81' lang='lat' dir='ltr'>in</span> <span class='ocrx_word' id='word_1_113' title='bbox 1688 1272 1834 1306; x_wconf 87' lang='lat' dir='ltr'>curas</span> <span class='ocrx_word' id='word_1_114' title='bbox 1853 1262 1939 1302; x_wconf 80' lang='lat'>720</span> 
     </span>
     <span class='ocr_line' id='line_1_16' title="bbox 85 1333 1850 1394; baseline -0.001 -13"><span class='ocrx_word' id='word_1_115' title='bbox 85 1349 127 1381; x_wconf 85' lang='lat'>15</span> <span class='ocrx_word' id='word_1_116' title='bbox 153 1334 317 1381; x_wconf 78' lang='lat' dir='ltr'>animo</span> <span class='ocrx_word' id='word_1_117' title='bbox 365 1333 613 1380; x_wconf 76' lang='lat' dir='ltr'>diducitur</span> <span class='ocrx_word' id='word_1_118' title='bbox 660 1333 816 1379; x_wconf 81' lang='lat' dir='ltr'>omnis</span> <span class='ocrx_word' id='word_1_119' title='bbox 864 1335 908 1380; x_wconf 89' lang='lat' dir='ltr'>et</span> <span class='ocrx_word' id='word_1_120' title='bbox 943 1346 1040 1379; x_wconf 69' lang='lat' dir='ltr'>noa:</span> <span class='ocrx_word' id='word_1_121' title='bbox 1079 1335 1191 1380; x_wconf 82' lang='lat' dir='ltr'>atra</span> <span class='ocrx_word' id='word_1_122' title='bbox 1238 1333 1411 1393; x_wconf 77' lang='lat' dir='ltr'>polum</span> <span class='ocrx_word' id='word_1_123' title='bbox 1458 1333 1581 1394; x_wconf 70' lang='lat' dir='ltr'>biqc&#39;s</span> <span class='ocrx_word' id='word_1_124' title='bbox 1625 1333 1850 1380; x_wconf 86' lang='lat' dir='ltr'>subvecta</span> 
     </span>
     <span class='ocr_line' id='line_1_17' title="bbox 153 1405 1849 1471; baseline 0 -17"><span class='ocrx_word' id='word_1_125' title='bbox 153 1408 366 1455; x_wconf 87' lang='lat' dir='ltr'>tenebat:</span> <span class='ocrx_word' id='word_1_126' title='bbox 421 1405 639 1454; x_wconf 90' lang='lat' dir='ltr'>consiliis</span> <span class='ocrx_word' id='word_1_127' title='bbox 689 1405 1035 1454; x_wconf 87' lang='lat' dir='ltr'>accedentibus</span> <span class='ocrx_word' id='word_1_128' title='bbox 1075 1406 1256 1454; x_wconf 90' lang='lat' dir='ltr'>Nautis</span> <span class='ocrx_word' id='word_1_129' title='bbox 1304 1409 1413 1454; x_wconf 89' lang='lat' dir='ltr'>tum</span> <span class='ocrx_word' id='word_1_130' title='bbox 1451 1408 1611 1471; x_wconf 87' lang='lat' dir='ltr'>magis</span> <span class='ocrx_word' id='word_1_131' title='bbox 1650 1405 1849 1454; x_wconf 89' lang='lat' dir='ltr'>Aeneae</span> 
     </span>
     <span class='ocr_line' id='line_1_18' title="bbox 152 1479 1850 1543; baseline -0.001 -15"><span class='ocrx_word' id='word_1_132' title='bbox 152 1481 483 1543; x_wconf 88' lang='lat' dir='ltr'>cogitationes</span> <span class='ocrx_word' id='word_1_133' title='bbox 524 1481 805 1543; x_wconf 86' lang='lat' dir='ltr'>augmentis</span> <span class='ocrx_word' id='word_1_134' title='bbox 843 1479 1121 1541; x_wconf 89' lang='lat' dir='ltr'>potioribus</span> <span class='ocrx_word' id='word_1_135' title='bbox 1162 1480 1443 1528; x_wconf 82' lang='lat' dir='ltr'>cumulatae</span> <span class='ocrx_word' id='word_1_136' title='bbox 1484 1482 1620 1541; x_wconf 88' lang='lat' dir='ltr'>sunt3</span> <span class='ocrx_word' id='word_1_137' title='bbox 1659 1481 1850 1528; x_wconf 89' lang='lat' dir='ltr'>monita</span> 
     </span>
     <span class='ocr_line' id='line_1_19' title="bbox 152 1553 1852 1618; baseline -0.001 -16"><span class='ocrx_word' id='word_1_138' title='bbox 152 1556 284 1602; x_wconf 88' lang='lat' dir='ltr'>enim</span> <span class='ocrx_word' id='word_1_139' title='bbox 324 1555 591 1602; x_wconf 86' lang='lat' dir='ltr'>necessitas</span> <span class='ocrx_word' id='word_1_140' title='bbox 631 1553 840 1618; x_wconf 90' lang='lat' dir='ltr'>cogebat</span> <span class='ocrx_word' id='word_1_141' title='bbox 879 1553 1086 1613; x_wconf 87' lang='lat' dir='ltr'>efficere,</span> <span class='ocrx_word' id='word_1_142' title='bbox 1127 1554 1212 1602; x_wconf 90' lang='lat' dir='ltr'>sed</span> <span class='ocrx_word' id='word_1_143' title='bbox 1251 1555 1547 1602; x_wconf 88' lang='lat' dir='ltr'>sceleratum</span> <span class='ocrx_word' id='word_1_144' title='bbox 1587 1554 1852 1602; x_wconf 84' lang='lat' dir='ltr'>videbatur</span> 
     </span>
     <span class='ocr_line' id='line_1_20' title="bbox 153 1627 1850 1689; baseline 0 -14"><span class='ocrx_word' id='word_1_145' title='bbox 153 1629 405 1676; x_wconf 82' lang='lat' dir='ltr'>dimittere</span> <span class='ocrx_word' id='word_1_146' title='bbox 444 1629 617 1687; x_wconf 89' lang='lat' dir='ltr'>socios,</span> <span class='ocrx_word' id='word_1_147' title='bbox 658 1643 769 1675; x_wconf 89' lang='lat' dir='ltr'>cum</span> <span class='ocrx_word' id='word_1_148' title='bbox 802 1627 980 1689; x_wconf 90' lang='lat' dir='ltr'>quibus</span> <span class='ocrx_word' id='word_1_149' title='bbox 1012 1630 1208 1675; x_wconf 86' lang='lat' dir='ltr'>tantum</span> <span class='ocrx_word' id='word_1_150' title='bbox 1242 1629 1408 1676; x_wconf 89' lang='lat' dir='ltr'>fuerat</span> <span class='ocrx_word' id='word_1_151' title='bbox 1438 1628 1734 1676; x_wconf 90' lang='lat' dir='ltr'>laboratum.</span> <span class='ocrx_word' id='word_1_152' title='bbox 1797 1628 1850 1675; x_wconf 91' lang='lat' dir='ltr'>in</span> 
     </span>
     <span class='ocr_line' id='line_1_21' title="bbox 85 1701 1850 1766; baseline -0.001 -15"><span class='ocrx_word' id='word_1_153' title='bbox 85 1718 129 1751; x_wconf 76' lang='lat' dir='ltr'>so</span> <span class='ocrx_word' id='word_1_154' title='bbox 152 1703 229 1750; x_wconf 89' lang='lat' dir='ltr'>his</span> <span class='ocrx_word' id='word_1_155' title='bbox 276 1704 434 1766; x_wconf 87' lang='lat' dir='ltr'>igitur</span> <span class='ocrx_word' id='word_1_156' title='bbox 481 1702 868 1765; x_wconf 83' lang='lat' dir='ltr'>cogitationibus</span> <span class='ocrx_word' id='word_1_157' title='bbox 916 1701 1135 1763; x_wconf 89' lang='lat' dir='ltr'>positum</span> <span class='ocrx_word' id='word_1_158' title='bbox 1171 1703 1394 1764; x_wconf 87' lang='lat' dir='ltr'>repperit</span> <span class='ocrx_word' id='word_1_159' title='bbox 1432 1718 1549 1762; x_wconf 84' lang='lat' dir='ltr'>nox,</span> <span class='ocrx_word' id='word_1_160' title='bbox 1602 1717 1729 1764; x_wconf 90' lang='lat' dir='ltr'>quae</span> <span class='ocrx_word' id='word_1_161' title='bbox 1769 1717 1850 1749; x_wconf 90' lang='lat' dir='ltr'>cu-</span> 
     </span>
     <span class='ocr_line' id='line_1_22' title="bbox 151 1776 1850 1825; baseline -0.001 -1"><span class='ocrx_word' id='word_1_162' title='bbox 151 1793 321 1824; x_wconf 89' lang='lat' dir='ltr'>rarum</span> <span class='ocrx_word' id='word_1_163' title='bbox 361 1777 583 1824; x_wconf 89' lang='lat' dir='ltr'>omnium</span> <span class='ocrx_word' id='word_1_164' title='bbox 621 1777 776 1824; x_wconf 87' lang='lat' dir='ltr'>fomes</span> <span class='ocrx_word' id='word_1_165' title='bbox 819 1778 892 1824; x_wconf 89' lang='lat' dir='ltr'>est</span> <span class='ocrx_word' id='word_1_166' title='bbox 932 1778 981 1824; x_wconf 90' lang='lat' dir='ltr'>et</span> <span class='ocrx_word' id='word_1_167' title='bbox 1019 1777 1202 1824; x_wconf 88' lang='lat' dir='ltr'>nutrix.</span> <span class='ocrx_word' id='word_1_168' title='bbox 1280 1776 1365 1824; x_wconf 90' lang='lat' dir='ltr'>sed</span> <span class='ocrx_word' id='word_1_169' title='bbox 1405 1792 1516 1824; x_wconf 92' lang='lat' dir='ltr'>cum</span> <span class='ocrx_word' id='word_1_170' title='bbox 1556 1777 1850 1825; x_wconf 86' lang='lat' dir='ltr'>necessitate</span> 
     </span>
     <span class='ocr_line' id='line_1_23' title="bbox 152 1850 1851 1914; baseline 0 -16"><span class='ocrx_word' id='word_1_171' title='bbox 152 1853 361 1898; x_wconf 90' lang='lat' dir='ltr'>naturae</span> <span class='ocrx_word' id='word_1_172' title='bbox 401 1866 550 1914; x_wconf 89' lang='lat' dir='ltr'>aeger</span> <span class='ocrx_word' id='word_1_173' title='bbox 588 1850 706 1897; x_wconf 90' lang='lat' dir='ltr'>licet</span> <span class='ocrx_word' id='word_1_174' title='bbox 739 1851 1032 1911; x_wconf 90' lang='lat' dir='ltr'>sauciusque</span> <span class='ocrx_word' id='word_1_175' title='bbox 1066 1850 1342 1911; x_wconf 89' lang='lat' dir='ltr'>dormisset,</span> <span class='ocrx_word' id='word_1_176' title='bbox 1381 1853 1490 1899; x_wconf 78' lang='lat' dir='ltr'>visa</span> <span class='ocrx_word' id='word_1_177' title='bbox 1521 1851 1691 1900; x_wconf 75' lang='lat' dir='ltr'>dehinc</span> <span class='ocrx_word' id='word_1_178' title='bbox 1721 1851 1851 1899; x_wconf 84' lang='lat' dir='ltr'>caclo</span> 
     </span>
     <span class='ocr_line' id='line_1_24' title="bbox 151 1921 1853 1986; baseline -0.001 -13"><span class='ocrx_word' id='word_1_179' title='bbox 151 1926 303 1986; x_wconf 78' lang='lat' dir='ltr'>facies</span> <span class='ocrx_word' id='word_1_180' title='bbox 335 1925 537 1985; x_wconf 75' lang='lat' dir='ltr'>delapsa</span> <span class='ocrx_word' id='word_1_181' title='bbox 559 1925 786 1984; x_wconf 75' lang='lat' dir='ltr'>parentis</span> <span class='ocrx_word' id='word_1_182' title='bbox 810 1921 1054 1972; x_wconf 77' lang='lat' dir='ltr'>Anchisae</span> <span class='ocrx_word' id='word_1_183' title='bbox 1084 1925 1241 1972; x_wconf 76' lang='lat' dir='ltr'>subito</span> <span class='ocrx_word' id='word_1_184' title='bbox 1273 1925 1387 1973; x_wconf 83' lang='lat' dir='ltr'>talis</span> <span class='ocrx_word' id='word_1_185' title='bbox 1419 1925 1664 1984; x_wconf 78' lang='lat' dir='ltr'>effundere</span> <span class='ocrx_word' id='word_1_186' title='bbox 1693 1938 1853 1972; x_wconf 84' lang='lat' dir='ltr'>voees:</span> 
     </span>
     <span class='ocr_line' id='line_1_25' title="bbox 153 1997 1850 2060; baseline -0.001 -14"><span class='ocrx_word' id='word_1_187' title='bbox 153 2014 262 2046; x_wconf 92' lang='lat' dir='ltr'>ecce</span> <span class='ocrx_word' id='word_1_188' title='bbox 310 2001 361 2046; x_wconf 90' lang='lat' dir='ltr'>et</span> <span class='ocrx_word' id='word_1_189' title='bbox 404 1998 487 2046; x_wconf 86' lang='lat' dir='ltr'>hic</span> <span class='ocrx_word' id='word_1_190' title='bbox 533 1998 722 2046; x_wconf 88' lang='lat' dir='ltr'>adserit</span> <span class='ocrx_word' id='word_1_191' title='bbox 774 2000 924 2060; x_wconf 91' lang='lat' dir='ltr'>poeta</span> <span class='ocrx_word' id='word_1_192' title='bbox 970 1997 1223 2046; x_wconf 89' lang='lat' dir='ltr'>Anchisen</span> <span class='ocrx_word' id='word_1_193' title='bbox 1275 2015 1374 2047; x_wconf 90' lang='lat' dir='ltr'>non</span> <span class='ocrx_word' id='word_1_194' title='bbox 1429 2014 1532 2047; x_wconf 89' lang='lat' dir='ltr'>esse</span> <span class='ocrx_word' id='word_1_195' title='bbox 1582 2000 1850 2057; x_wconf 88' lang='lat' dir='ltr'>mortuum,</span> 
     </span>
     <span class='ocr_line' id='line_1_26' title="bbox 85 2071 1851 2134; baseline -0.001 -13"><span class='ocrx_word' id='word_1_196' title='bbox 85 2089 129 2122; x_wconf 74' lang='lat'>25</span> <span class='ocrx_word' id='word_1_197' title='bbox 154 2072 239 2122; x_wconf 90' lang='lat' dir='ltr'>sed</span> <span class='ocrx_word' id='word_1_198' title='bbox 269 2073 572 2121; x_wconf 90' lang='lat' dir='ltr'>translatum</span> <span class='ocrx_word' id='word_1_199' title='bbox 604 2071 668 2120; x_wconf 89' lang='lat' dir='ltr'>ad</span> <span class='ocrx_word' id='word_1_200' title='bbox 707 2087 932 2134; x_wconf 87' lang='lat' dir='ltr'>superos;</span> <span class='ocrx_word' id='word_1_201' title='bbox 973 2073 1016 2120; x_wconf 92' lang='lat' dir='ltr'>si</span> <span class='ocrx_word' id='word_1_202' title='bbox 1047 2073 1179 2119; x_wconf 89' lang='lat' dir='ltr'>enim</span> <span class='ocrx_word' id='word_1_203' title='bbox 1209 2075 1461 2120; x_wconf 89' lang='lat' dir='ltr'>mortuum</span> <span class='ocrx_word' id='word_1_204' title='bbox 1492 2072 1645 2120; x_wconf 90' lang='lat' dir='ltr'>vellet</span> <span class='ocrx_word' id='word_1_205' title='bbox 1675 2072 1851 2132; x_wconf 89' lang='lat' dir='ltr'>dicere,</span> 
     </span>
     <span class='ocr_line' id='line_1_27' title="bbox 155 2145 1850 2211; baseline 0 -17"><span class='ocrx_word' id='word_1_206' title='bbox 155 2147 404 2196; x_wconf 87' lang='lat' dir='ltr'>adsereret</span> <span class='ocrx_word' id='word_1_207' title='bbox 443 2163 556 2194; x_wconf 90' lang='lat' dir='ltr'>eum</span> <span class='ocrx_word' id='word_1_208' title='bbox 596 2146 657 2194; x_wconf 90' lang='lat' dir='ltr'>ab</span> <span class='ocrx_word' id='word_1_209' title='bbox 696 2145 868 2194; x_wconf 84' lang='lat' dir='ltr'>inferis</span> <span class='ocrx_word' id='word_1_210' title='bbox 908 2147 1145 2194; x_wconf 83' lang='lat' dir='ltr'>extitisse.</span> <span class='ocrx_word' id='word_1_211' title='bbox 1214 2148 1410 2195; x_wconf 86' lang='lat' dir='ltr'>venisse</span> <span class='ocrx_word' id='word_1_212' title='bbox 1441 2162 1558 2211; x_wconf 90' lang='lat' dir='ltr'>ergo</span> <span class='ocrx_word' id='word_1_213' title='bbox 1600 2162 1625 2194; x_wconf 91' lang='lat' dir='ltr'>e</span> <span class='ocrx_word' id='word_1_214' title='bbox 1658 2161 1850 2194; x_wconf 88' lang='lat' dir='ltr'>summo</span> 
     </span>
     <span class='ocr_line' id='line_1_28' title="bbox 154 2219 1851 2283; baseline 0 -15"><span class='ocrx_word' id='word_1_215' title='bbox 154 2221 292 2269; x_wconf 88' lang='lat' dir='ltr'>visus</span> <span class='ocrx_word' id='word_1_216' title='bbox 332 2223 408 2269; x_wconf 91' lang='lat' dir='ltr'>est</span> <span class='ocrx_word' id='word_1_217' title='bbox 446 2222 496 2268; x_wconf 88' lang='lat' dir='ltr'>et</span> <span class='ocrx_word' id='word_1_218' title='bbox 534 2220 722 2269; x_wconf 88' lang='lat' dir='ltr'>talibus</span> <span class='ocrx_word' id='word_1_219' title='bbox 755 2219 918 2268; x_wconf 89' lang='lat' dir='ltr'>verbis</span> <span class='ocrx_word' id='word_1_220' title='bbox 958 2219 1285 2283; x_wconf 89' lang='lat' dir='ltr'>cogitationes</span> <span class='ocrx_word' id='word_1_221' title='bbox 1327 2221 1603 2270; x_wconf 85' lang='lat' dir='ltr'>aestuantis</span> <span class='ocrx_word' id='word_1_222' title='bbox 1642 2220 1715 2267; x_wconf 93' lang='lat' dir='ltr'>fili</span> <span class='ocrx_word' id='word_1_223' title='bbox 1754 2220 1851 2268; x_wconf 88' lang='lat' dir='ltr'>sol-</span> 
     </span>
     <span class='ocr_line' id='line_1_29' title="bbox 154 2293 1851 2357; baseline -0.001 -15"><span class='ocrx_word' id='word_1_224' title='bbox 154 2296 296 2343; x_wconf 85' lang='lat' dir='ltr'>visse.</span> <span class='ocrx_word' id='word_1_225' title='bbox 375 2293 509 2357; x_wconf 87' lang='lat' dir='ltr'>quod</span> <span class='ocrx_word' id='word_1_226' title='bbox 547 2294 607 2342; x_wconf 90' lang='lat' dir='ltr'>de</span> <span class='ocrx_word' id='word_1_227' title='bbox 647 2295 783 2342; x_wconf 92' lang='lat' dir='ltr'>caelo</span> <span class='ocrx_word' id='word_1_228' title='bbox 822 2293 949 2341; x_wconf 80' lang='lat' dir='ltr'>dixit</span> <span class='ocrx_word' id='word_1_229' title='bbox 986 2296 1137 2356; x_wconf 90' lang='lat' dir='ltr'>poeta</span> <span class='ocrx_word' id='word_1_230' title='bbox 1168 2294 1331 2343; x_wconf 83' lang='lat' dir='ltr'>visum</span> <span class='ocrx_word' id='word_1_231' title='bbox 1362 2294 1611 2343; x_wconf 88' lang='lat' dir='ltr'>Anchisen</span> <span class='ocrx_word' id='word_1_232' title='bbox 1642 2294 1851 2353; x_wconf 86' lang='lat' dir='ltr'>venisse,</span> 
     </span>
     <span class='ocr_line' id='line_1_30' title="bbox 154 2367 1850 2431; baseline -0.001 -15"><span class='ocrx_word' id='word_1_233' title='bbox 154 2385 245 2431; x_wconf 90' lang='lat' dir='ltr'>pro</span> <span class='ocrx_word' id='word_1_234' title='bbox 284 2370 459 2417; x_wconf 91' lang='lat' dir='ltr'>nuntio</span> <span class='ocrx_word' id='word_1_235' title='bbox 499 2369 620 2430; x_wconf 83' lang='lat' dir='ltr'>fuit3</span> <span class='ocrx_word' id='word_1_236' title='bbox 659 2368 881 2416; x_wconf 81' lang='lat' dir='ltr'>dicturus</span> <span class='ocrx_word' id='word_1_237' title='bbox 921 2370 995 2417; x_wconf 87' lang='lat' dir='ltr'>est</span> <span class='ocrx_word' id='word_1_238' title='bbox 1034 2369 1166 2416; x_wconf 89' lang='lat' dir='ltr'>enim</span> <span class='ocrx_word' id='word_1_239' title='bbox 1204 2367 1310 2430; x_wconf 88' lang='lat' dir='ltr'>ipse</span> <span class='ocrx_word' id='word_1_240' title='bbox 1339 2368 1579 2417; x_wconf 89' lang='lat' dir='ltr'>Anchises</span> <span class='ocrx_word' id='word_1_241' title='bbox 1611 2369 1850 2431; x_wconf 90' lang='lat' dir='ltr'>„imperio</span> 
     </span>
    </p>
   </div>
   <div class='ocr_carea' id='block_1_3' title="bbox 152 2483 511 2490">
    <p class='ocr_par' dir='ltr' id='par_1_3' title="bbox 152 2483 511 2490">
     <span class='ocr_line' id='line_1_31' title="bbox 152 2483 511 2490; baseline 0 736"><span class='ocrx_word' id='word_1_242' title='bbox 152 2483 511 2490; x_wconf 95' lang='lat' dir='ltr'> </span> 
     </span>
    </p>
   </div>
   <div class='ocr_carea' id='block_1_4' title="bbox 154 2553 1853 3024">
    <p class='ocr_par' dir='ltr' id='par_1_4' title="bbox 154 2553 1852 2730">
     <span class='ocr_line' id='line_1_32' title="bbox 275 2553 1852 2610; baseline 0 -13"><span class='ocrx_word' id='word_1_243' title='bbox 275 2559 301 2597; x_wconf 81' lang='lat'>2</span> <span class='ocrx_word' id='word_1_244' title='bbox 334 2558 534 2598; x_wconf 82' lang='lat' dir='ltr'>metuens</span> <span class='ocrx_word' id='word_1_245' title='bbox 565 2554 652 2597; x_wconf 86' lang='lat' dir='ltr'>LR</span> <span class='ocrx_word' id='word_1_246' title='bbox 683 2558 965 2609; x_wconf 76' lang='lat' dir='ltr'>metuensque</span> <span class='ocrx_word' id='word_1_247' title='bbox 994 2567 1019 2596; x_wconf 84' lang='lat' dir='ltr'>r</span> <span class='ocrx_word' id='word_1_248' title='bbox 1049 2567 1119 2597; x_wconf 84' lang='lat' dir='ltr'>-ve</span> <span class='ocrx_word' id='word_1_249' title='bbox 1150 2553 1221 2597; x_wconf 86' lang='lat' dir='ltr'>ed.</span> <span class='ocrx_word' id='word_1_250' title='bbox 1357 2558 1384 2597; x_wconf 86' lang='lat'>4</span> <span class='ocrx_word' id='word_1_251' title='bbox 1417 2554 1509 2610; x_wconf 80' lang='lat' dir='ltr'>ipsi</span> <span class='ocrx_word' id='word_1_252' title='bbox 1538 2558 1646 2598; x_wconf 83' lang='lat' dir='ltr'>sunt</span> <span class='ocrx_word' id='word_1_253' title='bbox 1675 2553 1852 2597; x_wconf 76' lang='lat' dir='ltr'>vitiosis</span> 
     </span>
     <span class='ocr_line' id='line_1_33' title="bbox 155 2611 1850 2670; baseline 0 -15"><span class='ocrx_word' id='word_1_254' title='bbox 155 2612 244 2656; x_wconf 84' lang='lat' dir='ltr'>LR</span> <span class='ocrx_word' id='word_1_255' title='bbox 275 2613 356 2670; x_wconf 79' lang='lat' dir='ltr'>qui</span> <span class='ocrx_word' id='word_1_256' title='bbox 384 2627 419 2658; x_wconf 90' lang='lat' dir='ltr'>s.</span> <span class='ocrx_word' id='word_1_257' title='bbox 451 2613 651 2669; x_wconf 71' lang='lat' dir='ltr'>infirmis</span> <span class='ocrx_word' id='word_1_258' title='bbox 681 2612 778 2657; x_wconf 86' lang='lat' dir='ltr'>edF</span> <span class='ocrx_word' id='word_1_259' title='bbox 809 2611 885 2669; x_wconf 86' lang='lat' dir='ltr'>(cf.</span> <span class='ocrx_word' id='word_1_260' title='bbox 919 2614 1037 2668; x_wconf 81' lang='lat'><strong>533).</strong></span> <span class='ocrx_word' id='word_1_261' title='bbox 1142 2617 1168 2656; x_wconf 83' lang='lat'>5</span> <span class='ocrx_word' id='word_1_262' title='bbox 1201 2617 1407 2657; x_wconf 84' lang='lat' dir='ltr'>metuunt</span> <span class='ocrx_word' id='word_1_263' title='bbox 1438 2612 1510 2656; x_wconf 90' lang='lat' dir='ltr'>ed.</span> <span class='ocrx_word' id='word_1_264' title='bbox 1621 2616 1672 2655; x_wconf 90' lang='lat'>11</span> <span class='ocrx_word' id='word_1_265' title='bbox 1707 2612 1850 2656; x_wconf 82' lang='lat' dir='ltr'>nomi-</span> 
     </span>
     <span class='ocr_line' id='line_1_34' title="bbox 154 2670 1850 2730; baseline -0.001 -14"><span class='ocrx_word' id='word_1_266' title='bbox 154 2686 269 2716; x_wconf 83' lang='lat' dir='ltr'>num</span> <span class='ocrx_word' id='word_1_267' title='bbox 298 2671 341 2715; x_wconf 88' lang='lat' dir='ltr'><strong>R</strong></span> <span class='ocrx_word' id='word_1_268' title='bbox 372 2686 447 2716; x_wconf 87' lang='lat' dir='ltr'>-ne</span> <span class='ocrx_word' id='word_1_269' title='bbox 476 2687 512 2716; x_wconf 82' lang='lat' dir='ltr'>r.</span> <span class='ocrx_word' id='word_1_270' title='bbox 637 2676 691 2716; x_wconf 83' lang='lat'>15</span> <span class='ocrx_word' id='word_1_271' title='bbox 723 2672 932 2717; x_wconf 82' lang='lat' dir='ltr'>animwm</span> <span class='ocrx_word' id='word_1_272' title='bbox 964 2671 1035 2715; x_wconf 83' lang='lat' dir='ltr'>ed.</span> <span class='ocrx_word' id='word_1_273' title='bbox 1072 2672 1078 2726; x_wconf 89' lang='grc' dir='ltr'>Ι</span> <span class='ocrx_word' id='word_1_274' title='bbox 1116 2670 1359 2716; x_wconf 73' lang='lat' dir='ltr'>deducitur</span> <span class='ocrx_word' id='word_1_275' title='bbox 1389 2671 1438 2715; x_wconf 90' lang='lat' dir='ltr'>L.</span> <span class='ocrx_word' id='word_1_276' title='bbox 1474 2671 1482 2730; x_wconf 88' lang='grc' dir='ltr'>Ι</span> <span class='ocrx_word' id='word_1_277' title='bbox 1518 2671 1719 2715; x_wconf 79' lang='lat' dir='ltr'>subiecta</span> <span class='ocrx_word' id='word_1_278' title='bbox 1750 2670 1850 2714; x_wconf 84' lang='lat' dir='ltr'>LR.</span> 
     </span>
    </p>

    <p class='ocr_par' dir='ltr' id='par_1_5' title="bbox 155 2729 1853 3024">
     <span class='ocr_line' id='line_1_35' title="bbox 249 2729 1852 2789; baseline -0.002 -14"><span class='ocrx_word' id='word_1_279' title='bbox 249 2735 304 2775; x_wconf 86' lang='grc'>16</span> <span class='ocrx_word' id='word_1_280' title='bbox 343 2732 503 2776; x_wconf 82' lang='lat' dir='ltr'>nautis</span> <span class='ocrx_word' id='word_1_281' title='bbox 540 2731 576 2774; x_wconf 95' lang='lat' dir='ltr'>L</span> <span class='ocrx_word' id='word_1_282' title='bbox 616 2732 754 2776; x_wconf 83' lang='lat' dir='ltr'>nauti</span> <span class='ocrx_word' id='word_1_283' title='bbox 790 2730 832 2773; x_wconf 83' lang='lat' dir='ltr'><strong>R</strong></span> <span class='ocrx_word' id='word_1_284' title='bbox 871 2730 1060 2775; x_wconf 85' lang='lat' dir='ltr'>Nautae</span> <span class='ocrx_word' id='word_1_285' title='bbox 1099 2730 1169 2774; x_wconf 87' lang='lat' dir='ltr'>ed.</span> <span class='ocrx_word' id='word_1_286' title='bbox 1325 2735 1378 2774; x_wconf 82' lang='lat'>17</span> <span class='ocrx_word' id='word_1_287' title='bbox 1423 2731 1773 2789; x_wconf 72' lang='lat' dir='ltr'>coyitationibus</span> <span class='ocrx_word' id='word_1_288' title='bbox 1810 2729 1852 2772; x_wconf 90' lang='lat' dir='ltr'><strong>R</strong></span> 
     </span>
     <span class='ocr_line' id='line_1_36' title="bbox 155 2789 1853 2846; baseline 0 -12"><span class='ocrx_word' id='word_1_289' title='bbox 155 2803 259 2835; x_wconf 81' lang='lat' dir='ltr'>-nes</span> <span class='ocrx_word' id='word_1_290' title='bbox 287 2804 324 2834; x_wconf 88' lang='lat' dir='ltr'>r.</span> <span class='ocrx_word' id='word_1_291' title='bbox 353 2798 358 2844; x_wconf 84' lang='grc' dir='ltr'>Ι</span> <span class='ocrx_word' id='word_1_292' title='bbox 384 2791 686 2836; x_wconf 78' lang='lat' dir='ltr'>cmnmalatae</span> <span class='ocrx_word' id='word_1_293' title='bbox 716 2789 752 2833; x_wconf 94' lang='lat' dir='ltr'>L</span> <span class='ocrx_word' id='word_1_294' title='bbox 784 2789 1100 2834; x_wconf 86' lang='lat' dir='ltr'>acunmolatae</span> <span class='ocrx_word' id='word_1_295' title='bbox 1131 2789 1174 2833; x_wconf 89' lang='lat' dir='ltr'><strong>R</strong></span> <span class='ocrx_word' id='word_1_296' title='bbox 1209 2791 1460 2834; x_wconf 86' lang='lat' dir='ltr'>cumolatae</span> <span class='ocrx_word' id='word_1_297' title='bbox 1490 2804 1524 2832; x_wconf 86' lang='lat' dir='ltr'>r.</span> <span class='ocrx_word' id='word_1_298' title='bbox 1553 2791 1560 2846; x_wconf 85' lang='grc' dir='ltr'>Ι</span> <span class='ocrx_word' id='word_1_299' title='bbox 1587 2789 1853 2834; x_wconf 74' lang='lat' dir='ltr'>monitionis</span> 
     </span>
     <span class='ocr_line' id='line_1_37' title="bbox 157 2847 1852 2907; baseline -0.001 -15"><span class='ocrx_word' id='word_1_300' title='bbox 157 2849 230 2893; x_wconf 83' lang='lat' dir='ltr'>ed.</span> <span class='ocrx_word' id='word_1_301' title='bbox 365 2853 420 2893; x_wconf 84' lang='lat'>22</span> <span class='ocrx_word' id='word_1_302' title='bbox 452 2850 724 2907; x_wconf 74' lang='lat' dir='ltr'>sauciusque</span> <span class='ocrx_word' id='word_1_303' title='bbox 755 2847 842 2892; x_wconf 88' lang='lat' dir='ltr'>LR</span> <span class='ocrx_word' id='word_1_304' title='bbox 873 2848 1104 2905; x_wconf 79' lang='lat' dir='ltr'>lassusque</span> <span class='ocrx_word' id='word_1_305' title='bbox 1135 2849 1207 2894; x_wconf 86' lang='lat' dir='ltr'>ed.</span> <span class='ocrx_word' id='word_1_306' title='bbox 1345 2853 1401 2892; x_wconf 81' lang='lat'>26</span> <span class='ocrx_word' id='word_1_307' title='bbox 1433 2849 1635 2892; x_wconf 77' lang='lat' dir='ltr'>extitisse</span> <span class='ocrx_word' id='word_1_308' title='bbox 1664 2847 1752 2891; x_wconf 87' lang='lat' dir='ltr'>LR</span> <span class='ocrx_word' id='word_1_309' title='bbox 1781 2861 1852 2892; x_wconf 83' lang='lat' dir='ltr'>ve-</span> 
     </span>
     <span class='ocr_line' id='line_1_38' title="bbox 157 2906 1852 2953; baseline -0.001 0"><span class='ocrx_word' id='word_1_310' title='bbox 157 2908 279 2953; x_wconf 80' lang='lat' dir='ltr'>nisse</span> <span class='ocrx_word' id='word_1_311' title='bbox 310 2908 381 2953; x_wconf 84' lang='lat' dir='ltr'>ed.</span> <span class='ocrx_word' id='word_1_312' title='bbox 491 2913 546 2952; x_wconf 79' lang='lat'>27</span> <span class='ocrx_word' id='word_1_313' title='bbox 579 2923 635 2953; x_wconf 78' lang='lat' dir='ltr'>ex</span> <span class='ocrx_word' id='word_1_314' title='bbox 665 2908 836 2953; x_wconf 81' lang='lat' dir='ltr'>talibus</span> <span class='ocrx_word' id='word_1_315' title='bbox 866 2907 908 2951; x_wconf 81' lang='lat' dir='ltr'><strong>R</strong></span> <span class='ocrx_word' id='word_1_316' title='bbox 939 2913 981 2952; x_wconf 86' lang='lat' dir='ltr'>et</span> <span class='ocrx_word' id='word_1_317' title='bbox 1011 2913 1040 2952; x_wconf 82' lang='lat' dir='ltr'>t.</span> <span class='ocrx_word' id='word_1_318' title='bbox 1072 2922 1108 2952; x_wconf 84' lang='lat' dir='ltr'>r.</span> <span class='ocrx_word' id='word_1_319' title='bbox 1218 2912 1274 2952; x_wconf 80' lang='lat'>29</span> <span class='ocrx_word' id='word_1_320' title='bbox 1306 2908 1526 2952; x_wconf 80' lang='lat' dir='ltr'>Anchises</span> <span class='ocrx_word' id='word_1_321' title='bbox 1555 2906 1642 2950; x_wconf 88' lang='lat' dir='ltr'>LR</span> <span class='ocrx_word' id='word_1_322' title='bbox 1674 2907 1732 2951; x_wconf 87' lang='lat' dir='ltr'>A.</span> <span class='ocrx_word' id='word_1_323' title='bbox 1756 2906 1852 2952; x_wconf 78' lang='lat' dir='ltr'>dic-</span> 
     </span>
     <span class='ocr_line' id='line_1_39' title="bbox 159 2966 1612 3024; baseline 0 -14"><span class='ocrx_word' id='word_1_324' title='bbox 159 2972 292 3012; x_wconf 81' lang='lat' dir='ltr'>turus</span> <span class='ocrx_word' id='word_1_325' title='bbox 320 2969 514 3024; x_wconf 84' lang='lat' dir='ltr'>propter</span> <span class='ocrx_word' id='word_1_326' title='bbox 542 2967 714 3012; x_wconf 83' lang='lat' dir='ltr'>falsam</span> <span class='ocrx_word' id='word_1_327' title='bbox 746 2966 1126 3012; x_wconf 82' lang='lat' dir='ltr'>antecedentium</span> <span class='ocrx_word' id='word_1_328' title='bbox 1159 2966 1509 3011; x_wconf 80' lang='lat' dir='ltr'>distinctionem</span> <span class='ocrx_word' id='word_1_329' title='bbox 1540 2966 1612 3010; x_wconf 92' lang='lat' dir='ltr'>ed.</span> 
     </span>
    </p>
   </div>
  </div>
 </body>
</html>
