2014 3226
139 130 209 179 90
604 125 833 169 DONATI
865 125 1144 168 INTERPR.
1179 124 1216 166 V
1222 124 1357 169 ERG.

138 270 279 315 mella
326 270 506 326 stipant
555 270 595 313 et
641 267 771 312 dulc-i
817 265 1096 312 diste-ndum
1140 268 1331 312 nectare
1370 266 1513 312 cellas
1554 269 1640 311 (cut
1677 279 1823 312 onera

50 345 395 402 435accipe'mzt
432 342 703 387 =zwnefvs22tunz
745 342 830 386 emt
868 340 1059 397 (tymme
1096 340 1222 397 facto
1253 341 1483 397 iqozcwzmz
1516 342 1652 398 fucos
1675 353 1827 398 pecus

138 433 166 463 a
201 416 518 475 praesepibus
558 416 734 468 arcent,
773 414 923 471 fervet
963 427 1106 470 opus:
1146 413 1358 460 inmittit
1399 429 1549 473 apum
1589 428 1824 473 conpara-

139 493 337 549 tionem⁷
363 488 494 549 quod
519 502 669 549 genus
705 486 933 533 animalis
966 502 1237 547 numquam
1270 503 1298 533 a
1331 486 1582 534 laboribus
1614 501 1827 534 vacuum

139 567 187 610 et
232 566 281 609 in
335 563 547 623 plurimo
596 576 801 607 numero
848 554 1175 607 Constitutum
1217 563 1289 607 est
1328 562 1553 606 unanimi
1592 560 1826 607 societate
1874 577 1893 608 5

138 637 434 685 concordans
478 635 704 695 quodque
743 634 926 681 habeat
965 634 1328 695 providentiam
1370 637 1419 681 et
1457 634 1708 694 partiendi
1754 634 1823 681 la-

136 712 267 758 boris
308 710 584 756 naturalem
616 708 928 768 industriam,
960 708 1267 768 usqueadeo
1302 711 1537 767 astutum,
1570 710 1627 754 ut
1658 708 1823 755 fucum

136 786 289 845 pellat
331 800 359 830 a
397 783 592 830 sedibus
627 783 742 842 suis,
776 782 908 843 quod
941 798 1092 844 genus
1127 783 1356 829 animalis
1389 798 1487 828 non
1520 784 1719 828 tantum
1752 784 1827 829 est

136 860 265 905 iners
293 860 340 904 et
365 856 676 916 desidiosum,
694 872 866 903 verum
891 857 1040 903 etiam
1068 856 1229 902 aliena
1255 856 1377 903 bene
1399 858 1545 917 parta
1567 856 1824 903 consumit.

137 947 260 992 quae
295 947 404 977 cum
436 930 627 978 videret
658 930 866 989 Aeneas,
899 946 997 976 non
1029 930 1210 977 invidit
1242 930 1433 977 alienae
1464 929 1711 990 felicitati,
1744 929 1827 978 sed
1852 947 1894 978 10

136 1007 259 1052 hanc
300 1006 586 1066 prosecutus
628 1006 702 1050 est
740 1004 900 1063 laude,
943 1020 1092 1064 quam
1133 1004 1334 1067 collegit
1375 1020 1430 1050 ex
1472 1004 1824 1064 conparatione

137 1080 364 1126 fortunae
406 1093 522 1126 suae
563 1078 729 1125 dicens
770 1093 796 1125 o
836 1079 1089 1136 foqtunati,
1129 1093 1334 1136 quorum
1366 1080 1467 1125 iam
1498 1079 1687 1124 moenia
1719 1092 1826 1124 sur-

132 1157 271 1213 ymzz‘
319 1153 410 1200 hoc
458 1154 532 1200 est
578 1151 738 1199 dicere
786 1151 983 1213 quando
1033 1154 1082 1199 et
1129 1167 1218 1214 ego
1261 1152 1323 1200 ad
1362 1153 1490 1199 hanc
1530 1152 1822 1199 felicitatem

48 1224 467 1287 4401)erven1am‘>
536 1227 686 1286 infert
722 1241 772 1272 se
810 1229 1006 1285 saeptus
1043 1227 1220 1274 nebula
1261 1226 1507 1285 (mirabile
1546 1225 1699 1285 dictu)
1731 1241 1826 1285 per

133 1301 314 1348 medios
351 1302 604 1359 miscetque
642 1302 764 1347 viris
801 1315 952 1359 neque
991 1302 1204 1347 cernitur
1252 1300 1364 1347 ulli.-
1417 1302 1615 1346 tantum
1661 1300 1827 1346 valuit
1849 1317 1892 1350 15

134 1375 349 1435 provisio
405 1373 599 1433 matris⁷
654 1375 710 1420 ut
764 1375 1055 1422 misceretur
1100 1374 1293 1421 Aeneas
1349 1373 1575 1421 omnibus
1630 1373 1821 1420 Achate

135 1450 281 1507 socio⁷
313 1448 503 1496 videret
536 1449 694 1495 omnis
729 1450 778 1495 et
809 1447 870 1494 ab
905 1448 1130 1495 omnibus
1163 1464 1262 1495 non
1294 1447 1557 1496 videretur.
1607 1463 1656 1495 se
1691 1447 1825 1508 quod

136 1524 220 1581 ait,
259 1522 334 1570 bis
376 1522 715 1583 accipiendum
756 1524 851 1570 est:
890 1523 1043 1569 infert
1082 1537 1132 1569 se
1175 1524 1225 1570 et
1263 1522 1526 1583 permiscet
1566 1537 1630 1570 se.

245 1596 414 1643 Lucus
463 1598 516 1644 in
565 1597 683 1643 urbe
733 1597 830 1655 fluit
877 1597 1038 1643 media
1092 1597 1386 1644 laetissimus
1438 1597 1638 1642 umbra:
1699 1595 1825 1642 nihil

134 1671 340 1718 interest
386 1687 448 1716 an
494 1671 633 1718 lucus
680 1669 845 1717 media
890 1671 942 1716 111
989 1670 1107 1717 urbe
1156 1671 1308 1718 fuerit
1354 1686 1416 1717 an
1460 1670 1634 1716 umbra
1673 1669 1826 1717 fuerit
1849 1687 1892 1719 20

134 1743 295 1791 media
354 1745 408 1790 in
461 1744 586 1791 luco.
678 1757 770 1803 quo
822 1745 1044 1803 primum
1107 1746 1272 1792 iactati
1331 1745 1479 1792 undis
1542 1747 1584 1790 et
1636 1744 1826 1791 turbine

134 1818 282 1865 Poeni
330 1818 531 1876 effodere
576 1818 674 1866 loco
721 1819 935 1878 signum,
982 1819 1108 1878 quod
1155 1820 1290 1877 reyz‘a
1335 1819 1465 1865 Iuno
1512 1821 1823 1873 monstrarat,

45 1897 132 1936 445
150 1895 295 1950 caput
339 1893 467 1938 aeris
515 1893 644 1951 equi:
697 1893 766 1940 sie
809 1906 930 1939 nam
967 1894 1072 1951 fore
1111 1893 1228 1939 bello
1273 1894 1511 1952 effleyiam
1552 1895 1595 1939 et
1630 1893 1825 1951 facilem

135 1967 261 2012 ‘rictu
295 1979 389 2024 per
424 1966 621 2013 saecula
655 1969 864 2026 yentem:
919 1967 1054 2014 omni
1094 1966 1348 2015 occasione
1388 1966 1641 2029 Vergilius
1682 1965 1825 2014 docet

137 2038 547 2099 quemadmodum
585 2039 755 2086 futura
793 2042 1073 2088 noscantur.
1142 2056 1293 2101 supra
1333 2041 1516 2102 quippe
1557 2054 1823 2101 cycnorum
1848 2057 1890 2090 25

134 2114 304 2172 posuit
334 2113 624 2174 exemplum,
657 2114 737 2160 hic
769 2113 954 2162 adserit
985 2113 1173 2162 Poenos
1207 2114 1397 2162 delatos
1429 2113 1480 2161 vi
1511 2113 1823 2175 tempestatis

135 2188 185 2231 et
223 2185 420 2234 turbine
458 2188 512 2234 in
550 2202 606 2234 eo
646 2187 752 2235 loco
802 2187 864 2234 ad
911 2203 1057 2249 quem
1103 2189 1265 2250 primo
1311 2189 1664 2249 pervenerant,
1712 2203 1824 2235 cum

136 2259 458 2307 fundamenta
482 2259 765 2320 effoderent,
790 2263 906 2322 equi
938 2264 1090 2323 caput
1119 2263 1382 2323 invenisse,
1406 2263 1460 2309 in
1492 2263 1633 2309 cuius
1662 2262 1823 2309 forma

134 2333 320 2380 luceret
367 2334 607 2394 quaedam
655 2335 908 2398 signorum
954 2336 1030 2383 vis
1079 2351 1204 2397 quae
1248 2350 1359 2383 acre
1399 2336 1584 2383 animal
1623 2335 1822 2382 demon·
1935 2380 1970 2395 γ,

134 2408 328 2454 straret.
403 2408 751 2468 interpretatio
790 2409 919 2471 signi
958 2409 1075 2457 talis
1115 2411 1361 2470 extiterat,
1403 2409 1536 2471 quod
1573 2409 1663 2456 illa
1701 2416 1820 2473 gens
1845 2427 1902 2460 ao.

134 2479 304 2528 futura
358 2483 487 2528 esset
539 2482 591 2527 in
646 2482 997 2530 certaminibus
1053 2483 1245 2531 bellicis
1295 2483 1439 2532 fortis
1493 2485 1542 2531 et
1589 2482 1821 2532 subsidiis
1953 2478 1958 2485 ’

253 2639 277 2678 2
311 2636 585 2680 venientium
617 2635 715 2679 LR.
863 2642 890 2680 4
922 2639 1105 2683 animas
1135 2639 1222 2682 LR
1253 2639 1527 2683 animalium
1558 2638 1592 2680 L
1624 2637 1667 2680 II
1696 2652 1818 2682 man.

133 2695 351 2739 animalis
382 2695 454 2739 ed.
488 2696 559 2750 (ut
588 2693 712 2739 infra
743 2695 858 2752 LR).
906 2699 913 2753 Ι
962 2711 1157 2741 vacuum
1189 2698 1276 2741 LR
1305 2702 1371 2742 est
1399 2711 1438 2742 v.
1473 2697 1542 2741 ed.
1669 2701 1723 2741 10
1753 2699 1831 2741 ‘1:22'

132 2753 322 2797 clerit—
340 2754 515 2799 invidet
544 2753 615 2797 ed.
777 2759 829 2798 11
863 2757 982 2800 hanc
1013 2756 1099 2799 LR
1128 2757 1214 2801 hac
1245 2757 1315 2800 ed.
1472 2761 1524 2799 13
1557 2757 1703 2801 dicere
1735 2756 1820 2799 LR

132 2812 299 2856 scilicet
330 2812 401 2857 ed.
511 2815 564 2856 17
597 2812 766 2858 videret
797 2814 883 2857 LR
914 2820 964 2858 ut
994 2829 1033 2859 υ.
1068 2816 1138 2860 ed.
1169 2818 1175 2872 Ι
1210 2821 1252 2860 et
1282 2817 1339 2859 ab
1371 2816 1579 2860 omn-ibus
1607 2829 1702 2859 ‘non
1733 2815 1820 2858 LR
1846 2840 1853 2847 ·

133 2875 175 2914 et
205 2884 235 2914 a
264 2872 442 2916 nemine
473 2871 544 2916 ed.
595 2874 600 2926 Ι
657 2884 703 2916 se
734 2886 820 2916 om.
847 2873 918 2916 ed.
1094 2880 1147 2918 21
1181 2875 1332 2919 media
1362 2874 1450 2917 LR
1479 2875 1624 2919 nwdio
1656 2874 1726 2917 ed.

133 2933 190 2971 23
219 2930 403 2987 ciynum
433 2943 517 2987 pro
548 2931 613 2974 sic
643 2944 752 2975 ‘nam
786 2931 882 2976 LR.
1007 2937 1062 2976 28
1094 2934 1347 2988 effoderunt
1377 2933 1448 2977 ed.
