2014 3226
170 163 307 205 XLIV
838 155 1175 199 PRAEFATIO

169 304 242 348 est
284 300 412 362 quod
454 299 510 346 de
551 297 853 360 integrandis
895 296 1187 357 quibusdam
1220 295 1468 341 lemmatis
1501 293 1563 340 ad
1600 297 1644 353 1,
1671 294 1737 340 25
1773 310 1851 340 ex-

171 376 325 436 posui.
403 375 599 420 omnino
641 386 1004 432 supervacanea
1044 372 1157 416 sunt
1198 384 1256 416 ea
1294 369 1529 415 lemmata
1570 383 1696 428 quae
1736 370 1851 428 post

172 449 629 508 interpretationem
676 448 788 491 ante
833 445 1089 504 sequentia
1128 444 1421 503 repetuntur
1459 443 1516 487 ut
1559 442 1605 500 3,
1640 442 1759 489 628.
1803 443 1851 498 4,

174 524 289 568 170.
336 523 379 579 7,
407 522 525 566 441.
572 521 652 578 10,
682 520 797 565 783.
845 519 925 577 12,
953 519 1078 564 374:
1137 516 1239 576 sed,
1283 515 1398 576 quia
1438 515 1715 562 intellectui
1753 531 1851 562 non

170 595 368 652 obsunt,
416 594 538 640 nihil
586 592 664 639 hic
712 591 1003 638 mutandum
1052 591 1238 651 putavi.
1316 591 1417 635 iam
1463 604 1580 636 vero
1621 589 1664 636 si
1703 604 1848 649 quae-

170 670 295 715 ritur
334 667 574 728 quomodo
615 667 706 712 hae
748 665 1063 712 difficultates
1103 665 1156 710 in
1194 664 1442 710 lemmatis
1490 662 1849 710 constituendis

169 745 303 788 ortae
344 743 455 801 sint,
498 741 628 786 viam
668 739 791 786 mihi
829 738 999 785 videor
1038 739 1283 784 invenisse
1333 753 1429 797 qua
1475 736 1560 782 lux
1601 736 1848 784 afferatur.

168 831 279 861 nam
328 814 541 861 defectus
588 814 640 860 in
672 813 915 859 Vaticano
964 811 1184 872 quidem,
1231 813 1282 858 in
1329 825 1424 871 quo
1465 810 1699 857 lemmata
1737 812 1851 871 post

167 889 622 948 interpretationem
670 886 854 933 inserta
902 901 1003 932 esse
1051 900 1201 946 supra
1248 884 1482 946 diximus,
1525 883 1639 931 inde
1679 884 1850 932 multis

168 962 285 1008 locis
326 962 559 1022 explicari
596 963 762 1022 potest
802 959 932 1020 quod
972 960 1190 1020 spatium
1229 958 1503 1006 necessario
1543 958 1740 1006 brevius
1776 974 1849 1005 re-

166 1035 340 1082 lictum
380 1038 498 1082 erat.
569 1036 622 1081 at
660 1036 712 1081 in
743 1033 1134 1080 Laurentianum
1175 1034 1224 1079 et
1256 1033 1583 1094 Reginensem
1621 1032 1714 1079 hoc
1752 1047 1851 1078 non

167 1110 413 1167 convenit,
462 1123 572 1155 cum
617 1108 794 1155 horum
842 1107 1030 1153 librarii
1078 1107 1314 1154 lemmata
1356 1105 1849 1167 interpretationibus

166 1197 262 1229 una
311 1183 575 1243 scriptione
624 1181 1018 1229 continuaverint
1110 1182 1162 1227 in
1201 1180 1277 1228 his
1319 1195 1434 1243 ergo
1475 1182 1564 1227 aut
1605 1195 1729 1241 quae
1770 1179 1849 1227 de-

166 1255 336 1302 ficiunt
381 1255 693 1318 neglegentia
739 1257 919 1303 omissa
975 1269 1077 1301 esse
1133 1257 1240 1314 aut,
1298 1255 1534 1315 quoniam
1588 1253 1851 1302 omittendi

166 1330 341 1376 vitium
381 1331 433 1376 in
471 1329 964 1390 interpretationibus
1003 1343 1205 1389 perraro
1246 1327 1649 1389 deprehenditur,
1699 1327 1848 1374 aliam

167 1402 361 1450 subesse
402 1418 598 1450 causam
638 1417 832 1450 necesse
872 1405 958 1450 est.
1024 1401 1142 1463 quid
1174 1400 1324 1465 ergo?
1363 1403 1465 1449 iam
1496 1401 1549 1448 in
1581 1402 1849 1463 archetypo

101 1513 106 1518 .
166 1477 323 1524 multa
369 1476 603 1524 lemmata
650 1480 738 1524 aut
785 1477 967 1524 omissa
1014 1478 1102 1523 aut
1147 1476 1418 1537 semiplena
1461 1475 1614 1524 fuisse
1654 1475 1849 1523 creden-

167 1549 281 1596 dum
322 1552 396 1598 est
434 1553 482 1597 et
520 1551 640 1598 haec
678 1550 960 1598 defectuum
1004 1549 1266 1611 explicatio
1315 1551 1467 1596 etiam
1513 1551 1566 1596 in
1606 1549 1850 1597 Vaticano

165 1625 348 1684 passim
395 1624 715 1672 admittenda.
792 1627 940 1686 atque
987 1623 1315 1671 Laurentiani
1360 1623 1559 1685 quidem
1604 1624 1656 1670 in
1707 1626 1850 1685 parte

165 1698 326 1758 priore
380 1697 778 1759 compendiorum
829 1698 883 1745 in
935 1698 1184 1746 lemmatis
1235 1714 1334 1746 non
1381 1697 1559 1746 desunt
1605 1698 1851 1759 exempla:

166 1786 279 1817 nam
323 1773 368 1830 1,
402 1772 468 1818 33
510 1787 597 1833 pro
637 1772 939 1832 „Romanam
980 1771 1187 1819 condere
1227 1770 1452 1835 gentem“
1494 1773 1732 1834 scriptum
1777 1774 1851 1820 est

167 1841 314 1904 „r—o'c
345 1842 428 1907 ξιξ
485 1847 530 1905 1,
564 1846 630 1892 66
680 1846 794 1905 „fe
824 1844 882 1893 t“
930 1861 1019 1907 pro
1067 1845 1280 1906 „fluctus
1328 1848 1376 1892 et
1421 1843 1648 1906 tollere“,
1700 1847 1746 1905 1,
1781 1846 1846 1892 75

168 1918 334 1979 „prole
364 1917 426 1979 p“
458 1934 546 1980 pro
579 1919 744 1980 „prole
783 1918 1073 1980 parentum“
1107 1919 1304 1981 aliaque
1343 1919 1529 1967 similia
1573 1922 1618 1979 1,
1645 1921 1728 1966 91.
1765 1919 1848 1966 95.

171 1992 289 2038 105.
335 1993 450 2039 107.
496 1995 614 2039 111.
655 1993 776 2055 208,
811 2009 935 2054 quae
968 1993 1240 2041 describere
1270 1993 1477 2056 longum
1509 1994 1596 2041 est.
1660 1993 1851 2041 accedit

167 2063 298 2125 quod
342 2064 471 2112 idem
517 2065 750 2114 librarius
799 2070 846 2127 1,
879 2067 943 2114 81
998 2069 1112 2128 post
1157 2067 1307 2127 „haec
1352 2067 1439 2114 ubi
1485 2065 1648 2115 dicta“
1696 2066 1850 2114 adicit

167 2140 248 2198 „et
285 2140 449 2185 cetera
489 2154 614 2200 quae
653 2139 969 2201 sequuntur“,
1005 2143 1050 2202 1,
1078 2142 1196 2189 100.
1234 2141 1351 2188 118.
1390 2142 1507 2188 191.
1544 2142 1647 2188 207
1683 2142 1850 2188 autem

169 2210 377 2273 abrupto
416 2212 639 2260 lemmati
676 2213 827 2261 verba
866 2217 1084 2262 extrema
1123 2230 1233 2262 cum
1265 2213 1477 2276 „usque“
1511 2213 1664 2262 addit.
1727 2215 1848 2263 haec

167 2284 275 2344 ille,
323 2287 408 2346 qui
455 2302 511 2333 ex
558 2288 793 2347 quattuor
839 2303 949 2335 cum
997 2287 1176 2349 quibus
1217 2303 1295 2337 res
1334 2288 1475 2336 nobis
1517 2290 1591 2336 est
1629 2287 1847 2336 librariis

167 2357 311 2420 longe
358 2357 762 2421 diligentissimus
806 2363 1074 2423 reperitur,
1118 2361 1341 2423 profecto
1380 2378 1479 2410 non
1518 2376 1665 2411 ausus
1705 2364 1849 2423 esset,

167 2432 264 2478 nisi
301 2432 353 2478 in
393 2433 659 2495 archetypo
698 2435 805 2495 ipso
852 2437 1158 2484 occasionem
1202 2435 1494 2496 invenisset,
1539 2435 1688 2496 idque
1733 2434 1848 2484 inde

168 2504 484 2553 confirmatur
529 2507 661 2568 quod
707 2508 931 2557 omnibus
976 2508 1053 2557 his
1099 2509 1219 2558 locis
1258 2509 1302 2556 R
1340 2509 1510 2558 eadem
1557 2509 1848 2571 compendia

168 2577 330 2626 habet.
406 2578 574 2627 eadem
611 2596 758 2642 porro
798 2582 880 2630 via
917 2582 1248 2645 regredientes
1289 2583 1353 2630 ad
1391 2583 1647 2631 Donatum
1684 2584 1848 2644 ipsum

169 2649 474 2713 devenimus,
527 2668 673 2714 quem
726 2670 786 2701 ne
842 2655 950 2716 quis
1003 2655 1130 2704 forte
1177 2656 1318 2705 nulla
1365 2658 1564 2705 omnino
1611 2657 1848 2704 lemmata

169 2724 419 2786 scripsisse
465 2727 740 2789 suspicetur
786 2729 864 2775 vel
910 2728 963 2776 id
1009 2729 1174 2777 obstat
1221 2729 1353 2792 quod
1394 2745 1453 2778 ea
1491 2745 1636 2792 saepe
1675 2729 1847 2777 verbo-

168 2812 278 2845 rum
315 2800 563 2847 structura
602 2815 712 2847 cum
750 2799 1158 2863 interpretatione
1189 2818 1279 2851 sua
1310 2802 1528 2851 contexit
1558 2803 1619 2851 cf.
1651 2806 1698 2863 1,
1724 2804 1876 2851 32ss

170 2872 219 2931 4,
253 2871 372 2919 268.
420 2873 466 2934 5,
500 2874 621 2921 854,
671 2876 716 2934 7,
751 2874 834 2921 68.
883 2875 931 2935 8,
967 2875 1085 2922 166.
1136 2879 1218 2940 11,
1252 2877 1355 2924 615
1405 2891 1560 2938 eaque
1599 2875 1658 2924 de
1697 2891 1846 2924 causa

170 2944 436 3005 aliquando
476 2948 563 2994 aut
600 2947 859 3008 paululum
897 2951 1061 2997 mutat
1083 2950 1159 3017 ‚⁰f·
1199 2951 1246 3012 3,
1281 2951 1364 2999 99.
1404 2951 1454 3011 4,
1486 2951 1608 2998 301.
1651 2951 1698 3011 9,
1724 2951 1846 2998 278.
