2014 3226
210 196 318 248 322
680 193 911 237 DONATI
941 191 1220 235 INTERPR.
1254 191 1432 235 VERG.

210 338 258 383 vi
289 339 471 395 pontus
512 339 553 382 et
590 334 739 381 iendis
769 334 1063 392 Hesperiam
1093 331 1254 381 Siculo
1295 333 1423 380 latus
1456 332 1659 380 abscidit
1690 347 1906 392 arvaque

213 414 254 457 et
276 411 417 456 ‘artes
443 410 578 455 litore
603 408 826 455 diductas
852 410 1056 466 cmmzsto
1080 407 1299 459 interluit
1321 408 1480 453 aesta:
1521 405 1902 468 descriptionem

210 485 367 545 partis
415 483 562 528 huius
611 483 760 542 poeta
809 496 919 526 cum
959 480 1093 527 omni
1133 481 1326 527 cautela
1365 479 1697 541 prosequitur.
1777 480 1905 527 dixit
2000 485 2005 508 ¹

212 558 342 604 enim
375 572 478 603 sese
508 556 762 616 opiniones
794 556 1018 601 veterum
1050 555 1204 615 sequi,
1238 555 1321 614 qui
1354 569 1505 600 unam
1537 554 1691 602 fuisse
1722 554 1902 601 Italiae

212 633 360 691 atque
388 629 587 676 Siciliae
612 631 796 675 terram
826 627 1131 683 confirmant,
1157 627 1241 675 sed
1272 627 1631 675 interveniente
1662 627 1901 676 violentia
1928 645 1948 675 5
1994 680 1997 691 ⁴

208 704 389 765 pelagi,
432 703 642 765 angusto
683 703 799 748 licet
839 702 981 762 freto,
1023 717 1126 749 esse
1167 701 1390 762 divisam,
1437 704 1494 748 ut
1532 703 1664 748 inter
1700 701 1900 749 Italiam

210 780 258 824 et
286 777 508 824 Siciliam
533 778 660 823 esset
684 775 901 822 medium
924 791 1074 823 mare.
1125 778 1172 822 et
1206 777 1323 836 quia
1346 776 1438 822 hoc
1463 775 1714 837 Vergilius
1739 776 1902 823 noluit

210 867 312 899 esse
339 851 636 908 fabulosum,
656 849 848 896 addidit
873 852 1233 912 argumentum,
1251 852 1307 896 ut
1332 849 1465 910 quod
1490 850 1677 896 incerto
1704 852 1902 897 auctore

210 924 460 972 ferebatur
499 924 578 971 vel
618 939 791 970 verum
829 924 909 971 vel
948 923 1196 971 versimile
1236 923 1397 984 fieret3
1438 924 1511 970 ait
1543 923 1674 970 enim
1705 925 1902 971 tantum

210 1000 321 1045 aevi
361 998 632 1060 longinqua
671 998 807 1044 valet
845 1000 1038 1045 mutare
1070 999 1306 1045 vetustas.
1366 998 1642 1062 multorum,
1670 998 1800 1044 enim
1831 997 1901 1045 10-
1929 1015 1972 1047 ιο

210 1088 378 1120 corum
426 1074 549 1119 situs
598 1075 647 1118 et
692 1072 843 1119 facies
891 1071 1154 1133 longorum
1190 1073 1471 1132 temporum
1510 1073 1758 1120 vetustate
1796 1088 1901 1118 mu-

207 1149 380 1193 tantur
404 1149 454 1193 et
478 1146 733 1193 recedente
758 1148 940 1193 natura
963 1146 1016 1191 in
1041 1146 1165 1193 alias
1189 1146 1374 1192 formas
1398 1147 1599 1206 repente
1625 1147 1901 1193 vertuntur.

210 1220 335 1267 dixit
376 1235 575 1267 causam
616 1235 810 1280 quoque
848 1219 1038 1281 pelagi,
1077 1223 1134 1266 ut
1170 1222 1333 1267 terrae
1373 1219 1652 1267 naturalem
1692 1221 1902 1280 speciem

206 1310 359 1340 unam
409 1296 557 1340 antea
605 1293 852 1355 posterius
909 1293 1133 1341 diviserit
1186 1293 1239 1340 in
1293 1293 1415 1340 duas
1469 1293 1640 1354 partis.
1725 1293 1903 1355 incipit

207 1367 367 1414 dicere
409 1383 495 1414 cur
532 1368 692 1430 magis
731 1366 944 1414 tenenda
985 1367 1050 1414 sit
1088 1367 1246 1427 laeva,
1287 1382 1372 1414 cur
1411 1367 1614 1414 dextera
1651 1367 1900 1429 fugienda.
1928 1385 1971 1418 15

207 1441 292 1489 sed
330 1441 411 1488 hic
451 1441 807 1489 advertendum
847 1444 922 1488 est
961 1440 1276 1488 tendentibus
1317 1441 1382 1488 ad
1418 1441 1622 1488 Italiam
1665 1440 1764 1488 dici
1801 1441 1900 1488 lae·
1991 1470 1994 1503 j

207 1532 323 1562 vum
371 1515 503 1563 latus
560 1518 608 1562 et
664 1515 941 1576 dexterum3
1005 1517 1222 1563 ceterum
1270 1514 1591 1563 redeuntibus
1646 1517 1902 1562 sinistrum

205 1589 262 1637 fit
311 1589 442 1650 quod
487 1590 652 1636 fuerat
699 1589 976 1636 dexterum:
1037 1589 1130 1636 hoc
1175 1590 1251 1636 ita
1297 1604 1400 1637 esse
1447 1589 1686 1650 probatur
1740 1605 1797 1636 ex
1845 1605 1901 1636 eo

207 1663 324 1725 quia
350 1700 845 1712 ..............
885 1663 1012 1710 vitia
1049 1663 1229 1725 incipit
1265 1664 1449 1710 referre
1488 1663 1658 1710 lateris
1698 1663 1901 1724 dexteri,
1982 1685 1991 1715 ς

208 1737 398 1785 sinistri
445 1738 618 1798 etiam,
666 1738 750 1784 sed
799 1739 934 1784 facta
982 1738 1334 1798 conparatione
1382 1737 1490 1784 vult
1534 1738 1717 1784 referre
1769 1737 1902 1798 quod
1925 1740 1994 1802 20}

118 1814 205 1854 420
223 1811 354 1860 latus
393 1811 626 1859 videatur
664 1826 767 1859 esse
807 1810 1068 1859 dexterius.
1147 1811 1382 1867 demtram,
1421 1812 1508 1871 ait,
1545 1809 1710 1871 Scylla
1756 1812 1899 1866 latus,
1981 1812 1988 1828 ¹

206 1885 398 1933 laevum
443 1886 694 1945 implacata
739 1884 1013 1946 Charybdis
1051 1885 1255 1933 obsidet:
1309 1886 1442 1933 latus
1490 1887 1540 1933 et
1586 1884 1778 1933 obsidet
1823 1885 1899 1933 bis
1979 1895 1988 1959 g

207 1957 549 2020 accipiendum
589 1962 662 2006 est
700 1959 793 2006 hoc
831 1959 1001 2007 modo:
1048 1959 1272 2007 dextrum
1313 1958 1483 2020 Scylla
1520 1959 1653 2006 latus
1693 1959 1903 2020 obsidet,

205 2032 403 2080 laevum
450 2033 586 2080 latus
637 2031 911 2095 Charybdis
959 2033 1163 2082 obsidet.
1243 2032 1463 2094 Scyllam
1509 2034 1671 2094 primo
1716 2035 1901 2094 posuit,

207 2105 382 2153 deinde
424 2105 747 2168 Charybdim,
786 2123 981 2168 verum,
1027 2123 1088 2154 ne
1128 2107 1352 2154 hiantem
1391 2108 1577 2155 faceret
1616 2107 1898 2167 dictionem,
1922 2122 1974 2162 ρι’

206 2195 305 2227 11011
352 2180 502 2227 rediit
550 2180 613 2227 ad
655 2179 895 2243 Scyllam,
941 2183 1000 2228 ut
1045 2181 1207 2243 ipsam
1245 2182 1406 2242 primo
1447 2180 1766 2244 describeret,
1814 2181 1899 2230 sed

207 2256 405 2302 secutus
453 2256 528 2301 est
577 2253 849 2316 Charybdis
897 2254 1371 2303 demonstrationem
1418 2257 1467 2302 et
1514 2256 1584 2302 sic
1633 2255 1782 2303 rediit
1835 2254 1900 2302 ad
1979 2266 1981 2272 ’

210 2326 442 2388 Scyllam.
520 2327 700 2375 vitium
740 2344 856 2392 ergo
899 2327 1173 2391 Charybdis
1213 2329 1312 2376 fuit
1348 2329 1475 2377 tale:
1535 2330 1630 2376 imo
1679 2329 1899 2398 barathri
1951 2322 1980 2355 Ψ

328 2472 351 2509 2
386 2468 578 2511 deducta
609 2468 707 2511 LR.
832 2474 860 2512 4
892 2483 981 2514 0330
1014 2469 1097 2512 LR
1129 2469 1200 2513 ed.
1231 2483 1277 2514 se
1307 2483 1330 2511 1·
1359 2483 1450 2514 sese
1479 2483 1577 2513 nos.
1614 2469 1620 2525 Ι
1661 2471 1790 2525 sequi
1818 2470 1902 2525 qui
1932 2481 1942 2527 J

207 2539 294 2569 om.
322 2525 392 2569 ed.
524 2531 549 2570 5
581 2528 807 2572 sicitaliae
838 2528 925 2571 LR
955 2529 1131 2572 siciliae
1161 2543 1196 2571 r.
1241 2530 1247 2585 Ι
1297 2529 1535 2584 confirmat
1566 2528 1636 2572 ed.
1681 2533 1686 2583 1
1735 2542 1780 2572 se
1810 2527 1899 2571 LR
1965 2582 1967 2587 Ι

206 2585 283 2628 3οά
313 2599 337 2627 r
368 2597 456 2628 om.
484 2586 554 2628 ed.
679 2590 734 2629 10
767 2587 1066 2646 lonqinquam
1096 2587 1145 2631 L.
1270 2591 1324 2630 13
1357 2587 1479 2631 dixit
1508 2601 1781 2643 causamque
1810 2587 1900 2630 LR.
1979 2618 1983 2619 ν

208 2644 250 2686 d.
293 2657 480 2688 causam
515 2643 559 2687 τ’
600 2645 807 2701 dixitque
845 2660 879 2690 c.
922 2647 995 2692 ed.
1035 2647 1158 2691 dimit
1194 2660 1380 2691 eausam
1420 2659 1593 2702 quoque
1630 2660 1728 2690 nos.
1786 2647 1793 2703 Ι
1857 2651 1900 2690 et

205 2702 292 2744 LR
316 2702 387 2746 ed,
420 2707 471 2746 ut
501 2717 599 2746 nos.
695 2709 749 2747 14
783 2709 920 2749 antea
950 2705 1038 2749 LR
1067 2706 1212 2760 fuisse
1243 2705 1458 2749 additum
1489 2705 1589 2749 vult
1618 2719 1654 2748 r.
1683 2706 1689 2761 Ι
1729 2704 1900 2749 dixerit

205 2761 293 2804 LR
324 2762 446 2806 dixit
474 2776 499 2804 r
529 2763 686 2807 divisit
717 2763 789 2808 ed.
822 2764 1030 2809 diviserit
1060 2778 1157 2808 nos.
1282 2765 1434 2820 partis
1464 2763 1550 2807 LR
1582 2778 1671 2808 esse
1701 2764 1896 2809 divisam
1971 2791 1973 2795 -

207 2820 423 2864 additum
452 2820 554 2865 vult
583 2836 619 2864 r.
756 2827 809 2866 19
842 2825 950 2878 post
980 2825 1092 2880 quia
1124 2823 1330 2880 spatium
1362 2821 1738 2878 quattuordecim
1767 2821 1898 2872 litte-

205 2892 363 2922 rarum
400 2882 538 2923 vacat
577 2880 627 2923 in
658 2880 693 2923 L
735 2883 783 2924 et
822 2881 1003 2938 aliquid
1036 2882 1264 2927 excidisse
1294 2884 1450 2938 patet,
1489 2881 1688 2926 fortasse
1721 2883 1899 2926 laevum
1963 2923 1969 2938 ,-

206 2937 392 2982 Siciliae
424 2937 480 2982 cf.
506 2953 548 2983 v.
567 2943 652 2982 429
678 2941 832 2996 primo
862 2942 1008 2986 malta
1030 2941 1192 2998 inepte
1214 2941 1431 2998 interpol.
1450 2941 1523 2985 ed.
1617 2945 1673 2984 20
1703 2941 1900 2986 sinixm

206 2995 305 3040 LR.
427 3001 484 3042 28
515 2998 605 3042 imo
636 2998 723 3041 LR
753 3003 887 3055 atque
916 3001 946 3044 i.
981 3000 1053 3047 ed.
1845 3000 1851 3005 ’
1963 3009 1969 3041 ’-
