2014 3226
181 145 290 197 200
646 143 878 186 DONATI
908 142 1190 187 INTERPR.
1223 142 1402 187 VERG.

183 284 311 332 enim
360 300 522 331 errore
569 284 800 343 deceptus
850 284 924 330 est
968 283 1142 344 hostis,
1182 298 1344 330 errore
1386 284 1572 330 ceteros
1611 298 1871 344 possumus

183 374 436 420 superare,
492 358 700 417 denique
755 357 848 403 hoc
901 356 1042 404 nobis
1097 357 1299 404 fortuna
1353 357 1664 404 monstravit.
1749 358 1871 404 satis

182 432 424 495 proderit,
473 433 514 477 si
561 430 786 477 divinum
829 429 1120 477 beneficium
1160 434 1208 477 et
1246 430 1534 492 intellegere
1573 431 1783 478 velimus
1822 433 1873 478 et

184 506 334 566 sequi.
413 521 547 551 error
593 520 707 551 cum
753 505 854 551 suis
901 503 1095 565 decepit
1139 504 1486 566 Androgeum,
1533 504 1710 551 erroris
1757 507 1874 552 sunt

182 579 393 626 tenenda
433 578 653 637 consilia,
693 581 749 624 ut
788 578 1007 625 universi
1045 580 1337 625 mactentur.
1417 578 1668 625 suadentis
1705 581 1873 625 autem
1919 595 1940 624 5

183 668 316 700 more
350 651 596 699 subnectit
628 650 887 699 consilium
921 654 970 698 et
999 651 1385 712 possibilitatem
1417 651 1654 711 faciendi3
1688 652 1872 699 frustra

185 728 313 774 enim
362 726 626 786 unicuique
676 725 911 772 suadetur
957 725 1147 786 aliquid
1194 725 1496 786 faciendum,
1550 727 1648 774 nisi
1695 729 1745 772 et
1790 726 1874 772 via

184 802 485 846 monstretur
533 815 632 859 qua
678 799 786 845 fieri
831 801 990 859 possit
1037 800 1087 846 et
1134 814 1238 846 esse
1285 799 1430 846 facile
1479 802 1527 846 et
1566 799 1873 846 commodum

184 875 333 920 fuerit
365 873 771 920 demonstratum.
827 875 972 934 turpe
1005 876 1170 920 autem
1201 889 1300 920 non
1332 888 1436 920 esse
1463 872 1658 921 insidiis
1682 873 1875 920 hostem

183 949 377 994 vincere
421 949 470 993 et
508 946 785 1007 periculum
823 962 1054 1007 praesens
1095 946 1267 994 docere
1301 947 1472 994 debuit
1503 951 1553 994 et
1584 950 1784 1008 captum
1815 947 1874 994 de
1901 962 1943 992 10

186 1020 384 1068 Graecis
427 1021 717 1082 exemplum.
794 1025 1033 1068 mutemus
1072 1022 1245 1080 clipeos
1284 1021 1615 1080 Danaumque
1659 1022 1876 1080 insiym‘a

97 1099 182 1138 390
199 1096 337 1141 uobis
378 1097 621 1153 aptemus:
675 1094 937 1142 consilium
978 1093 1223 1142 Coroebus
1264 1111 1362 1142 non
1403 1096 1618 1155 quaesiit
1655 1110 1745 1142 nec
1783 1094 1875 1142 dif-

185 1168 380 1215 ficulter
410 1169 625 1228 invenit,
658 1167 894 1215 offerebat
927 1168 1058 1215 enim
1089 1169 1392 1230 prosperitas
1418 1184 1558 1216 arma
1580 1167 1877 1216 retrahenda

186 1243 463 1305 prostratis.
534 1257 643 1290 ecce
683 1258 837 1289 unum
877 1242 1168 1303 subsidium,
1207 1242 1491 1290 maturandi
1529 1258 1645 1290 vero
1684 1242 1877 1290 nullum

186 1315 503 1363 adserebatur
546 1316 962 1377 inpedimentum,
1010 1331 1123 1363 cum
1167 1316 1370 1364 induere
1418 1317 1581 1364 aliena
1621 1332 1759 1363 arma
1798 1331 1874 1365 ex·
1902 1330 1945 1362 15

186 1389 361 1451 positis
401 1389 615 1452 propriis
654 1406 754 1437 non
791 1391 917 1437 esset
949 1390 1158 1437 arduum
1190 1390 1270 1438 vel
1302 1392 1430 1438 certe
1463 1389 1678 1437 difficile.
1738 1391 1878 1438 dolus

188 1479 253 1511 an
291 1466 462 1519 virtue,
502 1466 611 1523 quis
645 1465 703 1511 >in
741 1465 870 1511 hoste
908 1465 1159 1523 requirat?
1209 1479 1351 1511 arma
1390 1465 1597 1512 ‹Ia-bunt:
1638 1467 1878 1526 optemus,

186 1537 366 1598 inquit,
393 1540 630 1599 sequatur
652 1539 878 1597 victoria,
904 1537 1014 1599 quis
1045 1540 1220 1599 postea
1251 1539 1566 1598 quaesiturus
1598 1540 1673 1586 est
1704 1537 1878 1586 fmude

189 1627 252 1659 an
283 1613 470 1659 virtute
501 1610 800 1659 vicerimus?
857 1614 928 1660 sic
957 1613 1106 1671 fatus,
1141 1612 1314 1660 deiude
1346 1615 1608 1662 comantem
1631 1611 1879 1671 Androyei

184 1685 376 1745 yaleam
400 1686 631 1745 clipeique
657 1687 845 1746 vinsiyne
876 1687 1101 1733 decorum
1130 1686 1353 1734 induitur
1383 1686 1615 1745 laterique
1637 1685 1879 1745 Aryivum
1903 1701 1947 1731 20

189 1760 516 1807 accommodat
561 1774 742 1807 ensem:
796 1759 1138 1808 accommodat
1185 1759 1312 1808 dixit
1358 1760 1610 1809 commode
1658 1759 1878 1822 adponit.

101 1837 187 1876 395
204 1834 290 1880 hoc
333 1833 572 1892 Ripheus,
619 1834 706 1881 hoc
750 1834 875 1893 ipse,
918 1834 1112 1893 Dymas
1157 1836 1405 1893 omnisque
1449 1835 1673 1882 iuventus
1720 1830 1877 1894 [laeta

188 1905 359 1968 facitJ:
413 1906 679 1968 descriptio
729 1906 937 1956 Coroebi
983 1907 1208 1955 omnibus
1257 1908 1433 1968 servit,
1480 1907 1566 1969 qui
1610 1908 1704 1955 hoc
1747 1907 1879 1955 idem

188 1981 433 2042 fecerunt3
486 1981 606 2028 fecit
645 1980 776 2028 enim
816 1983 868 2030 et
904 1981 1146 2044 Ripheus,
1185 1982 1304 2042 feci,
1342 1982 1529 2042 inquit,
1569 1982 1721 2029 etiam
1757 1982 1879 2043 ipse,

190 2053 310 2102 fecit
349 2057 398 2102 et
427 2053 616 2115 Dymas
657 2057 719 2116 et,
750 2071 811 2102 ne
852 2055 1161 2119 singulorum
1199 2057 1402 2107 nomina
1441 2055 1725 2116 specialiter
1763 2071 1879 2105 enu-
1905 2070 1947 2104 25

188 2127 425 2175 morando
465 2143 656 2176 moram
694 2129 902 2190 faceret,
939 2129 1143 2177 transiit
1181 2129 1245 2177 ad
1283 2129 1684 2192 generalitatem,
1733 2129 1880 2179 simul

190 2202 343 2249 efiam
379 2201 564 2250 vitavit
601 2202 780 2266 longae
821 2202 1052 2251 dictionis
1090 2203 1366 2264 horrorem,
1416 2219 1562 2264 quem
1599 2204 1770 2265 posset
1803 2204 1879 2250 in-

190 2289 397 2336 currere,
438 2276 480 2322 si
515 2277 737 2324 omnium
767 2279 1076 2338 percurreret
1107 2277 1330 2336 nomina3
1373 2278 1444 2324 ait
1477 2278 1607 2325 enim
1637 2277 1731 2325 hoc
1760 2277 1882 2325 fecit

191 2350 343 2397 etiam
385 2352 547 2398 cetera
585 2351 818 2398 iuventus
854 2350 1002 2399 laeta.
1073 2366 1164 2399 nec
1201 2352 1434 2399 inmerito
1474 2353 1643 2412 posuit
1679 2351 1880 2409 laetam,

190 2422 450 2472 videbatur
482 2424 613 2470 enim
643 2438 787 2485 posse
818 2423 927 2473 fieri
958 2427 1018 2472 ut
1046 2425 1140 2473 hoc
1170 2425 1362 2473 fraudis
1384 2440 1562 2489 genere
1587 2424 1878 2475 obtinerent.
1904 2440 1948 2472 80
1986 2479 1988 2482 y

188 2497 359 2556 spoliis
397 2510 446 2544 se
485 2498 685 2556 quisque
718 2497 987 2547 recenbibus
1019 2502 1204 2547 armat:
1243 2497 1557 2560 spoliis-ideo
1588 2497 1880 2556 recentibus,

313 2656 365 2695 12
396 2652 595 2708 quaesiit
623 2651 660 2694 L
700 2653 878 2708 quaesit
906 2653 948 2696 R
978 2654 1205 2710 quaesivit
1232 2668 1257 2696 r
1286 2654 1358 2698 ed.
1525 2657 1578 2697 13
1608 2653 1882 2697 ‘retrahenda
1967 2638 1985 2703 *¹

191 2710 278 2752 LR
308 2711 418 2754 (ἶριν.
452 2709 524 2754 ed.
694 2715 748 2754 16
781 2712 980 2756 arduum
1011 2712 1098 2756 LR
1129 2713 1314 2757 tardum
1344 2712 1416 2756 ed.
1579 2717 1634 2756 18
1667 2716 1883 2768 sequatur

190 2769 279 2812 LR
308 2774 514 2825 sequetur
543 2784 568 2812 1·
597 2774 650 2812 ut
679 2775 895 2826 sequatur
926 2771 996 2815 ed.
1165 2775 1340 2815 22—23
1373 2771 1493 2815 laeta
1522 2771 1638 2825 facit
1669 2770 1802 2814 deest
1831 2769 1882 2812 in

191 2827 292 2882 LR,
324 2828 407 2872 ned
431 2827 708 2884 explicatur.
862 2833 920 2872 24
949 2831 1058 2885 fecit
1086 2831 1243 2886 inquit
1270 2832 1408 2876 etiam
1437 2831 1533 2887 ipse
1562 2829 1650 2874 LR
1679 2829 1768 2883 ed„
1799 2829 1883 2873 sed

192 2888 390 2943 apparet
418 2886 655 2930 Donatum
693 2887 789 2943 ipse
828 2887 887 2932 de
918 2889 1078 2933 Aenea
1114 2888 1412 2946 intellegere,
1451 2901 1563 2946 ergo
1600 2889 1691 2943 feci
1725 2900 1882 2933 emen-
1960 2903 1961 2906 ¹

188 2944 312 2990 davi.
435 2950 491 2990 29
525 2946 690 2991 laetam
720 2945 808 2990 LR
830 2947 956 2991 laeta
989 2948 1060 2992 ed.
1861 2974 1873 2981 —
