2014 3226
209 115 313 158 XVI
880 111 1220 157 PRAEFATIO

207 257 549 315 instrueretur,
597 255 800 301 tertium
848 253 1091 300 decimum
1130 252 1333 311 librum,
1381 251 1467 312 qui
1508 266 1617 298 eam
1656 252 1898 314 cognitio-

208 345 320 376 nem
353 345 408 375 ex
442 328 806 375 commentariis
839 330 1064 374 veterum
1089 326 1345 373 collectam
1369 324 1603 384 traderet,
1630 325 1896 388 adiungere

210 404 537 449 constituerat
586 395 658 464 (7,
695 402 797 447 646
841 403 889 447 et
929 393 1080 465 epil.)
1159 400 1287 446 hunc
1334 415 1394 446 ne
1450 397 1730 458 conficeret,
1786 414 1898 445 cum

208 476 341 538 ipsas
404 474 835 535 interpretationes
898 475 1172 533 „incertum
1233 475 1455 520 metuens
1520 473 1651 519 vitae
1715 473 1897 519 cursim

208 549 525 610 scripsisset“,
558 551 713 595 morte
754 547 951 594 videtur
989 547 1267 608 prohibitus
1301 561 1402 595 esse
1444 540 1526 611 (cf.
1552 563 1596 593 v.
1623 546 1667 593 d.
1692 546 1898 594 Hoeven

208 640 253 684 p.
292 617 399 687 37).
478 622 535 669 de
575 622 723 669 titulo
765 621 953 669 codices
995 622 1328 680 consentiunt,
1369 621 1467 667 nisi
1507 620 1639 680 quod
1678 619 1895 667 Lauren-

207 698 371 744 tianus
420 691 505 761 (L1
546 698 594 742 et
632 689 737 760 ΕΠ)
794 697 843 742 et
888 694 1162 742 Vaticanus
1210 694 1377 741 Tiberi
1431 693 1607 741 Claudi
1660 692 1896 754 scribunt,

208 771 498 832 Reginensis
524 770 710 816 Tiberii
736 768 945 817 Claudii.
1004 783 1092 816 nos
1124 769 1326 815 illorum
1359 768 1710 815 auctoritatem
1741 769 1898 816 secuti

206 860 386 891 sumus.
465 840 989 904 „interpretationum“
1037 858 1215 890 nomen
1262 842 1488 890 Donatus
1542 843 1647 903 ipse
1710 844 1752 903 7,
1789 842 1892 888 646

208 920 256 964 et
295 920 346 964 in
386 918 578 980 epilogo
618 919 843 964 testatur.
922 916 1163 980 genuinae
1205 917 1325 977 quin
1363 918 1553 975 extent,
1594 931 1895 977 quamquam

207 993 345 1038 nulla
385 1007 553 1039 earum
594 991 726 1053 apud
765 993 954 1038 veteres
993 990 1051 1036 fit
1089 991 1288 1051 mentio,
1320 1006 1420 1037 non
1458 992 1623 1050 potest
1662 989 1895 1037 dubitari.

206 1067 421 1127 ineptias
462 1081 632 1112 eorum
673 1066 759 1126 qui
799 1080 879 1112 eas
919 1065 1000 1112 vel
1039 1065 1365 1126 interpolatas
1404 1064 1485 1112 vel
1523 1064 1782 1111 mutilatas
1815 1064 1895 1110 vel

206 1139 551 1200 suppositicias
593 1154 695 1187 esse
736 1139 1108 1187 somniaverunt
1147 1138 1319 1186 subtili
1360 1140 1409 1186 et
1448 1139 1680 1185 accurata
1727 1137 1896 1199 dispu-

205 1213 395 1260 tatione
450 1230 495 1260 v.
529 1212 573 1259 d.
606 1212 811 1260 Hoeven
860 1230 907 1275 p.
943 1214 1158 1261 21—32
1214 1213 1468 1260 refutavit.
1546 1212 1754 1260 redeunt
1809 1227 1895 1258 eae

205 1287 403 1335 fabulae
451 1303 562 1334 cum
609 1286 671 1333 ad
717 1286 841 1334 alios
890 1301 1077 1334 errores
1122 1288 1232 1333 tum
1278 1285 1342 1333 ad
1387 1287 1531 1334 illum
1569 1285 1896 1348 principalem

206 1377 301 1421 quo
350 1361 421 1407 Ti.
465 1360 725 1408 Claudium
771 1361 1024 1408 Donatum
1079 1376 1189 1408 cum
1239 1359 1382 1408 Aelio
1437 1359 1635 1408 Donato
1692 1359 1894 1407 confun-

203 1435 375 1482 dentes
421 1434 570 1482 huius
620 1437 1086 1482 commentariorum
1133 1434 1357 1495 reliquiis
1406 1450 1435 1481 a
1477 1433 1647 1482 Servio
1694 1433 1894 1482 traditis

204 1509 255 1555 in
295 1509 368 1555 Ti.
411 1507 605 1556 Claudii
642 1508 1136 1591 interpretationibus
1176 1509 1339 1556 locum
1387 1507 1691 1569 quaerebant
1736 1523 1894 1568 neque

203 1583 527 1665 reperiebant.
606 1582 741 1629 aliud
782 1583 913 1630 enim
952 1584 1026 1629 est
1066 1598 1210 1643 opus,
1251 1581 1388 1628 aliud
1428 1582 1708 1641 consilium,
1758 1581 1895 1628 aliud

204 1657 472 1739 ingenium.
550 1658 801 1717 exceptis
810 1657 872 1704 iis
919 1656 1145 1718 partibus
1202 1672 1326 1716 quae
1381 1658 1661 1717 temporum
1710 1655 1896 1703 iniuria

204 1731 257 1776 in
315 1730 662 1778 vetustissimis
725 1729 1086 1792 exemplaribus
1146 1730 1399 1791 perierunt
1463 1723 1544 1795 (4,
1587 1730 1894 1778 386—621.
1946 1747 1959 1794 't

207 1804 255 1864 6,
292 1806 391 1850 1—
403 1805 521 1850 157.
572 1806 618 1864 7,
652 1805 828 1851 373—
837 1805 958 1851 414.
1012 1806 1060 1864 8,
1093 1805 1275 1851 457-
1282 1806 1400 1852 730.
1461 1806 1544 1864 12,
1585 1803 1893 1851 620-663,

206 1878 511 1924 690—754.
564 1878 868 1925 786—846.
917 1877 1103 1940 epilogi
1140 1872 1278 1944 finis)
1317 1877 1457 1926 nulla
1495 1878 1594 1924 nisi
1631 1876 1894 1925 verborum

205 1950 397 1998 iactura
442 1952 576 1998 facta
623 1954 698 1999 est
746 1945 828 2016 (de
876 1951 1124 1999 lemmatis
1164 1968 1209 1999 v.
1242 1947 1413 2015 infra).
1490 1950 1893 2012 interpolationis

204 2025 257 2071 in
296 2024 544 2072 codicibus
577 2026 937 2086 antiquissimis
970 2025 1165 2072 nullum
1197 2027 1405 2086 apparet
1436 2024 1703 2087 vestigium
1735 2040 1892 2086 neque

204 2097 445 2146 librorum
483 2092 583 2163 Hl)
632 2101 680 2146 et
728 2097 768 2146 Ο
818 2102 866 2147 et
911 2098 958 2146 U
1006 2099 1289 2160 scriptores,
1339 2100 1425 2161 qui
1470 2113 1677 2161 magnas
1723 2101 1892 2162 partes

204 2173 489 2232 omiserunt,
520 2172 854 2234 interpolandi
891 2173 1223 2220 temeritatem
1263 2172 1582 2220 admiserunt.
1649 2172 1893 2234 quidquid

204 2246 258 2292 in
303 2246 396 2294 hoc
442 2262 617 2310 genere
663 2249 921 2308 peccatum
959 2249 1034 2294 est
1073 2246 1284 2294 editores
1322 2248 1666 2309 peccaverunt.
1742 2245 1891 2308 plane

204 2318 483 2380 adstipulor
527 2319 589 2367 iis
638 2336 764 2381 quae
802 2336 846 2367 v.
879 2320 924 2367 d.
957 2319 1161 2368 Hoeven
1198 2337 1245 2382 p.
1281 2321 1348 2368 28
1390 2320 1534 2368 dicit:
1589 2335 1744 2382 „opus
1791 2319 1891 2368 Do·
1951 2380 1953 2382 q

204 2392 325 2453 nati,
363 2395 421 2440 ut
458 2408 587 2440 nunc
625 2394 830 2457 legitur,
876 2394 1067 2441 nullam
1106 2394 1504 2456 interpolationis
1545 2395 1888 2456 suspicionem,

204 2466 395 2513 nullam
433 2466 531 2514 nisi
567 2467 621 2513 in
659 2467 868 2530 singulis
907 2467 1070 2515 verbis
1110 2468 1420 2530 corruptelae
1459 2484 1656 2516 movere
1701 2469 1890 2529 potest3

205 2540 404 2601 aequali
442 2542 610 2587 tenore
650 2541 878 2601 decurrit,
909 2540 1091 2602 ubique
1131 2543 1209 2589 sui
1246 2542 1406 2591 simile
1439 2544 1527 2603 est,
1559 2542 1745 2604 optime
1777 2556 1891 2589 con·

204 2613 342 2675 gruit
379 2613 535 2661 indoli
574 2616 624 2662 et
662 2615 869 2663 consilio
909 2616 1126 2663 auctoris
1167 2631 1223 2662 ex
1254 2616 1563 2678 praefatione
1595 2629 1888 2678 cognoscen-

204 2685 325 2734 dis“.
383 2690 458 2735 est
494 2689 663 2736 tamen
702 2687 947 2749 quaedam
985 2689 1206 2751 priorum
1236 2689 1477 2737 librorum
1507 2704 1620 2737 cum
1648 2690 1891 2750 posterio-

203 2759 342 2808 ribus
396 2759 766 2809 dissimilitudo:
829 2777 943 2810 eum
996 2762 1127 2810 enim
1179 2779 1367 2811 morem
1421 2779 1571 2825 quem
1615 2763 1668 2810 in
1713 2762 1888 2824 primis

327 2917 369 2971 1)
401 2915 459 2959 de
491 2915 771 2972 quibusdam
799 2916 937 2960 huius
961 2916 1071 2960 libri
1096 2917 1432 2964 additamentis
1456 2916 1670 2962 innocuis
1693 2930 1732 2960 v.
1750 2914 1888 2961 infra.
