2014 3226
216 109 248 158 2
679 102 908 147 DONATI
941 100 1221 144 INTERPR.
1254 98 1431 142 VERG.

217 247 415 294 illorum
464 245 630 291 labore
681 242 859 303 quidve
915 257 971 287 ex
1021 243 1229 302 paterno
1277 237 1581 299 sequendum
1629 239 1707 286 sit.
1803 253 1902 286 non

217 322 347 367 enim
396 320 482 365 aut
527 317 603 364 illi
650 317 815 364 omnia
863 314 1088 375 conplexi
1135 314 1272 371 sunt,
1319 314 1379 358 ut
1424 326 1501 358 res
1548 313 1660 373 ipsa
1697 311 1901 372 indicat,

218 396 303 440 aut
351 408 439 455 ego
487 393 629 438 tanta
676 388 909 450 conposui
956 403 1081 448 quae
1129 389 1177 433 te
1225 387 1419 448 possint
1465 384 1529 432 ad
1574 386 1710 446 pleni
1754 385 1901 433 intel-

217 469 373 513 lectus
407 466 631 511 effectum
665 464 981 524 conpetenter
1020 460 1275 507 instruere.
1342 460 1586 520 quocirca,
1618 462 1676 506 ut
1715 459 1903 507 dictum

219 546 305 597 est,
345 540 451 601 lege
493 539 657 584 omnia
698 539 760 595 et,
801 537 842 583 si
880 536 1008 581 forte
1048 536 1219 581 nostra
1259 533 1371 580 aliis
1412 532 1765 594 displicebunt,
1809 533 1902 580 tibi

218 617 345 660 certe
394 612 714 672 conplaceant
762 625 888 670 quae
935 607 1038 655 filio
1084 610 1229 668 pater
1278 608 1382 654 sine
1422 606 1596 654 fraude
1634 607 1901 656 transmisi.

328 687 547 732 Primum
586 684 743 746 igitur
782 685 833 729 et
873 684 985 728 ante
1027 679 1193 728 omnia
1232 679 1480 728 sciendum
1517 682 1592 727 est
1632 681 1763 741 quod
1800 697 1902 728 ma-

221 762 374 808 teriae
426 773 576 822 genus
625 757 765 804 Maro
812 757 978 804 noster
1024 754 1285 818 adgressus
1334 754 1421 814 sit,
1481 754 1576 802 hoc
1629 755 1759 801 enim
1806 755 1903 802 nisi

218 835 350 880 inter
381 832 525 879 initia
557 832 708 878 fuerit
739 831 1007 893 cognitum,
1039 829 1354 875 vehementer
1386 827 1644 876 errabitur.
1693 831 1743 876 et
1774 830 1904 876 certe

219 906 533 954 laudativum
582 906 677 964 est,
733 903 864 965 quod
916 902 1100 950 idcirco
1146 903 1455 966 incognitum
1502 904 1577 949 est
1627 904 1677 949 et
1726 902 1903 962 latens,
1972 940 1973 943 η

221 982 338 1041 quia
375 981 500 1026 miro
541 978 660 1026 artis
694 993 868 1040 genere
899 976 1206 1024 laudationis
1236 977 1357 1037 ipse,
1390 975 1508 1022 dum
1539 978 1681 1039 gesta
1707 975 1904 1024 Aeneae

218 1054 546 1116 percurreret,
592 1051 864 1099 incidentia
904 1066 1097 1111 quoque
1138 1050 1290 1097 etiarn
1330 1050 1544 1097 aliarum
1581 1051 1903 1097 materiarum

219 1143 400 1191 genera
440 1126 705 1187 conplexus
745 1124 1037 1184 ostenditur,
1069 1139 1158 1171 nec
1196 1125 1307 1185 ipsa
1336 1126 1501 1170 tamen
1537 1124 1699 1172 aliena
1731 1139 1761 1171 a
1792 1140 1904 1186 par—

216 1201 350 1248 tibus
389 1199 574 1259 laudis3
623 1214 738 1253 nam
776 1197 958 1245 idcirco
999 1197 1263 1260 adsumpta
1301 1199 1431 1257 sunt,
1468 1199 1527 1244 ut
1563 1198 1761 1246 Aeneae
1800 1198 1905 1246 lau-

220 1275 412 1321 dationi
456 1272 760 1335 proficerent.
838 1272 930 1320 hoc
974 1272 1082 1320 loco
1123 1272 1347 1333 quisquis
1383 1271 1597 1335 Vergilii
1635 1271 1904 1335 ingenium,
1949 1309 1958 1319 .

219 1348 567 1407 moralitatem,
607 1345 802 1393 dicendi
839 1348 1086 1406 naturam,
1131 1347 1405 1406 scientiam,
1450 1361 1612 1393 mores
1650 1345 1903 1408 peritiam-

220 1438 313 1482 que
353 1421 624 1469 rhetoricae
666 1419 956 1481 disciplinae
995 1420 1163 1467 metiri
1199 1420 1349 1479 volet,
1380 1421 1657 1467 necessario
1687 1421 1906 1482 primum

219 1495 363 1542 debet
410 1494 662 1542 advertere
704 1508 849 1554 quem
889 1493 1160 1555 susceperit
1199 1494 1418 1541 carmine
1456 1508 1544 1541 suo
1582 1493 1904 1554 laudandum,

222 1571 464 1629 quantum
486 1567 706 1615 laborem
731 1583 978 1629 quamque
1009 1567 1345 1630 periculosum
1379 1582 1503 1628 opus
1536 1566 1796 1631 adgressus
1825 1566 1904 1615 sit.

219 1642 369 1689 talem
409 1643 541 1688 enim
578 1643 852 1688 monstrare
892 1641 1095 1689 Aenean
1135 1641 1327 1702 debuit,
1373 1642 1432 1688 ut
1471 1640 1650 1704 dignus
1691 1639 1905 1700 Caesari,

218 1718 270 1763 in
323 1717 461 1763 cuius
513 1714 748 1762 honorem
801 1715 923 1762 haec
979 1714 1342 1774 scribebantur,
1397 1731 1575 1776 parens
1631 1717 1681 1762 et
1735 1717 1907 1763 auctor
1968 1758 1969 1763 ,

219 1788 411 1852 generis
456 1787 796 1850 praeberetur,
850 1804 1057 1850 cumque
1109 1790 1274 1851 ipsum
1329 1790 1586 1837 secuturae
1638 1790 1906 1836 memoriae
1968 1838 1969 1841 ,

225 1863 401 1910 fuisset
451 1861 725 1909 traditurus
780 1863 1001 1911 extitisse
1054 1863 1268 1911 Romani
1328 1862 1526 1924 imperii
1587 1862 1907 1923 conditorem,
1952 1895 1973 1921 ..=

222 1935 394 1997 procul
433 1934 604 1995 dubio,
650 1938 708 1982 ut
751 1935 891 1996 fecit,
939 1939 988 1983 et
1025 1952 1238 1984 vacuum
1276 1937 1411 1983 omni
1450 1935 1597 1998 culpa
1636 1938 1686 1984 et
1723 1953 1905 2001 magno

223 2009 486 2071 praeconio
523 2009 898 2070 praeferendum
938 2009 1108 2058 debuit
1147 2010 1495 2058 demonstrare.
1948 2014 1958 2023 ”

331 2082 564 2129 Dicamus
605 2097 720 2145 ergo
762 2099 887 2143 quae
918 2084 1074 2145 ipsius
1105 2084 1304 2132 Aeneae
1334 2099 1598 2145 personam
1629 2083 1906 2132 deformare

223 2156 521 2218 potuissent3
561 2155 752 2202 nullum
788 2158 918 2204 enim
943 2157 1222 2220 Vergiliani
1260 2158 1492 2206 carminis
1532 2157 1794 2220 apparebit
1830 2159 1905 2206 in·
1947 2151 1975 2218 Ξ

223 2230 436 2292 genium,
468 2229 565 2276 nisi
602 2228 654 2275 in
692 2244 903 2290 persona
941 2233 1157 2294 suscepti
1194 2231 1356 2280 herois
1395 2231 1582 2279 fuerint
1620 2233 1908 2280 enumerata
1949 2238 1977 2294 ξς

223 2303 484 2350 contraria.
561 2303 804 2350 incertum
854 2304 1035 2367 quippe
1083 2320 1185 2354 esse
1232 2319 1333 2352 non
1377 2307 1543 2368 potest
1594 2304 1799 2354 Aenean
1836 2305 1908 2354 sic
1967 2298 1977 2311 ’

223 2391 280 2423 ex
312 2375 461 2425 Asiae
492 2374 719 2438 partibus
749 2378 1003 2427 recessisse
1036 2379 1218 2428 amissa
1249 2380 1430 2441 patria,
1463 2394 1613 2441 quam
1651 2378 1905 2428 defensare
1936 2414 1976 2454 ὃ.

344 2519 366 2559 1
400 2514 551 2559 labore
580 2516 742 2572 transp
746 2530 810 2560 os.
843 2515 914 2560 ed.
1007 2522 1060 2562 10
1092 2519 1382 2564 laudandum
1413 2519 1501 2563 LR
1531 2520 1820 2564 laudativum
1850 2533 1907 2564 ex

226 2579 295 2628 11,
321 2577 406 2617 295
438 2571 616 2617 emend.
648 2588 688 2617 v.
722 2574 765 2618 d
797 2574 987 2620 Hoeven
1017 2591 1063 2634 p.
1090 2581 1159 2620 31.
1293 2582 1345 2622 11
1377 2579 1495 2624 miro
1526 2579 1642 2623 artis
1670 2591 1756 2635 pro
1786 2578 1908 2623 mira

224 2634 338 2686 arte,
401 2631 496 2676 uod
526 2630 651 2675 infra
679 2632 865 2689 legitur.
895 2635 902 2692 Ι
935 2637 1031 2692 ipse
1060 2635 1103 2679 R
1132 2636 1225 2692 ipsi
1254 2637 1291 2680 L
1321 2638 1470 2694 ipsius
1499 2637 1571 2682 ed.
1682 2642 1736 2681 12
1768 2637 1907 2683 etiam
1958 2636 1970 2677 ἦ

224 2703 312 2735 om.
337 2703 364 2735 e
504 2694 557 2734 13
589 2691 693 2747 ipsa
724 2705 812 2736 om.
831 2692 902 2736 ed.
996 2699 1051 2738 16
1082 2694 1266 2740 dicendi
1293 2697 1508 2741 notitiam
1538 2696 1610 2740 ed.
1706 2700 1760 2740 19
1793 2709 1909 2753 opus
1955 2706 1970 2748 7·

224 2748 310 2792 LR.
338 2763 520 2795 carmen
549 2747 620 2793 ed.
749 2754 806 2794 20
840 2751 1028 2797 Caesari
1057 2753 1092 2796 L
1127 2753 1318 2800 Caesare
1347 2753 1390 2798 R
1421 2756 1508 2800 ·ris
1536 2759 1755 2799 122
1783 2769 1905 2800 θεαι-
1948 2778 1973 2819 j¹¹

224 2834 426 2940 zogevnedL
455 2820 654 2884 secutgre
683 2837 725 2881 R
762 2843 997 2884 secuturae
1033 2855 1057 2883 r
1094 2841 1168 2898 (cf.
1203 2846 1245 2898 9,
1268 2846 1355 2887 446
1393 2848 1604 2889 secutura
1642 2832 1907 2900 posteritds)
