2014 3226
795 169 1096 212 AENEIDos
1131 170 1148 211 1
1750 172 1816 221 27

127 313 215 374 qui
253 325 342 358 1100
384 310 496 358 sibi·
518 325 606 356 nec
638 311 739 356 suis
773 309 1004 371 prodesse
1037 312 1320 370 potuerunt.
1380 311 1611 358 desiderii
1644 312 1821 359 dehinc

125 395 315 434 summa
362 383 671 432 subnectitur
717 386 764 430 et
812 383 989 431 modus
1039 399 1240 446 poenae.
1318 387 1478 432 incute
1525 387 1621 432 vim
1669 387 1819 432 Tentis

124 459 490 517 submersasque
529 459 675 505 obrue
706 459 892 516 puppis
932 461 1017 505 aut
1057 473 1144 517 aye
1183 459 1399 506 diversos
1441 463 1484 506 et
1514 460 1686 507 dissice
1720 474 1820 506 cor-

118 527 245 593 pora
266 535 441 591 ponto:
473 533 711 593 expressit
743 532 938 592 plenam
974 532 1301 593 patheticam3
1334 549 1449 580 nam
1483 534 1526 580 si
1559 549 1614 580 eo
1649 533 1819 580 ordine

82 624 100 656 5
126 622 221 668 quo
260 606 430 654 locuta
461 608 536 653 est
565 605 803 653 vellemus
836 605 1140 668 intellegere,
1172 621 1270 654 non
1303 607 1546 654 cohaeret.
1606 609 1649 654 si
1690 609 1821 654 enim

124 674 402 728 ordinatam
440 681 609 741 posset
646 681 894 727 commota
933 680 1153 741 proferre
1194 680 1482 740 dictionem,
1531 682 1601 729 sic
1651 681 1821 728 debuit

125 756 285 816 loqui:
326 754 493 813 Aeole,
525 768 642 817 gens
674 755 879 800 inimica
911 753 1036 800 mihi
1061 754 1372 815 Tyrrhenum
1403 756 1611 818 navigat
1636 770 1822 816 aequor

125 829 274 876 Ilium
319 830 373 875 in
411 828 615 875 Italiam
662 830 867 889 portans
916 828 1171 889 victosque
1219 831 1448 889 penates:
1503 831 1668 876 incute
1718 831 1821 875 vim

125 904 284 950 ventis
325 902 700 963 submersasque
734 901 886 948 obrue
918 903 1100 963 puppis
1134 905 1183 949 et
1215 902 1392 950 dissice
1427 919 1634 965 corpora
1668 906 1820 964 ponto

51 993 102 1027 ‘10
127 979 214 1025 aut
253 992 343 1038 age
385 976 625 1036 diversos3
681 991 895 1037 namque
935 975 1031 1022 tibi
1071 975 1240 1023 divum
1279 979 1423 1038 pater
1472 980 1622 1039 atque
1663 978 1821 1024 homi-

125 1067 242 1098 num
279 1066 365 1098 rex
404 1053 453 1096 et
492 1050 706 1098 mulcere
758 1049 895 1097 dedit
933 1050 1110 1097 fluctus
1153 1053 1203 1097 et
1242 1051 1415 1098 tollere
1463 1054 1625 1099 vento.
1705 1054 1821 1099 ante

126 1124 292 1173 omnia
330 1127 499 1172 tamen
532 1123 890 1171 consideranda
921 1126 1037 1171 sunt
1070 1140 1196 1185 quae
1229 1124 1353 1172 Iuno
1387 1125 1558 1186 perfici
1590 1125 1822 1186 cupiebat

125 1198 258 1246 dicta
298 1198 518 1260 quidem,
559 1198 645 1246 sed
683 1213 783 1245 non
822 1198 993 1245 ordine
1034 1214 1146 1257 suo,
1187 1201 1243 1246 ut
1283 1202 1547 1261 appareret
1587 1216 1696 1248 eam
1735 1215 1823 1261 per

125 1274 504 1321 commotionem
550 1273 758 1319 nimiam
810 1272 1173 1319 ordinationem
1219 1272 1364 1321 rebus
1413 1274 1534 1335 ipsis
1583 1273 1699 1320 dare
1740 1290 1821 1320 ne-

58 1361 102 1397 15
126 1345 302 1409 quisse.
359 1347 484 1394 dixit
514 1347 680 1394 incute
714 1347 816 1393 vim
840 1348 1001 1394 ventis
1032 1339 1408 1408 submersasque
1442 1348 1592 1395 obrue
1625 1349 1825 1410 puppis,

124 1422 330 1485 iungere
378 1421 548 1468 debuit
595 1422 644 1469 et
691 1420 867 1468 dissice
916 1435 1123 1482 corpora
1174 1423 1349 1482 ponto,
1401 1422 1534 1483 quod
1583 1421 1691 1469 fieri
1740 1437 1823 1469 ne-

126 1508 255 1543 cesse
297 1498 404 1542 erat
442 1494 652 1542 navibus
686 1495 965 1555 submersis,
999 1497 1147 1556 atque
1180 1497 1252 1542 ita
1285 1495 1610 1544 novissimum
1641 1508 1821 1558 ponere

127 1572 214 1617 aut
252 1585 343 1632 age
384 1569 619 1629 diver-soa
659 1571 714 1616 ut
754 1571 896 1630 esset,
929 1571 1056 1617 sicut
1088 1568 1317 1629 diximus,
1350 1572 1511 1618 oratio
1543 1573 1675 1617 recte
1709 1585 1820 1617 con-

124 1644 288 1706 posita
336 1643 428 1691 hoc
453 1643 643 1691 .modo:
680 1644 866 1690 ‘incute
912 1645 1014 1691 vim
1055 1645 1215 1691 ventis
1256 1644 1630 1706 submersasque
1672 1645 1822 1692 obrue

60 1733 104 1767 20
127 1719 308 1789 puppis
350 1720 399 1764 et
439 1717 615 1766 dissice
655 1732 863 1779 corpora
903 1719 1065 1779 ponto
1098 1720 1185 1765 aut
1234 1733 1325 1780 age
1374 1717 1605 1766 diversos
1686 1718 1822 1766 deni-

129 1807 222 1853 que
259 1785 351 1839 hoe
386 1793 435 1838 et
466 1791 603 1852 ipsae
637 1792 1008 1839 coniunctiones
1043 1791 1325 1851 ostendunt,
1358 1807 1469 1839 cum
1502 1793 1626 1840 dicit
1656 1794 1822 1840 incute

126 1867 229 1912 vim
267 1866 428 1914 ventis
462 1868 512 1914 et
542 1867 685 1926 ponit
717 1863 886 1927 „que“,
920 1869 976 1913 ut
1009 1867 1278 1928 coniungat
1310 1867 1443 1914 facto
1475 1867 1679 1925 factum,
1712 1866 1823 1915 sub-

127 1950 411 2001 mersasque
435 1939 597 1987 obrue
621 1941 820 2002 puppiS,
846 1939 1069 1987 adsociat
1094 1939 1217 2000 ,,,01“
1243 1943 1298 1987 111
1331 1941 1563 2002 conpleat
1595 1941 1823 1988 effectum

129 2013 494 2062 submersarum
547 2015 752 2061 navium
807 2016 856 2061 et
910 2015 1172 2075 proveniat
1221 2015 1335 2062 inde
1391 2014 1566 2063 dissice
1615 2022 1823 2076 corpora

42 2091 106 2137 “n
129 2089 296 2150 ponto.
374 2103 481 2135 ecce
520 2089 666 2150 p‘onit
686 2084 870 2148 ·„aut“,·
907 2087 1134 2136 diversae
1172 2090 1386 2136 naturae
1427 2090 1824 2137 coniunctionem

73 2210 76 2214 ,
127 2162 221 2210 1100
259 2164 334 2211 est
373 2161 748 2222 disiunctivam,
795 2164 852 2209 ut
893 2162 1050 2210 faciat
1089 2164 1455 2225 separationem
1494 2178 1703 2224 poenae,
1750 2165 1823 2222 ut,

130 2235 172 2283 si
211 2237 483 2298 *provenire
538 2251 654 2284 non>
691 2238 859 2297 posset
912 2235 1288 2298 submersasque
1335 2236 1497 2285 obrue·
1533 2252 1723 2300 puppes
1775 2239 1823 2284 et

131 2309 307 2360 dissice
346 2316 554 2372 corpora
579 2313 762 2373 ponto,
794 2311 1079 2372 proveniret
1117 2310 1296 2358 saltem
1336 2313 1423 2359 aut
1463 2326 1554 2375 age
1588 2311 1823 2370 divers05,

131 2385 366 2446 quoniam
420 2385 580 2446 sparsi
633 2384 758 2432 nihil
814 2383 994 2432 audere
1033 2386 1280 2447 posterius
1335 2387 1568 2448 poterant
1620 2401 1709 2432 nec
1762 2385 1824 2432 ad

28 2468 109 2527 2³⁰
132 2456 334 2506 Italiam
371 2459 641 2526 pervenire.
702 2462 818 2506 sunt
846 2459 965 2506 milei
997 2460 1070 2506 bis
1108 2462 1283 2518 septe-m
1313 2461 1590 2519 praestante?
1629 2473 1824 2518 corpore

251 2634 289 2683 1·
303 2629 654 2685 potuerant-eda
706 2629 712 2686 1
742 2629 1003 2674 >desideriis
1034 2643 1140 2673 cum
1173 2632 1322 2673 antec.
1357 2628 1659 2673 coniunctum
1691 2628 1762 2672 ed.

132 2691 172 2730 2-
189 2692 231 2732 et
246 2712 302 2720 ——
311 2695 488 2744 poenae
519 2701 608 2732 om.
643 2687 714 2733 ed.
845 2693 871 2731 3
904 2689 1048 2733 desice
1079 2687 1220 2744 (infra
1251 2689 1428 2745 dissice)
1461 2687 1559 2731 LR.
1682 2692 1710 2730 4
1735 2703 1822 2744 Ρα-

28 2750 31 2753 ’
75 2782 78 2783 ⁷
129 2745 357 2792 manicam
369 2746 471 2790 LR.
481 2752 746 2804 potestatem
778 2747 849 2792 ed.
1004 2753 1030 2791 5
1059 2748 1269 2792 vellimus
1299 2747 1384 2790 LR
1416 2747 1626 2791 zellcmus
1657 2747 1728 2791 ed
1763 2759 1823 2790 an

52 2833 58 2838 »
90 2855 95 2860 ,
130 2805 381 2850 mimus?
429 2809 477 2850 -6
510 2806 666 2851 debuit
694 2807 823 2863 loqui
851 2806 937 2850 LR
969 2803 1094 2864 loqui
1114 2807 1354 2875 inciperet
1373 2806 1445 2850 ed.
1541 2809 1623 2850 10
1617 2811 1726 2850 aut
1741 2820 1824 2864 aye

24 2889 28 2928 3
57 2878 60 2884 ·
131 2859 342 2910 diversos
369 2867 532 2909 contra
570 2865 975 2928 interpretationis
1016 2865 1299 2910 sententiam
1337 2867 1447 2922 post
1470 2867 1648 2922 puppis
1677 2866 1825 2909 trans

25 2929 28 2936 ’
64 2968 66 2971 ,
131 2930 231 2980 pos.
265 2923 340 2967 ed.
405 2930 415 2956 ἓ
454 2929 514 2968 11-
540 2929 693 2969 ventos
723 2925 823 2979 LR,
856 2924 956 2969 sed-
971 2939 1114 2982 supra
1145 2924 1216 2968 1)ίο
1248 2931 1379 2969 vento
1410 2924 1475 2968 sic
1509 2939 1542 2968 r.
1635 2927 1708 2993 13
1742 2925 1822 2980 αΡ

127 2987 264 3038 paret
293 2982 397 3026 ed.
431 3011 436 3014 -
479 2987 543 3026 16
566 2984 764 3041 'iungere
794 2985 950 3029 debuit
980 2989 1068 3028 0111.
1093 2983 1174 3028 -0(1.
1276 3007 1278 3010 v
1394 3004 1401 3009 ·
1634 3007 1638 3012 ·
1692 3006 1696 3011 ·
1734 3008 1737 3011 ·

1856 464 1909 502 ‘10
