2014 3226
189 184 298 236 294
658 181 887 224 DONATI
918 179 1196 223 INTERPR.
1231 179 1407 224 VERG.

191 340 286 371 nox
336 323 586 371 evidenter
632 321 954 382 pronuntiare
1003 336 1099 366 non
1147 322 1327 381 posset.
1407 321 1538 381 quod
1590 323 1754 368 autem
1809 322 1880 370 ait

188 399 308 459 ipse,
341 398 431 444 hoc
470 398 522 442 in
563 395 852 456 pronomine
885 394 995 440 vult
1025 394 1274 456 intellegi:
1313 396 1418 455 ipse
1451 394 1716 443 Palinurus
1750 397 1880 457 peri-

190 472 406 520 tissimus
447 469 762 532 gubernator,
802 467 906 528 ipse
947 466 1033 528 qui
1067 468 1395 530 regendorum
1427 468 1741 532 navigiorum
1773 472 1879 517 arte

190 545 431 607 pollebat,
486 544 590 604 ipse
640 543 725 602 qui
772 543 879 588 vias
926 542 980 587 in
1026 541 1256 589 fluctibus
1305 544 1353 589 et
1401 542 1712 605 diligentiore
1763 558 1879 590 cura

190 619 431 666 rationem
472 616 688 664 siderum
727 618 947 675 noverat,
986 617 1091 676 ipse
1132 617 1269 662 cuius
1310 617 1597 678 magisterio
1637 616 1879 679 guberna-
1926 637 1946 668 5

188 695 318 740 tores
353 691 502 738 ceteri
533 689 844 753 regebantur.
909 693 1118 750 apparet
1158 705 1289 752 ergo,
1322 691 1379 735 ut
1418 691 1613 751 saepius
1654 690 1879 751 diximus,

189 768 239 812 in
293 763 665 826 pronominibus
722 779 824 810 esse
878 763 1172 824 plerumque
1226 764 1496 810 maximum
1556 764 1878 811 intellectum.

189 840 350 900 ipsum
385 840 551 886 autem
583 837 876 884 Palinurum
908 836 1081 883 ducem
1113 837 1265 884 fuisse
1299 839 1577 884 ceterorum
1607 839 1661 884 in
1699 839 1878 901 pelago

189 914 285 960 alio
341 913 391 959 in
447 913 554 959 loco
612 904 692 977 (5,
728 904 859 977 833)
914 912 1132 972 positum
1183 913 1378 958 constat
1425 927 1521 972 quo
1571 911 1759 958 dictum
1805 914 1880 960 est

187 988 444 1048 „princeps
501 988 615 1033 ante
670 986 828 1032 omnis
883 984 1089 1033 densum
1134 985 1403 1032 Palinurus
1460 985 1640 1048 agebat
1687 1001 1877 1049 agmen,
1905 1006 1948 1038 10

188 1061 250 1108 ad
289 1060 418 1107 hunc
459 1061 546 1107 alii
585 1074 780 1107 cursum
821 1058 1113 1106 contendere
1152 1057 1319 1106 iussi“.
1381 1060 1472 1107 tris
1514 1059 1633 1106 adeo
1665 1061 1879 1108 incertos

188 1150 330 1183 caeca
378 1134 589 1197 caligine
638 1133 764 1181 soles
813 1148 1032 1180 erramus
1080 1133 1280 1196 pelago,
1328 1132 1537 1180 totidem
1577 1134 1681 1181 sine
1721 1133 1878 1181 sidere

186 1211 367 1268 noctes,
409 1210 585 1270 quarto
625 1209 759 1255 terra
800 1207 877 1254 die
916 1207 1134 1267 primum
1173 1222 1223 1254 se
1264 1207 1492 1254 attollere
1530 1206 1733 1255 tandem
1771 1209 1879 1256 visa

187 1284 377 1344 aperire
418 1282 590 1344 procul
629 1282 812 1329 montis
853 1296 910 1328 ac
946 1281 1144 1328 volvere
1178 1282 1390 1328 fumum:
1431 1281 1690 1342 descriptis
1723 1283 1878 1329 omni·

185 1356 274 1405 bus
300 1372 428 1418 quae
454 1362 559 1403 orta
583 1357 852 1417 tempestas
878 1356 928 1402 et
953 1357 1098 1402 aucta
1133 1356 1409 1416 perfecerat
1441 1355 1657 1403 defectus
1690 1355 1796 1402 eius
1829 1358 1879 1403 et
1903 1376 1946 1407 15

185 1430 296 1478 finis
337 1430 629 1491 ostenditur,
670 1445 781 1477 cum
821 1428 960 1476 addit
998 1428 1106 1475 vela
1146 1429 1339 1484 cadunt,
1379 1430 1526 1476 remis
1561 1431 1876 1489 insumimus,

184 1506 303 1552 haut
339 1519 492 1559 mora,
532 1507 715 1552 nautae
754 1503 925 1550 adnixi
964 1506 1181 1562 torquent
1219 1516 1418 1561 spumas
1458 1507 1501 1550 ct
1538 1504 1736 1551 caerula
1775 1519 1878 1550 ver-

185 1582 325 1625 runt:
363 1577 767 1640 conparationem
800 1578 918 1624 fecit
947 1576 1222 1638 praesentis
1254 1578 1492 1638 temporis
1522 1579 1572 1624 et
1595 1577 1876 1638 praeteriti:

184 1653 237 1699 in
274 1654 572 1714 tempestate
612 1651 743 1699 enim
780 1667 916 1698 mare
954 1652 1088 1712 ipsos
1130 1650 1312 1714 agebat
1341 1651 1541 1710 invitos,
1573 1651 1720 1698 sicuti
1752 1651 1879 1700 dixit

186 1728 492 1786 „excutimur
524 1723 713 1786 cursu“,
737 1740 866 1772 nunc
889 1726 1002 1786 ipsi,
1028 1727 1266 1786 quoniam
1289 1726 1551 1773 ventorum
1576 1727 1878 1774 successerat
1901 1745 1954 1777 202

185 1801 324 1861 quies
379 1801 428 1848 et
481 1802 673 1848 montes
729 1815 784 1846 ac
841 1800 1005 1846 fumus
1059 1798 1216 1846 videri
1271 1802 1537 1860 coeperant
1585 1801 1876 1847 vanescente

185 1873 413 1938 caligine,
451 1875 600 1922 remis
637 1873 794 1920 undas
833 1873 1094 1936 urgebant,
1132 1875 1190 1920 ut
1228 1873 1293 1921 ad
1330 1873 1451 1920 litus
1490 1873 1751 1935 procedere
1789 1888 1876 1935 po-

183 1947 409 1995 tuissent.
493 1950 684 1996 interea
738 1947 971 2011 diligenti
1030 1948 1224 1995 ratione
1283 1947 1601 1995 tractandum
1663 1949 1758 2008 est,
1818 1949 1878 1995 ut

185 2021 500 2069 ostendamus
555 2025 754 2084 poetam
807 2037 907 2069 non
960 2021 1182 2083 posuisse
1237 2021 1510 2080 contraria,
1573 2022 1691 2069 fecit
1745 2023 1876 2069 enim

184 2096 523 2156 quaestionem
556 2096 807 2157 quandam
838 2111 938 2143 non
970 2096 1160 2142 attente
1191 2095 1469 2158 legentibus
1501 2094 1706 2143 dicendo
1741 2095 1875 2158 „ipse
1900 2113 1944 2147 25
1992 2100 1997 2113 '

185 2169 317 2216 diem
361 2172 654 2231 noctemque
697 2171 849 2233 negat
888 2169 1162 2217 discernere
1203 2167 1384 2230 caelo“,
1425 2170 1705 2230 „involvere
1747 2169 1876 2217 diem

184 2242 342 2290 nimbi
389 2245 439 2290 et
484 2259 581 2290 nox
626 2243 794 2290 umida
834 2243 1027 2290 caelum
1067 2242 1303 2291 abstulit“
1357 2245 1406 2291 et
1443 2245 1551 2305 ipse
1591 2243 1717 2290 dixit
1756 2243 1875 2304 „tris

186 2317 305 2364 adeo
343 2318 558 2365 incertos
598 2333 742 2365 caeca
782 2317 995 2380 caligine
1027 2317 1153 2365 soles
1187 2333 1407 2364 erramus
1438 2317 1633 2380 pelago,
1664 2317 1877 2365 totidem

183 2391 287 2437 sine
326 2389 482 2438 sidere
521 2390 732 2452 noctes“,
778 2393 884 2453 ipse
929 2406 1127 2438 rursum
1169 2391 1337 2453 posuit
1377 2393 1585 2452 „quarto
1623 2394 1758 2438 terra
1796 2390 1876 2439 die

182 2465 398 2524 primum
437 2480 487 2513 se
528 2465 757 2513 attollere
795 2465 997 2512 tandem
1036 2463 1185 2513 visa“.
1264 2464 1681 2527 quemadmodum
1718 2464 1876 2528 igitur
1897 2481 1946 2516 so:

182 2537 372 2585 dierum
419 2538 588 2602 colligi
627 2553 858 2586 numerus
897 2540 1085 2600 potuit,
1132 2540 1175 2586 si
1213 2539 1317 2586 dies
1357 2541 1622 2600 noctesque
1663 2538 1876 2586 discerni
1930 2580 1938 2586 ,

180 2609 542 2674 nequiverant?
595 2627 856 2673 possumus
875 2612 1018 2661 hunc
1047 2613 1212 2660 locum
1242 2613 1336 2660 hac
1366 2612 1560 2661 ratione
1592 2613 1875 2674 dissolvere,

1958 1813 1965 1832 b

1958 1837 1964 1864 ⁹.

1956 1871 1972 1891 y

1957 1894 1963 1917 1

301 2757 327 2796 9
361 2753 480 2808 quod
510 2751 598 2795 LR
628 2752 700 2796 ed.
733 2766 822 2808 quo
851 2766 949 2796 nos.
1060 2758 1114 2797 10
1141 2754 1357 2810 princeps
1375 2779 1431 2785 —
1448 2754 1596 2797 omnis
1625 2766 1714 2797 om.
1741 2753 1813 2796 ed.

182 2815 235 2855 11
269 2825 451 2856 cursum
481 2811 516 2854 L
548 2812 724 2855 culmen
755 2811 795 2854 R
826 2825 940 2854 corr.
966 2826 1061 2854 r=
1078 2812 1127 2855 L.
1246 2817 1299 2856 15
1333 2812 1531 2867 defectus
1559 2811 1609 2855 in
1639 2813 1804 2855 rasura
1835 2826 1870 2855 τι

270 2874 325 2914 21
357 2875 528 2915 montes
557 2883 613 2915 ac
641 2871 798 2926 famus
827 2871 974 2914 videri
997 2877 1235 2927 coeperant
1257 2871 1345 2915 LR
1374 2872 1530 2926 fumus
1552 2872 1702 2914 nzinui
1724 2884 1872 2928 coepe-

179 2934 256 2973 rat
286 2929 358 2973 ed.
488 2934 543 2974 22
575 2929 689 2973 remi
717 2928 805 2972 LR
834 2930 969 2974 remis
1001 2945 1024 2973 r
1055 2930 1127 2974 ed.
1261 2936 1318 2974 24
1342 2935 1480 2986 poeta
1511 2930 1560 2973 L.
1611 2931 1618 2986 Ι
1670 2930 1872 2986 pomis&

179 2987 265 3031 LR
291 2989 498 3044 posuisse
527 3003 552 3032 r
582 2987 653 3032 ed.
