2014 3226
793 119 1096 163 AENEIDOS
1129 120 1149 162 Ι
1751 122 1819 172 15

125 266 255 322 iunx,
291 265 411 310 natu
450 262 624 320 maior,
663 261 838 324 regina
878 259 1095 323 deorum,
1129 275 1239 307 cum
1279 260 1464 308 iniuria
1503 261 1666 307 famae
1699 276 1817 308 suae

126 338 344 386 obtinere
393 334 686 396 nequiverit.
776 349 952 382 causae
1001 350 1116 398 ergo
1164 336 1351 380 irarum
1398 335 1620 394 fuerunt,
1669 335 1820 381 sicuti

125 412 310 458 dictum
358 412 453 470 est,
500 409 552 455 in
598 408 783 455 iudicio
831 409 953 455 mali
1001 410 1138 455 aurei
1190 408 1338 455 duae:
1392 423 1493 455 una
1548 409 1666 468 quia
1719 424 1819 456 non

125 485 360 543 obtinuit,
408 484 566 531 altera
613 484 732 544 quia
781 482 1037 543 pulchrior
1082 482 1304 529 iudicata
1356 484 1431 529 est
1476 482 1657 529 Venus.
1743 483 1820 529 ira

81 576 100 608 5
123 559 339 621 pertinet
387 557 449 604 ad
495 557 637 603 illam
683 559 900 618 partem,
956 557 1074 617 quia
1121 570 1218 604 non
1266 557 1410 615 vicit,
1465 557 1601 604 saevi
1652 558 1818 603 autem

123 633 315 679 dolores
342 632 404 678 ad
435 631 670 677 iniuriam
704 631 894 678 formae
925 632 1236 677 revocantur.
1309 631 1600 694 gravissime
1633 631 1820 691 quippe

123 708 334 753 feminae
375 704 704 770 offenduntur,
746 705 787 752 si
827 704 1000 751 foedae
1039 703 1334 751 iudicentur.
1414 703 1626 765 denique
1665 706 1820 751 satiat

122 782 282 842 ipsam
335 781 530 841 partem
575 778 828 842 Vergilius
886 778 1092 826 dicendo
1148 780 1317 825 manet
1372 778 1476 825 alta
1531 779 1695 826 mente
1742 794 1818 825 10-

122 856 320 917 postum
373 852 614 900 iudicium
665 852 860 900 Paridis
917 854 1208 914 spretaeque
1263 851 1449 899 iniuria
1498 852 1707 912 formae,
1762 854 1819 899 ut

59 945 100 977 10
122 944 218 976 non
273 929 471 974 tantum
525 927 655 974 irata
710 926 941 974 videatur
992 926 1124 987 quod
1174 927 1307 973 victa
1356 929 1430 974 est
1476 928 1718 988 quantum
1765 927 1818 972 in

122 1002 212 1050 illa
257 1003 401 1063 parte
447 1016 574 1062 quae
630 1000 693 1048 ad
747 1001 985 1048 iniuriam
1040 1001 1227 1047 formae
1275 999 1571 1062 pertinebat.
1649 1002 1820 1048 manet

122 1091 236 1140 ergo
293 1075 425 1136 quod
479 1075 606 1122 dixit
660 1075 722 1122 ad
778 1076 945 1122 omnia
992 1075 1232 1135 pertinet,
1287 1076 1542 1136 repostum
1588 1090 1704 1122 vero
1755 1074 1821 1122 ad

121 1150 359 1197 iudicium
413 1148 631 1210 Paridis,
694 1149 935 1197 iudicium
996 1148 1187 1196 scilicet
1248 1151 1537 1210 corruptum
1594 1147 1818 1196 libidinis

122 1225 365 1286 praemio,
404 1222 598 1270 Paridis
647 1238 762 1271 vero
811 1224 882 1272 310
922 1222 1280 1285 accipiendum,
1324 1225 1381 1270 ut
1422 1223 1699 1270 convicium
1737 1223 1822 1283 sit,

58 1315 98 1347 15
122 1315 219 1346 non
258 1298 472 1345 hominis
513 1313 714 1357 nomen,
762 1297 953 1345 scilicet
998 1297 1143 1358 quasi
1181 1296 1384 1357 abiecti,
1432 1298 1575 1358 quasi
1613 1296 1820 1356 venalis,

123 1372 265 1434 quasi
319 1372 541 1434 vulgaris
596 1373 647 1419 et
699 1370 964 1419 inhonesti.
1048 1372 1218 1419 manet
1271 1370 1377 1418 alta
1421 1373 1586 1418 mente
1631 1370 1818 1418 iniuria

122 1447 331 1494 formae:
371 1445 464 1493 1100
494 1446 603 1493 1000
636 1445 860 1493 doctores
894 1445 1163 1505 falluntur3
1195 1461 1313 1493 nam
1343 1445 1550 1493 tradunt
1580 1446 1823 1493 iniuriam.

122 1522 310 1568 formae
350 1519 420 1567 sic
453 1521 695 1567 extitisse:
737 1519 910 1567 dicunt
942 1521 1075 1567 enim
1105 1518 1414 1583 Antigonam
1438 1518 1630 1566 Priami
1660 1518 1817 1566 filiam

122 1596 398 1658 ingressam
447 1593 652 1641 Iunonis
707 1594 951 1655 templum
1005 1594 1218 1641 formam
1272 1593 1493 1655 corporis
1548 1594 1626 1641 sui
1674 1608 1820 1655 prae-

58 1685 100 1717 30
121 1668 294 1717 tulisse
334 1667 598 1716 simulacro
639 1667 772 1716 deae.
853 1667 986 1728 quod
1024 1669 1199 1715 contra
1236 1669 1332 1728 est3
1371 1683 1487 1715 nam
1526 1667 1703 1716 melius
1743 1670 1818 1715 est

122 1742 409 1806 intellegere
458 1741 593 1804 quod
639 1740 892 1806 Vergilius
939 1741 1090 1788 habet
1145 1757 1294 1802 quam
1348 1741 1576 1789 fabulosa
1623 1743 1816 1800 sectari,

130 1818 181 1863 ut
226 1817 412 1864 iniuria
459 1816 647 1864 formae
687 1815 882 1864 Paridis
929 1816 1018 1877 sit,
1064 1831 1164 1863 non
1201 1814 1500 1878 Antigonae.
1579 1815 1718 1863 addit
1768 1819 1825 1863 et.

124 1906 275 1954 genus
306 1889 538 1951 invisum,
569 1892 627 1937 ut
659 1890 722 1937 ad
761 1890 1089 1952 principalem
1129 1904 1329 1938 causam
1368 1890 1610 1954 gementis
1650 1892 1823 1937 aestus.

122 1963 397 2025 reduceret,
453 1966 503 2011 et
546 1965 682 2026 rapti
730 1962 1031 2026 Ganymedis
1078 1963 1313 2024 honores,
1366 1965 1631 2026 propterea
1686 1963 1822 2025 quod

60 2054 101 2087 85
123 2040 339 2101 turpiter
386 2040 580 2087 amatus
620 2038 688 2086 sit
727 2053 757 2085 a
795 2037 926 2086 Iove.
992 2037 1085 2086 1100
1122 2037 1231 2086 1000
1271 2037 1471 2086 foedum
1510 2039 1587 2086 est
1623 2038 1815 2085 intelle-

126 2128 240 2176 gere
279 2112 471 2174 aliquid
512 2112 571 2160 de
611 2111 812 2160 zodiaco
853 2112 1038 2160 circulo
1073 2111 1127 2160 in
1160 2127 1256 2174 quo
1290 2110 1601 2174 Ganymedes
1633 2112 1827 2159 dicitur>

126 2186 432 2247 conlocatuS‚
478 2202 539 2235 ne
585 2187 796 2234 infames
846 2189 896 2234 et
943 2185 1216 2234 effeminati
1260 2187 1393 2234 inter
1438 2187 1612 2234 sancta
1654 2185 1825 2234 sidera.

125 2262 443 2308 numerentur
482 2262 532 2308 et
570 2261 841 2309 sentiamus
881 2259 1014 2323 quod
1052 2261 1202 2323 poeta
1244 2276 1344 2308 11011
1383 2260 1524 2308 dixit.
1590 2261 1824 2322 exposuit

127 2335 285 2383 omnis
340 2349 512 2383 causas
575 2336 625 2382 et
686 2333 903 2382 ostendit
963 2333 1218 2383 universas
1281 2334 1469 2382 alienas
1532 2334 1593 2382 ab
1647 2334 1828 2382 Aenea,

61 2423 104 2455 ao
127 2410 296 2470 atque,
350 2410 407 2456 ut
460 2408 704 2470 posterius
752 2408 912 2457 dictas
960 2407 1240 2458 ostenderet
1285 2407 1570 2468 incidentiS,
1622 2409 1696 2456 ait
1738 2408 1815 2455 his

47 2480 49 2482 ’
127 2496 327 2530 accensa
365 2496 526 2542 super,
571 2482 665 2530 hoc
711 2484 786 2530 est
824 2482 902 2530 his
942 2497 1148 2531 accensa
1186 2498 1334 2545 super
1371 2482 1514 2530 illam
1552 2498 1679 2544 quae
1718 2482 1827 2529 fuit.

32 2604 50 2628 ,7
126 2558 327 2617 propter
358 2555 601 2604 excidium
633 2554 964 2620 Carthaginis.
1028 2558 1078 2604 et
1107 2556 1231 2604 bene
1262 2556 1390 2604 dixit
1420 2570 1646 2619 aecensa3
1684 2556 1816 2620 ignis

43 2708 53 2746 ῖ
247 2700 270 2739 7
303 2697 432 2750 foede
461 2696 550 2740 LR
579 2697 738 2750 foedae
769 2712 792 2740 r
823 2696 894 2742 ed.
989 2701 1043 2740 12
1075 2702 1304 2755 repostum
1333 2710 1436 2742 vero
1466 2697 1530 2742 ad
1560 2709 1648 2739 om.
1682 2696 1754 2740 ed.

130 2759 183 2798 15
207 2755 376 2800 scilicet
393 2782 445 2788 —
467 2761 521 2800 16
546 2755 774 2800 inhomsti
797 2755 1057 2800 omittendo
1083 2758 1132 2800 et
1153 2754 1485 2812 interpolando
1509 2754 1718 2812 corrupit
1742 2754 1814 2799 ed.

218 2818 272 2858 18
305 2815 504 2859 extitisse
534 2827 623 2859 om.
657 2814 727 2858 ed.
867 2819 922 2858 22
955 2814 1075 2861 adde
1106 2814 1176 2859 ed.
1313 2819 1368 2859 26
1401 2815 1455 2860 de
1485 2815 1696 2860 diodiaeo
1727 2813 1827 2858 LR.

129 2885 243 2916 corr.
268 2887 293 2917 1
315 2873 387 2917 ed.
480 2877 536 2976 2dS
560 2879 856 2919 numerentur
879 2873 968 2918 LR
997 2875 1092 2919 sint
1114 2875 1347 2920 numerati
1369 2873 1441 2918 ed.
1535 2877 1710 2918 30—31
1742 2873 1827 2918 hia

47 2967 50 2971 .
129 2944 314 2977 accensa
346 2945 433 2977 om.
469 2946 494 2977 e
531 2968 540 2976 .
