2014 3226
815 172 1118 215 AENEIDOS
1151 172 1171 214 I
1772 174 1839 224 79

147 314 419 362 subsidium
476 316 524 360 et
576 314 934 360 transvectioni
989 314 1131 373 copia
1185 315 1469 374 pararetur,
1524 312 1842 360 differebatur

147 403 339 450 quoque
380 387 512 448 quod
549 388 714 434 fuerat
752 387 1120 433 maturandum.
1200 390 1494 444 onerantque
1540 401 1688 433 (tm-o:
1752 387 1840 448 Sy-

147 463 351 509 chaeum
403 462 628 523 superius
681 462 807 507 dixit
856 461 1107 508 rettulisse
1160 477 1334 507 aurum
1383 465 1531 522 atque
1580 464 1839 524 argentum

145 536 387 598 incogniti
418 535 649 596 ponderis
681 537 732 581 in
764 536 1045 582 thensauris
1078 536 1230 582 fuisse
1265 539 1313 581 et
1346 535 1512 582 omnia
1544 551 1656 581 eum
1680 538 1839 582 trans-

101 627 121 659 5
146 609 346 657 ferenda
394 609 676 668 mandasse,
725 626 784 656 ne
833 625 889 656 ex
929 609 1030 655 illis
1073 609 1263 670 aliquid
1302 611 1579 656 remaneret
1618 609 1750 670 quod
1788 610 1839 655 in

142 683 355 730 hominis
405 683 683 731 saevissimi
729 684 870 730 lucra
918 684 1140 731 converti
1186 683 1452 743 potuisset,
1509 683 1591 730 sed
1643 683 1730 729 ubi
1777 683 1841 729 ad

143 759 303 819 ipsam
354 759 525 820 fugam
576 760 781 804 ventum
832 759 927 816 est,
978 758 1191 818 fugituri
1242 757 1388 818 quale
1442 757 1703 804 consilium
1755 757 1839 804 ha-

142 831 339 879 buerint
378 835 526 892 poeta
567 834 932 878 commemorat.
997 833 1039 878 si
1079 832 1211 878 enim
1250 831 1437 878 vellent
1467 835 1630 879 totum
1663 847 1839 878 aurum

142 905 269 953 ferre
319 909 366 952 et
415 922 557 953 omne
606 907 888 968 argentum,
938 907 1098 953 maior
1144 921 1379 952 numerus
1427 906 1629 952 navium
1677 906 1839 953 fuerat

76 996 118 1029 10
141 981 466 1039 necessarius,
515 995 661 1041 quem
708 979 970 1027 constabat
1014 981 1068 1026 in
1114 983 1349 1041 promptu
1395 996 1494 1027 non
1546 995 1662 1027 esse.
1741 997 1839 1028 non

142 1069 257 1117 ergo
307 1055 580 1115 inpositum
631 1057 705 1101 est
755 1057 938 1113 totum,
990 1053 1075 1101 sed
1123 1053 1258 1115 quod
1304 1070 1393 1115 pro
1441 1054 1587 1102 modo
1635 1055 1839 1102 navium

140 1129 307 1189 potuit
345 1127 478 1188 ferri,
517 1144 606 1175 nec
645 1127 794 1189 pretii
832 1128 1081 1175 inferioris
1123 1129 1325 1189 species,
1365 1128 1449 1176 sed
1489 1144 1548 1176 ea
1586 1144 1714 1190 quae
1753 1144 1839 1190 po-

139 1202 282 1250 tioris
332 1203 499 1249 meriti
549 1202 662 1249 fuit.
741 1218 884 1262 auro,
934 1203 1120 1263 inquit,
1171 1203 1313 1250 navis
1362 1205 1583 1250 onerant.
1661 1203 1838 1250 melius

141 1277 272 1323 enim
326 1276 490 1324 fuerat
545 1279 600 1323 ut
653 1279 913 1339 argentum
965 1278 1288 1336 temeretur,
1337 1277 1475 1324 cuius
1521 1279 1738 1338 pretium
1787 1277 1838 1323 in

76 1367 117 1400 15
142 1351 494 1411 conparatione
537 1353 645 1398 auri
684 1350 945 1398 constabat
978 1366 1080 1398 esse
1113 1351 1334 1399 inferius.
1398 1353 1619 1411 onerant,
1659 1351 1838 1413 inquit,

141 1426 197 1471 ut
236 1424 518 1472 ostenderet
557 1427 606 1472 et
645 1426 858 1487 amplius
897 1426 1173 1486 inpositum
1212 1441 1363 1487 quam
1401 1441 1553 1473 naves
1593 1426 1720 1472 ferre
1753 1441 1839 1487 po-

139 1501 344 1546 tuerant
381 1500 430 1546 et
468 1498 719 1546 infinitum
757 1499 987 1546 relictum
1027 1515 1138 1547 cum
1175 1501 1380 1562 argento
1413 1499 1546 1562 quod
1576 1500 1838 1548 transferri

140 1588 239 1620 non
287 1574 473 1634 potuit:
537 1573 685 1621 aliter
731 1574 1022 1621 divitiarum
1069 1575 1213 1635 copia
1261 1574 1471 1635 exprimi
1516 1589 1616 1621 non
1655 1575 1836 1636 potuit,

140 1648 237 1695 nisi
285 1647 533 1695 diceretur
579 1647 643 1695 ad
689 1647 1046 1709 exportandam
1085 1648 1465 1696 thensaurorum
1505 1647 1838 1696 substantiam

75 1738 118 1771 20
140 1737 230 1769 nec
277 1722 419 1770 navis
467 1722 688 1769 sufficere
735 1723 979 1783 potuisse,
1018 1724 1076 1769 ut
1114 1722 1195 1770 vel
1235 1737 1409 1769 aurum
1451 1722 1611 1770 solum
1650 1723 1838 1770 valeret

141 1796 337 1843 auferri.
407 1799 674 1855 portantur
720 1798 863 1844 avari
900 1796 1237 1858 Pyymalionis
1283 1811 1395 1856 opes
1437 1796 1639 1859 pelayo:
1694 1813 1837 1845 omne

139 1870 232 1917 hoc
272 1885 328 1917 eo
366 1869 624 1934 redigitur,
662 1874 719 1918 ut
756 1870 996 1932 probetur
1034 1870 1167 1932 quod
1203 1873 1278 1919 est
1309 1871 1519 1918 dictum:
1560 1870 1836 1919 ditissimus

141 1945 249 2006 agri
287 1943 591 1992 Phoenicum
637 1945 804 1992 fuerat
851 1944 1100 2007 Sychaeus
1149 1945 1198 1992 et
1244 1946 1475 2008 ignotum
1520 1945 1713 2007 pondus
1761 1961 1836 1992 ar-

141 2019 280 2080 genti
327 2021 377 2065 et
423 2019 535 2065 auri
580 2019 769 2067 habuit.
846 2021 1113 2081 portantur
1159 2021 1299 2067 avari
1338 2018 1679 2083 Pygmalionis
1719 2034 1836 2080 opes

30 2089 51 2167 ζ,
76 2108 118 2141 25
140 2092 342 2155 pelago:
381 2094 581 2140 tantum
615 2092 849 2156 ponderis
881 2094 993 2155 fuit,
1025 2097 1081 2141 ut
1112 2095 1318 2156 propter
1349 2094 1459 2141 auri
1490 2093 1836 2141 tantummodo

32 2169 77 2219 ἵ,
142 2167 354 2229 speciem
399 2167 797 2215 transferendam
844 2170 892 2215 et
937 2168 1065 2215 hanc
1111 2183 1211 2215 non
1251 2183 1447 2215 omnem
1485 2183 1623 2215 mare
1661 2168 1837 2216 fuisset

140 2242 488 2288 necessarium.
566 2241 698 2303 quod
752 2243 922 2289 autem
975 2242 1102 2289 dixit
1147 2241 1490 2305 Pygmalionis
1542 2258 1682 2304 opes,
1736 2257 1836 2289 non

142 2314 274 2376 quod
305 2331 363 2362 ex
400 2314 541 2363 bonis
580 2315 920 2379 Pygmalionis
962 2315 1312 2364 descenderent
1349 2311 1547 2380 [dixit],
1587 2315 1672 2364 sed
1711 2331 1835 2378 quas

142 2388 480 2437 arbitrabatur
525 2389 590 2437 ad
638 2389 930 2438 aviditatem
977 2405 1117 2438 suam
1163 2406 1277 2438 mox
1324 2405 1428 2438 esse
1474 2391 1731 2451 venturas,
1782 2390 1835 2436 in

77 2478 120 2512 ao
142 2478 241 2524 quo
280 2478 378 2510 non
417 2462 650 2512 inmerito
691 2463 1009 2527 adfligeretur
1047 2464 1346 2512 cruciatibus
1395 2465 1661 2524 avaritiae,
1708 2480 1834 2526 quae

143 2537 213 2584 sic
251 2536 470 2584 dolitura
509 2540 651 2599 esset,
683 2539 828 2600 quasi
863 2554 1035 2586 revera
1073 2538 1331 2600 proprium
1369 2537 1546 2587 fuisset
1584 2537 1833 2586 amissum.

142 2611 243 2658 duoe
272 2612 458 2671 femina
486 2612 629 2671 facti:
659 2613 772 2674 ipsa
803 2613 935 2660 enim
964 2611 1132 2674 potior
1163 2612 1390 2660 omnibus
1421 2614 1534 2674 fuit,
1559 2614 1610 2660 et
1632 2614 1836 2675 propter

262 2756 287 2795 6
319 2752 397 2796 sed
427 2753 510 2796 ubi
538 2751 626 2795 LR
654 2753 733 2797 sed
763 2767 819 2796 ne
850 2753 932 2798 ubi
961 2753 1049 2807 ed„
1081 2766 1226 2810 quare
1266 2753 1449 2810 aliquid
1488 2752 1718 2797 excidisse
1758 2767 1835 2796 su-

143 2809 352 2866 spicatur
378 2811 424 2854 F.
520 2816 574 2855 13
599 2812 760 2857 melius
777 2839 831 2844 —
852 2816 907 2855 15
931 2812 1130 2867 inferius
1154 2813 1363 2869 corrupit
1385 2813 1456 2857 ed.
1549 2816 1602 2855 17
1626 2812 1834 2856 relictum

143 2881 230 2912 om.
256 2869 328 2914 ed.
436 2874 492 2914 25
524 2876 650 2915 ιιι-
667 2875 722 2914 27
754 2873 1060 2916 necessarium
1090 2871 1140 2915 in
1171 2871 1429 2916 absurdum
1461 2870 1670 2928 con-upit
1701 2870 1772 2915 ed.

142 2929 354 3031 {Sldixit
381 2929 558 2973 inserui
588 2932 643 2975 ut
674 2934 774 2976 354.
897 2934 954 2975 30
985 2932 1212 2976 inmeritis
1242 2945 1276 2975 r.
1409 2935 1583 2975 30-31
1619 2930 1740 2988 quod
1767 2930 1834 2975 sic

174 2999 200 3030 ο
218 2987 371 3033 iturus
402 2989 472 3032 ed.
954 3019 958 3022 .
1470 3009 1473 3015 ·
