2014 3226
781 161 1083 204 AENEIDos
1116 161 1135 203 1
1733 161 1799 212 61

114 320 223 352 mea
263 320 326 365 es,
367 303 460 350 tibi
501 319 650 364 quam
689 303 1004 349 vehementer
1035 302 1303 349 sollicitam
1335 301 1494 362 video,
1526 301 1621 348 tibi
1654 317 1804 362 quam

114 379 227 426 nolo
275 377 443 426 vexari
490 376 757 439 angoribus
806 375 1075 435 diuturnis,
1122 376 1215 423 tibi
1259 375 1400 422 fabor
1438 375 1570 436 quod
1609 379 1805 436 praet-er

114 456 163 500 te
202 452 398 499 nullum
437 451 669 498 convenit
706 465 862 498 nosse.
941 451 1067 496 em'm
1106 450 1300 508 quando
1339 450 1454 496 haec
1492 454 1536 496 te
1573 464 1694 496 cura
1731 464 1803 495 re-

114 526 309 579 mordet,
350 526 539 584 longius
580 523 796 571 evolvens
835 524 1052 582 fatorum-
1090 538 1276 571 areana
1315 525 1531 570 moerebo:
1587 538 1692 586 ego,
1730 524 1803 569 in-

71 617 90 648 5
117 601 246 661 quit,
285 600 455 660 paucis
494 601 544 645 te
583 599 879 646 instructam
916 596 1119 644 reddere
1158 597 1326 657 debui,
1367 598 1449 645 sed
1490 598 1607 659 quia
1648 598 1804 660 aegri-

115 673 234 721 tudo
290 674 446 720 animi
499 673 576 719 tui
630 687 728 719 non
783 675 948 732 potest
1002 673 1201 732 penitus
1263 671 1506 718 brevitate
1569 672 1806 718 sermonis

115 747 331 807 excludi,
378 749 496 793 utar
540 746 829 807 prolixitate
870 745 1128 805 narrandi,
1175 752 1231 792 ut
1271 745 1445 792 edocta
1482 747 1533 791 in
1576 741 1806 792 omnibus

116 821 339 870 omnium
385 824 586 868 tuorum
632 821 738 867 fata
787 819 1070 867 condiscens
1108 819 1307 867 laeteris
1347 821 1596 880 prosperis
1637 822 1686 866 et
1725 835 1805 880 pe-

117 897 251 942 nitus
299 894 452 942 animi
498 909 744 941 maerores
793 893 1038 941 excludas.
1114 893 1193 941 hic
1242 894 1377 940 locus
1419 894 1678 940 ordinatur
1716 894 1807 940 sic:

50 985 93 1019 10
116 969 196 1017 hie
256 969 350 1016 tibi
410 967 574 1028 fabor,
638 967 836 1029 quando
899 968 1029 1014 enim
1089 968 1210 1014 haec
1265 971 1314 1014 te
1370 983 1487 1015 cura
1548 965 1806 1014 remordet.

116 1044 290 1091 bellum
347 1045 514 1102 inglens
563 1046 695 1101 {seret
738 1042 918 1089 Italia:
979 1057 1077 1088 non
1123 1041 1327 1089 Italiam
1382 1042 1504 1088 dicit
1556 1043 1809 1104 gesturam

116 1117 315 1176 bellum,
355 1117 502 1164 Sicuti
542 1116 631 1163 alii
668 1118 863 1177 putant,
904 1115 988 1163 sed
1019 1116 1221 1162 Aenean
1253 1118 1508 1178 gesturum
1540 1115 1728 1163 bellum
1758 1115 1810 1161 in

28 1221 40 1228 —
117 1191 288 1252 Italia3
351 1190 562 1238 deducta
607 1192 739 1237 enim
785 1190 837 1236 in
882 1190 1251 1251 praepositione
1306 1189 1432 1236 dixit
1478 1193 1614 1253 geret
1661 1187 1810 1236 Italia

116 1266 302 1313 bellum
354 1265 447 1312 hoc
501 1266 576 1312 est
628 1264 680 1310 in
733 1264 897 1312 Italia.
976 1264 1188 1325 denique
1243 1263 1467 1325 sequitur
1510 1264 1812 1323 populosque

53 1355 95 1389 15
117 1341 296 1399 feroces
346 1339 601 1386 contundet
643 1352 890 1398 moresque
942 1340 1064 1385 ‘cir-is
1118 1342 1160 1385 et
1210 1339 1402 1385 moenia
1447 1342 1609 1398 ponet.
1697 1353 1810 1399 pro·-

119 1415 318 1461 nuntiat
363 1413 589 1460 futuram
637 1412 838 1474 quidem
882 1413 1099 1475 ingentis
1145 1411 1265 1460 belli
1312 1427 1500 1472 curam,
1557 1411 1640 1460 sed
1682 1411 1812 1458 bona

119 1490 422 1549 proventura
458 1487 707 1548 posterius
739 1486 919 1534 iterum
950 1487 1093 1548 ponit
1129 1486 1295 1534 dicens
1328 1489 1468 1534 tertia
1501 1487 1619 1533 dum
1650 1486 1797 1533 Latio
1815 1493 1900 1532 265

119 1565 398 1621 reynantem
435 1561 611 1608 viderit
647 1565 831 1609 aestas:
879 1560 933 1607 id
972 1564 1046 1608 est
1083 1560 1279 1608 modico
1318 1562 1541 1622 tempore
1579 1562 1812 1623 regnatu-

120 1652 231 1683 rum
268 1636 484 1696 Aenean,
525 1635 618 1682 hoc
657 1639 730 1683 est
768 1636 998 1694 triennio,
1038 1650 1249 1696 cumque
1290 1635 1383 1682 hoc
1422 1634 1558 1695 dicit,
1598 1633 1813 1682 ostendit

40 1723 99 1758 'so
120 1709 295 1771 procul
321 1709 470 1756 dubio
494 1709 805 1771 moriturum,
829 1709 916 1756 sed
948 1709 1080 1770 quod
1110 1709 1207 1756 fuit
1236 1708 1382 1756 triste
1411 1708 1816 1770 praetermissum

41 1823 45 1828 .
122 1786 208 1831 est.
286 1785 511 1844 sequenti
547 1786 716 1831 tamen
756 1783 994 1831 sermonis
1033 1784 1191 1844 ipsius
1230 1797 1375 1831 cursu
1413 1783 1558 1844 ponit
1602 1786 1655 1830 at
1685 1796 1816 1842 puer

39 1904 45 1909 ,
121 1855 383 1912 Ascanius
417 1859 497 1905 eui
534 1871 664 1904 mmo
702 1871 959 1917 coynomen
997 1858 1111 1904 Iulo
1151 1856 1365 1912 additur,
1399 1857 1438 1903 I
1440 1857 1518 1904 lus
1548 1860 1666 1913 erat,
1697 1857 1814 1904 dum

41 1956 49 1973 γ·
122 1945 199 1980 res
245 1933 369 1980 stetit
406 1932 446 1978 I
447 1932 518 1979 lia
562 1945 730 1991 re9n0‚
779 1933 979 1991 trimma
1022 1945 1226 1991 may‘nos
1270 1932 1518 1979 volvendis
1569 1931 1816 1978 mensibus

38 1986 52 2030 ³
123 2006 259 2054 orbes
296 2007 498 2066 imperio
539 2006 741 2066 explebit
768 2020 1062 2066 reynumque
1093 2006 1155 2052 ab
1185 2005 1296 2053 sede
1325 2005 1512 2053 Lavini
1542 2005 1804 2064 transferet
1818 2010 1904 2050 270

62 2088 102 2138 ξε
125 2083 168 2128 et
210 2079 406 2140 lonyam
449 2080 604 2127 multa
649 2080 699 2126 vi
742 2081 927 2127 muniet
963 2078 1167 2135 Albam,
1206 2082 1265 2127 ut
1301 2079 1582 2128 ostenderet
1618 2080 1816 2126 Aeneae

123 2168 220 2201 non
261 2153 531 2202 extrarium
569 2153 802 2215 aliquem,
849 2153 935 2202 sed
972 2153 1133 2200 filium
1171 2168 1522 2214 successurum,
1570 2153 1703 2215 quod
1743 2156 1817 2201 est

80 2230 83 2231 ⁷
125 2227 351 2276 omnibus
398 2227 618 2289 optabile
661 2227 977 2288 parentibus,
1023 2227 1328 2289 eundemque
1374 2228 1648 2275 feliciorem
1696 2227 1817 2287 fore,

124 2303 179 2349 in
222 2303 421 2350 tantum
464 2304 522 2348 ut
569 2301 701 2363 quod
744 2304 889 2363 pater
932 2301 1148 2350 triennio
1193 2303 1436 2350 tenuisset
1479 2301 1566 2348 ille
1612 2301 1818 2349 haberet

125 2391 214 2437 per
253 2390 408 2423 annos
446 2375 670 2439 triginta.
745 2391 942 2424 rursum
981 2391 1093 2424 cum
1130 2375 1278 2423 finem
1315 2375 1582 2437 pollicetur
1618 2375 1819 2437 imperii

128 2465 256 2497 amno
294 2450 544 2498 tricesimo
582 2452 858 2510 transact0‚
898 2450 1116 2499 ostendit
1153 2451 1308 2497 etiam
1343 2451 1509 2511 ipsum
1546 2449 1819 2497 Asca-nium

31 2663 33 2665 .
67 2648 69 2650 -
249 2623 274 2662 3
306 2620 492 2676 quando
514 2619 602 2663 LR
631 2622 752 2665 enim
784 2619 947 2663 addidi
972 2622 1165 2677 propter
1188 2619 1381 2676 interpr.
1476 2624 1499 2663 7
1530 2621 1663 2664 docta
1687 2618 1757 2662 ed.

82 2727 85 2730 Α
131 2682 157 2722 8
189 2680 392 2723 onmium
430 2693 519 2724 om.
553 2680 624 2724 ed.
778 2684 834 2723 10
873 2680 1010 2733 fabor
1040 2680 1226 2735 quando
1257 2681 1378 2724 enim
1409 2678 1495 2722 LR
1533 2680 1567 2733 f.
1600 2679 1752 2734 inquit
1782 2692 1816 2722 e.

131 2751 204 2792 qu.
236 2737 308 2782 ed.
433 2742 490 2783 11
520 2752 615 2783 mm
645 2739 838 2783 Italiam
869 2737 1154 2795 etc.cf.10,
1178 2742 1220 2782 8.
1344 2742 1401 2782 16
1431 2739 1593 2796 inyem
1622 2737 1709 2780 LR
1747 2739 1818 2782 in·

130 2797 277 2853 yemis
304 2811 329 2840 r
358 2797 582 2855 inqentem
604 2796 641 2841 L
670 2796 1086 2842 Hman.ed.1⁷
1118 2800 1227 2855 post
1252 2799 1390 2853 ponit
1417 2809 1581 2841 rasura
1612 2796 1820 2852 quinque

133 2854 230 2899 fere
259 2854 524 2900 litterarum
554 2857 606 2900 in
635 2856 685 2901 L.
779 2861 837 2900 24
869 2857 1064 2913 eaepkvit
1092 2857 1180 2900 LR
1211 2870 1325 2900 corr.
1357 2870 1395 2901 r.
1479 2857 1536 2901 ab
1567 2855 1656 2898 LR
1686 2870 1717 2900 a
1747 2856 1818 2900 ed.

73 2916 77 2922 ’
221 2919 279 2958 26
317 2917 572 2960 extrarium
608 2917 807 2972 aliquem
836 2915 879 2959 R
916 2917 1179 2961 extr-auium
1217 2917 1277 2960 al.
1311 2915 1347 2958 L
1445 2917 1582 2971 ‘quem
1624 2927 1713 2958 om.
1747 2915 1819 2959 ed.

135 2975 382 3028 (extrarius
412 2986 553 3032 saepe
586 2974 644 3019 cf.
671 2976 788 3031 358).
882 2979 938 3018 2⁷
969 2977 1244 3031 eundemque
1274 2973 1362 3018 LR
1391 2988 1493 3019 eum
1523 2974 1717 3030 deniqtoe
1747 2974 1819 3018 ed.
