2014 3226
889 160 1190 204 AENEIDOS
1223 162 1284 203 VI
1816 168 1918 220 4317

240 296 292 344 id
339 299 414 344 est
461 297 503 344 si
547 299 706 359 possis
746 299 852 345 fata
894 299 1098 346 adversa
1137 315 1389 362 superare,
1430 305 1611 363 poteris
1652 321 1752 352 esse
1793 306 1919 354 Mar-

241 370 407 418 cellus.
491 373 606 433 post
658 370 853 419 infinita
908 388 1033 434 quae
1087 373 1145 421 de
1201 375 1304 422 eius
1359 391 1443 437 spe
1499 377 1691 425 locutus
1746 383 1818 426 est
1873 386 1920 427 et

239 445 462 506 peritura
506 444 646 493 flevit
692 448 740 492 et
786 446 977 508 gemuit
1022 447 1187 508 posuit
1228 450 1331 496 eius
1373 465 1562 510 nomen,
1603 467 1728 499 nuno
1768 452 1824 499 de
1864 470 1919 499 eo

241 517 430 579 aliquid
476 518 614 566 dixit.
691 520 919 568 manibus
964 521 1074 567 date
1112 522 1215 569 lilia
1248 523 1429 581 plenis,
1470 538 1745 583 purpureos
1783 540 1919 585 spar-

195 609 215 641 5
236 606 352 651 qam
389 594 555 650 flores:
594 592 843 640 adfectum
882 593 1094 642 dolentis
1133 596 1369 657 expressit
1408 597 1612 646 dicendo
1652 598 1780 658 date,
1812 614 1920 646 cum

239 681 338 714 non
361 668 540 714 ‘essent
570 669 767 728 praesto
802 669 888 728 qui
919 667 1108 728 darent,
1141 672 1189 716 et
1222 669 1350 730 quod
1385 671 1457 717 ait
1487 671 1715 719 manibus
1748 672 1920 735 plenis,

237 739 331 787 hoc
384 755 580 801 quoque
634 741 782 802 plena
837 741 1001 789 officia
1048 742 1308 805 signifieat.
1387 746 1695 804 animamque
1739 749 1920 806 nepotis

236 814 312 861 his
356 814 526 861 saltem
572 815 876 862 adcumulem
921 815 1087 874 douis;
1147 817 1384 864 solacium
1431 821 1505 866 est
1558 819 1687 866 enim
1738 835 1904 867 eorum
1921 824 2006 864 885

236 902 327 952 per
364 903 488 950 quos
526 889 807 949 parentalia
846 889 1053 937 mortuis
1093 890 1395 938 exhibentur.
1474 895 1515 939 et
1551 894 1735 951 t‘uuqar
1779 894 1920 941 inani

171 978 214 1011 10
236 975 460 1010 mumere:
497 963 621 1009 mire
660 963 880 1024 positum
919 978 975 1010 ex
1007 979 1215 1024 persona
1246 966 1429 1013 mortui
1462 965 1592 1026 quod
1623 967 1790 1014 inania
1822 966 1921 1014 sint

239 1050 367 1096 quae
413 1037 625 1085 mortuis
672 1035 983 1098 exhibentur3
1038 1037 1128 1084 hoc
1171 1039 1302 1086 enim
1339 1039 1445 1100 ipse
1485 1039 1663 1086 certius
1701 1045 1917 1087 noverat.

235 1111 305 1158 sic
342 1111 441 1157 tota
464 1111 658 1170 passim
688 1111 879 1170 reqioue
909 1114 1151 1170 vaqautur
1182 1114 1309 1159 aeris
1342 1114 1392 1159 iu
1424 1115 1608 1172 campis
1639 1114 1750 1160 latis
1781 1117 1920 1173 alque

235 1184 399 1231 omnia
445 1183 680 1232 lustrant:
732 1199 832 1232 non
877 1184 1128 1246 conplevit
1174 1187 1339 1233 omnia
1385 1202 1511 1247 quae
1560 1187 1691 1248 apud
1737 1187 1919 1235 inferos

235 1256 516 1320 agebantur
553 1273 642 1306 nec
680 1257 862 1306 debuit.
926 1261 1053 1306 esset
1091 1260 1222 1306 enim
1261 1259 1453 1319 vitium,
1493 1259 1533 1306 si
1572 1263 1731 1307 totum
1771 1260 1919 1308 vellet

169 1347 211 1381 15
235 1332 384 1394 poeta
424 1332 639 1379 carmine
679 1347 766 1380 suo
806 1331 1214 1393 conprehendere,
1254 1332 1385 1394 quod
1424 1335 1472 1380 et
1510 1333 1711 1396 longum
1751 1337 1801 1381 et
1845 1336 1918 1381 in·

235 1404 471 1466 possibile
510 1406 622 1453 fuit.
701 1405 946 1454 convertit
985 1421 1035 1454 se
1074 1406 1229 1468 igitur
1268 1406 1329 1454 ad
1370 1407 1757 1469 generalitatem,
1792 1423 1917 1469 quae

235 1481 421 1539 totum,
476 1480 629 1527 etiam
681 1495 779 1528 non
833 1480 1021 1527 dictum
1066 1480 1234 1541 potuit
1279 1479 1555 1543 significare
1602 1480 1735 1528 omni
1781 1495 1917 1528 mora

236 1551 479 1601 submota.
540 1554 594 1600 in
633 1568 938 1615 camporum,
969 1553 1147 1614 inquit,
1179 1554 1446 1602 latitudine
1484 1556 1642 1602 totum
1676 1554 1753 1601 illi
1783 1569 1917 1602 mon·

234 1627 415 1675 stravit
454 1630 504 1674 et
540 1643 629 1689 per
667 1628 864 1690 singula
897 1643 1007 1675 eum
1039 1626 1194 1675 duxit.
1257 1622 1566 1690 †postquam
1598 1627 1793 1690 singula
1825 1629 1918 1687 ait3

166 1717 210 1749 20
234 1701 432 1763 singula
479 1701 611 1749 enim
659 1716 748 1749 nec
785 1702 839 1748 in
878 1717 1030 1749 unum
1069 1702 1272 1749 confusa
1311 1703 1582 1748 monstrare
1622 1700 1795 1749 debuit
1833 1701 1918 1763 qui

233 1773 392 1822 filium
438 1774 649 1837 benigne
695 1775 897 1823 volebat
942 1775 1197 1823 instruere.
1275 1774 1366 1822 hoc
1404 1777 1478 1823 est
1517 1774 1647 1836 quod
1686 1776 1758 1822 ait-
1795 1789 1918 1834 quae

224 1852 486 1909 postquam
531 1848 767 1897 Anchises
820 1852 991 1896 uatum
1035 1862 1129 1908 per
1181 1849 1377 1909 singula
1430 1849 1569 1896 duxit
1619 1848 1919 1908 incenditque

232 1924 455 1971 auimwm
499 1925 665 1983 famae
708 1924 941 1971 venientis
987 1937 1170 1977 amore,
1218 1923 1327 1970 em'u
1373 1922 1495 1970 bella
1533 1922 1636 1969 viro
1674 1925 1905 1970 memorat
1919 1924 2004 1965 890

231 2011 358 2057 quae
394 1996 568 2046 deinde
601 1997 815 2057 gerenda
852 1996 1211 2057 Laurentisque
1248 1995 1379 2044 docet
1407 1996 1616 2055 populos
1661 1996 1917 2055 urbemque

166 2086 209 2119 ιε
233 2070 410 2119 Latini
456 2074 500 2118 et
543 2085 635 2131 quo
681 2085 910 2131 quemque
954 2070 1094 2118 modo
1143 2071 1392 2129 fuqiatque
1429 2069 1647 2129 feratque
1685 2069 1917 2117 laborem:

233 2145 395 2207 primo
426 2145 562 2193 laeta.
591 2145 816 2192 narravit
846 2143 965 2205 filio,
996 2144 1332 2206 praetermisit
1363 2143 1544 2202 tristia„
1575 2142 1734 2191 solum
1765 2158 1917 2190 unum

234 2219 366 2280 quod
414 2221 542 2267 esset
588 2217 852 2268 dolendum
898 2217 958 2266 de
997 2217 1230 2266 Marcello
1276 2216 1470 2264 rettulit
1518 2218 1567 2264 et
1611 2215 1703 2264 hoc
1753 2216 1916 2278 ipsum

233 2308 334 2341 non
386 2293 668 2353 voluntate,
721 2291 807 2340 sed
859 2294 916 2339 ut
967 2291 1296 2355 interroganti
1340 2289 1535 2338 Aeneae
1588 2287 1915 2351 responderet.

234 2369 399 2414 cetera
445 2367 492 2415 ei
538 2365 627 2416 sub
674 2365 1000 2430 generalitate
1039 2364 1167 2412 dixit
1205 2366 1402 2412 ostensa
1441 2378 1530 2411 nec
1568 2362 1693 2410 dixit
1729 2363 1915 2424 specia-

354 2556 377 2594 1
410 2565 500 2597 esse
524 2552 777 2597 Marcellus
800 2550 843 2593 V
866 2555 916 2595 tu
947 2549 1167 2606 interpos.
1190 2548 1260 2592 ed.
1378 2551 1403 2591 8
1434 2561 1559 2592 nunc
1581 2545 1623 2589 V
1653 2551 1761 2591 nec?
1791 2558 1916 2590 nunc

233 2624 334 2655 eum
366 2611 437 2655 ed.
570 2615 598 2654 4
630 2609 819 2667 aliquod
849 2608 891 2653 V
922 2622 1038 2653 corr.
1071 2607 1143 2651 ed.
1278 2610 1332 2652 14
1363 2611 1472 2651 esset
1500 2606 1620 2651 enim
1651 2603 1693 2647 V
1721 2618 1811 2650 ecoe
1842 2602 1912 2648 ed.

233 2671 426 2727 propter
455 2669 626 2714 falsam
655 2624 1092 2736 interpunctionem.
1120 2667 1128 2723 1
1160 2670 1302 2711 totum
1331 2664 1374 2709 V
1405 2669 1581 2709 tantum
1613 2662 1844 2708 ecl-16
1874 2667 1915 2707 et

234 2729 418 2788 lonyum
447 2729 491 2774 V
520 2734 563 2774 et
593 2743 681 2773 om.
708 2727 780 2772 ed.
905 2730 959 2771 18
989 2726 1041 2770 in
1071 2739 1160 2770 om
1186 2724 1258 2770 ed.
1301 2726 1308 2781 Ι
1354 2724 1638 2769 latitudinem
1670 2720 1712 2765 V
1734 2721 1806 2766 ed.
1839 2734 1915 2766 -ne

233 2801 331 2832 nos.
360 2790 366 2845 Ι
402 2793 544 2833 totum
572 2788 615 2833 V
644 2793 785 2833 totam
816 2786 888 2830 ed.
916 2789 924 2841 Ι
957 2786 1031 2830 illi
1061 2799 1150 2829 om.
1175 2783 1248 2828 ed.
1353 2786 1406 2827 19
1437 2783 1559 2828 daz-it
1587 2780 1628 2824 V
1658 2794 1772 2825 σοι-ι’.
1797 2778 1868 2825 ed.

228 2851 471 2904 postquam
492 2847 680 2906 ss’uqula
694 2846 737 2891 V
753 2846 847 2891 ed.:
867 2850 1110 2902 postquam
1133 2857 1189 2888 ex
1212 2841 1425 2944 eeqpenti
1440 2839 1688 2885 lemmate
1674 2837 1914 2911 irrepsisse

233 2905 430 2951 videtur.
524 2903 905 2964 25etquoqueV
909 2939 918 2948 .
1010 2907 1260 2948 wastense
1346 2905 1523 2946 ostensa
1553 2911 1659 2953 ιιοες
1689 2911 1778 2943 om
1795 2896 1868 2942 ed
1903 2915 1909 2955 ῃ

233 2957 1599 3023 medixitVnoeed.1specialiteerp.o.-1tmdmod
