2014 3226
813 157 1114 202 AENEIDOS
1148 160 1208 202 VI
1747 166 1853 219 595

168 299 298 349 cate,
352 297 542 357 inquit,
598 296 674 342 vel
725 298 936 343 maxime
982 301 1060 357 tu,
1108 302 1244 346 vates
1292 302 1499 361 optime,
1547 318 1671 363 quae
1721 305 1853 366 regio

165 369 316 417 habet
346 369 612 428 Anchisen,
654 371 763 430 quis
804 370 977 417 locus?
1048 373 1099 418 in
1139 374 1355 435 regionis
1396 374 1522 421 enim
1566 375 1744 422 diffusa
1787 378 1851 422 la-

164 442 380 497 titudine
434 442 646 490 inveniri
703 460 999 504 quemquam
1057 448 1174 506 quia
1230 446 1429 494 difficile
1485 448 1603 506 fuit,
1667 449 1855 496 addidit

168 518 277 578 quis
330 515 481 564 habet
534 516 670 563 locus
726 521 774 564 et
825 521 1088 579 utrumque
1137 521 1410 580 coniunxit,
1468 522 1585 582 quia
1633 523 1759 570 sicut
1807 524 1854 570 in

121 607 141 639 5
166 590 432 638 latitudine
472 590 688 653 regionis
728 591 890 638 locum
930 594 1150 640 invenire
1193 593 1391 641 difficile
1426 599 1511 653 est,
1546 596 1615 642 ita
1650 597 1854 643 arduum

167 666 269 711 sine
303 664 644 726 designatione
676 665 892 727 regionis
926 666 1084 713 locum
1119 670 1445 714 necessarium
1478 671 1707 730 reperire,
1740 685 1856 732 ergo

167 737 373 785 dicenda
425 739 563 801 regio
618 738 736 798 fuit,
800 740 937 786 cuius
999 755 1113 800 pars
1177 743 1450 788 necessaria
1515 743 1855 803 quaerebatur.

166 813 286 873 quia
338 827 454 860 vero
508 814 675 874 potuit
730 812 889 859 dicere
946 812 1165 875 Sibyllae
1222 830 1371 875 quare
1424 831 1532 862 eum
1582 815 1855 877 quaeritis?

167 885 239 934 ait
284 887 422 947 prior
459 886 570 948 ipsa
609 887 746 934 illius
786 901 894 946 erqo
938 890 1151 934 venimus
1190 892 1232 934 ct
1270 903 1468 948 maynos
1508 890 1660 937 Erebi
1698 894 1855 936 trans-

101 977 144 1009 10
166 961 395 1007 navimus
435 961 618 1006 amnis:
671 961 874 1021 propter
913 961 1096 1022 ipsum,
1137 961 1319 1022 inquit,
1363 964 1606 1022 venimus,
1654 966 1856 1024 propter

169 1034 333 1095 ipsum
363 1033 738 1081 transmittendi
770 1034 921 1081 Erebi
952 1034 1171 1082 laborem
1205 1037 1516 1096 suscepimus.
1577 1040 1717 1095 atque
1747 1038 1856 1084 huic

165 1122 451 1167 responsum
497 1110 676 1167 paucis
726 1109 796 1155 ita
842 1108 1053 1156 reddidit
1097 1110 1259 1156 heros:
1320 1110 1442 1156 «nulli
1489 1114 1615 1157 certa
1663 1111 1855 1159 domu-s.-

167 1181 230 1229 ad
268 1181 412 1228 illam
449 1181 826 1243 inquisitionem
864 1183 956 1230 hoc
994 1183 1212 1243 pertinet
1251 1199 1348 1243 qua.
1388 1183 1573 1230 dictum
1614 1188 1685 1231 est
1731 1199 1854 1245 quae

12 1307 20 1318 k
165 1257 302 1320 regio
357 1255 606 1303 Anchisen
660 1253 846 1303 habet?
930 1257 1072 1311 lueis,
1128 1256 1313 1318 inquit,
1365 1257 1639 1305 habitamus
1692 1259 1854 1316 opacis

10 1322 32 1353 ·’
99 1346 140 1378 15
165 1331 481 1389 riparmnque
519 1333 646 1377 toros
686 1333 730 1376 et
756 1332 910 1389 prata
948 1332 1158 1377 recentia
1195 1331 1315 1377 rivis
1356 1330 1630 1377 incolimus:
1670 1335 1718 1379 et
1749 1330 1838 1378 hoc
1858 1336 1941 1375 675

168 1403 230 1451 ad
275 1418 565 1464 responsum
613 1405 832 1464 pertinet
878 1403 1130 1465 quaesitae
1177 1404 1413 1466 regionis,
1464 1406 1624 1465 potes,
1677 1404 1855 1466 inquit,

165 1480 359 1539 partem
406 1492 549 1525 nosse
599 1493 748 1538 quam
797 1478 1028 1538 colimus3
1080 1478 1201 1524 haec
1248 1481 1323 1525 est
1369 1477 1496 1524 enim
1541 1477 1588 1524 in
1630 1493 1728 1539 qua
1766 1494 1853 1526 nos

166 1551 316 1602 vides.
386 1551 550 1599 locum
588 1567 706 1599 vero
746 1554 934 1599 certum
974 1554 1063 1599 aut
1101 1552 1355 1613 proprium
1394 1552 1474 1598 hic
1512 1551 1689 1599 habere
1729 1552 1854 1598 nulli

168 1641 452 1674 concessum
508 1627 602 1685 est,
665 1625 935 1674 indivisum
991 1628 1064 1673 est
1116 1626 1210 1672 hoc
1264 1626 1478 1685 spatium
1534 1625 1853 1686 omnibusque

100 1715 143 1749 20
168 1715 446 1759 commune,
500 1699 803 1761 perindeque
856 1701 1100 1747 incertum
1156 1702 1230 1747 est
1283 1698 1367 1745 ubi
1422 1699 1532 1760 quis
1579 1700 1734 1760 possit
1780 1701 1854 1745 in-

166 1774 341 1834 veniri,
374 1773 490 1820 dum
532 1775 802 1835 quaeritur.
864 1773 948 1821 sed
986 1787 1084 1828 103,
1118 1775 1163 1820 si
1200 1773 1296 1832 fert
1332 1774 1402 1820 ita
1442 1773 1579 1819 corde
1619 1772 1852 1827 rolmetaS,

165 1848 251 1897 hoc
294 1851 520 1908 superate
565 1849 735 1908 iuywm
782 1851 825 1896 et
867 1847 1005 1908 facili
1049 1849 1153 1894 iam
1199 1849 1387 1894 tramite
1430 1848 1622 1894 sistam:
1683 1846 1767 1894 sed
1813 1847 1856 1894 si

166 1937 254 1970 vos
301 1921 504 1970 videndi
552 1937 664 1968 eum
711 1920 958 1983 cupiditas
1003 1923 1140 1968 tenet
1186 1922 1334 1982 atque
1382 1921 1433 1966 in
1480 1934 1536 1967 eo
1577 1919 1854 1982 persistitis,

166 1996 341 2060 iugum
397 2011 493 2057 quo
549 1995 686 2043 ducit
737 1997 856 2056 iter,
909 1995 1002 2043 hoc
1057 1997 1131 2042 est
1185 1994 1381 2054 collem,
1444 1996 1670 2055 superate
1724 1994 1854 2040 facto

101 2085 142 2118 25
169 2085 375 2119 ascensu
422 2073 471 2117 et
517 2069 655 2117 facili
702 2069 766 2116 ad
813 2085 925 2116 eum
970 2068 1145 2115 itinere
1193 2083 1270 2115 me
1319 2066 1590 2114 auxiliante
1633 2067 1853 2114 venietis.

170 2143 400 2192 benivola
444 2143 731 2203 instructio3
783 2143 941 2190 omnis
982 2143 1112 2190 enim
1152 2141 1240 2203 qui
1278 2141 1423 2202 pleno
1465 2140 1626 2188 studio
1667 2138 1856 2201 aliquid

165 2220 392 2280 praestat
429 2217 573 2265 debet
611 2217 663 2264 id
700 2218 866 2278 ipsum
904 2216 1068 2264 levare
1106 2214 1336 2263 remedio.
1397 2213 1542 2261 huius
1580 2215 1750 2276 igitur,
1780 2214 1853 2260 in·

168 2307 341 2354 quam,
402 2292 502 2339 fuit
553 2292 772 2338 maxima
825 2305 940 2353 pars
994 2288 1216 2336 beneficii
1270 2304 1369 2350 qua
1423 2287 1546 2335 dixit
1601 2302 1691 2350 ego
1746 2302 1854 2335 eam

167 2365 439 2426 vobiscum,
477 2368 536 2413 ut
575 2364 635 2412 de
675 2379 865 2413 summo
897 2362 1200 2424 inspectione
1230 2361 1404 2410 habita
1433 2362 1633 2423 possitis
1665 2359 1854 2422 inplere

101 2453 145 2488 zo
169 2439 302 2502 quod
332 2440 501 2488 vultis.
555 2439 680 2487 dixit
711 2442 754 2486 et
783 2440 894 2486 ante
924 2437 1035 2485 tulit
1059 2450 1304 2497 yressum:
1342 2435 1610 2497 praecessit
1638 2434 1854 2497 13110108,

167 2516 225 2561 ut
254 2513 357 2562 inis
389 2513 686 2561 facilitatem
716 2511 911 2560 itineris
935 2510 1308 2558 demonstraret.
1359 2520 1642 2568 camposque
1661 2506 1855 2555 radenti-3

286 2673 315 2712 4
347 2669 586 2726 coniunyit
615 2667 687 2712 ed.
793 2669 819 2710 9
851 2667 921 2710 ait
946 2666 1079 2722 prior
1107 2664 1213 2720 ipsa
1242 2662 1284 2707 V
1308 2663 1465 2719 prima
1496 2663 1598 2718 ipsa
1629 2658 1749 2703 davit
1779 2657 1851 2703 ed.

259 2731 315 2771 10
346 2728 551 2771 ven-imus
576 2730 763 2783 propter
793 2723 836 2768 V
867 2728 908 2768 et
936 2723 1159 2779 interpos.
1193 2721 1264 2766 ed.
1405 2723 1460 2764 18
1490 2732 1592 2764 vero
1622 2731 1709 2763 om.
1734 2716 1805 2763 od.

167 2787 291 2831 ‘nulli
319 2785 362 2830 V
390 2788 606 2842 cuiquam
635 2798 731 2830 ‘non
762 2783 833 2828 ed.
949 2786 1006 2826 20
1030 2785 1183 2838 posset
1211 2779 1267 2824 V.
1386 2782 1440 2823 24
1473 2776 1592 2834 quod
1621 2776 1790 2844 dae-itis

168 2845 290 2902 quod
319 2845 483 2890 videtis
513 2844 583 2889 ed.
617 2857 704 2901 quo
735 2843 864 2887 ducit
894 2843 980 2887 iter
1009 2854 1107 2885 nos.
1200 2842 1256 2883 27
1289 2840 1341 2883 in
1372 2851 1460 2895 quo
1490 2835 1531 2880 V
1561 2834 1631 2879 ed.
1666 2845 1853 2904 unquam

167 2917 265 2948 nos.
374 2907 550 2947 28—29
582 2916 681 2948 eam
711 2902 935 2947 vobiscum
966 2898 1009 2944 V
1039 2914 1079 2944 v.
1103 2898 1284 2943 veniam
1317 2895 1387 2941 ed.
1494 2898 1551 2940 29
1575 2897 1767 2953 possem
1794 2889 1851 2937 V.

259 2967 315 3007 30
346 2963 542 3022 ignarus
569 2961 614 3006 V
644 2961 824 3020 iynaris
855 2959 926 3003 ed.

1409 3025 1501 3072 88*
