2014 3226
815 202 1117 247 AENEIDos
1149 203 1211 246 111
1756 207 1859 260 341

176 357 232 388 eo
263 343 402 402 prior
433 344 603 389 nostra
635 341 831 389 firmata
865 343 1078 404 suspicio
1111 346 1199 402 est,
1233 343 1367 405 quia,
1392 360 1503 392 cum
1537 361 1624 393 nos
1652 346 1864 393 Troiano

176 416 313 463 cultu
353 418 402 463 et
440 431 690 463 armorum
729 415 912 463 indicio
955 419 1278 478 cognovisset,
1319 420 1522 466 territus
1566 422 1866 468 conscientia

176 490 399 536 substitit
436 489 708 551 paululum.
787 489 893 548 sed,
934 490 1018 536 ubi
1057 495 1244 537 metum
1284 493 1387 539 eius
1427 495 1691 541 necessitas
1729 495 1864 554 vicit,

174 579 286 611 mox
333 579 436 612 sese
485 563 545 610 ad
593 563 744 611 litora
790 579 1023 625 praeceps
1064 580 1173 611 cum
1214 565 1331 611 fletu
1371 567 1694 629 precibusque
1733 568 1864 615 tulit.

130 650 150 680 5
174 652 409 700 praeceps
447 637 540 685 hoc
580 639 655 685 est
691 638 825 685 ultra
864 637 1061 684 modum
1103 639 1343 686 festinans
1384 643 1432 686 et
1471 641 1596 687 nihil
1628 643 1865 701 metuens,

175 727 236 758 ne
275 711 571 759 desiderium
612 713 716 759 eius
758 727 926 759 cursus
966 713 1167 759 navium
1207 713 1532 773 praeveniret.
1595 730 1706 762 cum
1744 714 1865 763 fletu

174 785 496 848 precibusque
523 801 595 834 se
640 785 761 833 tulit
808 785 871 833 ad
917 785 1067 833 litora
1115 788 1263 846 atque
1311 787 1452 848 haec,
1494 804 1605 837 cum
1651 791 1863 852 rogaret,

174 859 320 907 dixit:
351 875 447 920 per
482 859 647 907 sidera
686 862 840 914 testor,
871 874 967 919 per
1004 873 1202 918 superos
1241 863 1382 919 atque
1419 863 1505 910 hoc
1536 863 1655 910 caeli
1686 864 1846 922 spira·
1865 867 1951 907 600

175 934 268 981 bile
306 935 482 990 lumen,
521 934 667 981 tollite
703 948 792 988 me,
838 934 1032 987 Teucri,
1073 948 1397 992 quascumque
1436 936 1656 983 abducite
1694 940 1864 985 terras.

108 1019 151 1051 ιο
175 1023 286 1056 011111
323 1007 469 1071 longe
501 1010 643 1068 esset,
674 1010 816 1070 gestu
850 1007 1068 1068 corporis
1101 1023 1152 1055 se
1184 1009 1456 1069 supplicem
1490 1010 1864 1071 demonstravit,

174 1084 228 1129 at
266 1097 397 1143 vero,
437 1081 522 1128 ubi
562 1081 626 1128 ad
663 1081 783 1130 litus
823 1083 1062 1142 pervenit,
1103 1081 1296 1129 addidit
1334 1099 1501 1143 preces
1539 1087 1588 1131 et
1619 1084 1864 1145 lacrimas,

174 1155 371 1217 quando
410 1155 567 1203 videri
606 1157 804 1216 poterat
843 1157 893 1202 et
932 1155 1108 1202 audiri.
1184 1157 1269 1204 hoc
1307 1160 1385 1203 sat
1422 1160 1534 1205 erit:
1578 1157 1864 1219 abundabit,

172 1230 359 1292 inquit,
405 1230 531 1276 mihi
578 1228 639 1277 ad
679 1230 941 1290 solacium,
985 1231 1028 1277 si
1066 1244 1177 1276 cum
1215 1229 1497 1279 hominibus
1535 1232 1689 1279 fuero.
1766 1234 1863 1281 scio

171 1319 247 1351 me
276 1304 475 1351 Danais
508 1318 531 1351 e
561 1302 797 1351 classibus
835 1319 990 1351 unum
1030 1307 1072 1351 et
1111 1304 1228 1352 bello
1258 1305 1442 1353 Iliacos
1479 1307 1635 1365 faleor
1668 1307 1865 1366 petiisse

107 1389 147 1423 15
163 1380 375 1437 penatis,
406 1391 504 1437 pro
542 1392 650 1437 que,
689 1379 733 1425 si
771 1378 962 1426 sceleris
1001 1380 1138 1425 tanta
1177 1381 1245 1425 est
1281 1379 1469 1427 iniuria
1507 1381 1672 1434 nostri,
1703 1394 1843 1439 spar-
1861 1383 1948 1424 605

170 1453 264 1512 yite
300 1466 376 1500 me
412 1453 467 1499 im,
503 1453 680 1510 fluctus
717 1455 946 1511 vastoque
982 1452 1233 1512 inmeryite
1261 1455 1426 1512 ponto.
1502 1455 1548 1502 si
1576 1468 1746 1513 perce,
1782 1454 1863 1501 ho-

171 1527 359 1574 minum
395 1526 625 1574 manibus
654 1528 864 1586 periisse
899 1526 1110 1573 iuvabit:
1148 1525 1281 1574 ultro
1321 1527 1570 1575 confessus
1606 1529 1681 1576 est
1711 1529 1863 1590 origi-

171 1616 285 1647 nem
347 1615 489 1649 suam
549 1616 708 1662 neque
768 1600 961 1648 hostem
1022 1615 1073 1647 se
1135 1615 1237 1648 esse
1299 1602 1503 1663 negavit
1558 1603 1607 1648 et
1660 1603 1864 1663 propter

172 1674 488 1737 sacrilegium
536 1673 667 1736 quod
712 1675 767 1722 in
813 1673 928 1722 deos
974 1675 1168 1736 penatis
1217 1674 1485 1723 admiserat
1525 1674 1759 1722 iudicium
1803 1675 1862 1722 de

105 1761 148 1794 2⁰
172 1763 223 1796 se
276 1747 452 1796 habuit
505 1747 732 1796 omnibus
786 1749 959 1811 poenis
1014 1748 1220 1811 dignum
1282 1763 1332 1796 se
1395 1763 1498 1797 esse
1553 1748 1861 1797 confirmans.

171 1823 291 1870 fecit
335 1822 450 1883 hoc,
503 1837 603 1870 non
649 1837 747 1884 quo
795 1838 908 1870 vere
953 1822 1082 1869 mori
1126 1822 1298 1882 vellet,
1352 1822 1438 1870 sed
1482 1825 1541 1870 ut
1586 1822 1861 1871 confitendo

169 1896 535 1960 indulgentiam
580 1898 853 1945 mereretur
899 1898 950 1944 et
993 1897 1197 1944 viveret.
1275 1896 1469 1943 addidit
1515 1896 1734 1960 spargite
1782 1912 1862 1943 me

170 1970 223 2018 in
276 1970 476 2031 fluctuS,
530 1972 584 2018 in
636 1972 796 2032 partis
842 1970 1032 2019 scilicet
1078 1970 1314 2030 divisum,
1370 1969 1503 2031 quod
1555 1971 1703 2019 facile
1754 1969 1862 2017 fieri

170 2046 339 2106 potuit
392 2061 449 2092 ex
504 2045 761 2093 occasione
815 2044 935 2105 loci,
982 2043 1068 2092 sed
1114 2059 1174 2090 ne
1219 2043 1381 2104 fieret,
1428 2043 1694 2092 erudelitas
1740 2044 1861 2091 facti

34 2135 36 2138 ⁴
105 2131 147 2164 25
172 2118 421 2180 descripta
458 2121 545 2166 est.
610 2119 867 2179 conclusit,
905 2119 1032 2166 hanc
1071 2119 1215 2179 quasi
1251 2133 1425 2166 revera
1462 2117 1675 2166 libenter
1713 2133 1860 2180 quae-

170 2195 302 2240 reret
346 2194 578 2254 mortem,
627 2195 677 2241 et
717 2194 789 2240 ait
827 2195 1068 2254 vastoque
1107 2192 1368 2255 inmergite
1406 2194 1575 2254 ponto,
1614 2191 1667 2239 id
1706 2195 1782 2241 est
1818 2192 1860 2239 si

170 2282 342 2328 peren,
379 2267 638 2316 hominum
675 2266 905 2315 manibus
944 2266 1149 2328 periisse
1191 2265 1397 2313 iuvabit.
1476 2280 1585 2314 ecce
1622 2265 1711 2313 ubi
1747 2281 1862 2327 pro-

75 2345 78 2347 ’
171 2339 300 2388 didit
354 2341 474 2402 quia
525 2341 691 2389 vivere
744 2342 906 2404 magis
954 2340 1134 2388 maluit
1179 2355 1331 2401 quam
1378 2339 1549 2388 occidi.
1626 2341 1669 2389 si
1713 2354 1862 2402 pereo

172 2416 304 2462 enim
356 2414 504 2478 dixit,
557 2430 658 2462 non
712 2429 823 2462 cum
875 2415 1081 2476 periero.
1158 2413 1201 2461 si
1249 2428 1397 2475 pereo
1452 2427 1562 2462 cum
1616 2413 1758 2475 dicit,
1811 2414 1863 2461 et

104 2501 148 2535 so
170 2487 470 2537 discriminis
516 2490 595 2537 sui
640 2490 827 2537 exitum
872 2487 995 2536 facit
1032 2489 1276 2536 incertum
1317 2490 1367 2535 et
1405 2486 1620 2536 ostendit
1658 2502 1709 2535 se
1747 2485 1862 2534 duci

292 2662 314 2700 1
348 2659 548 2714 suspicio
577 2663 643 2703 est
662 2657 750 2702 LR
778 2658 1036 2714 suspicione
1062 2656 1143 2700 edI
1173 2658 1371 2725 suspwio
1396 2657 1515 2701 edR
1598 2660 1625 2699 8
1655 2656 1861 2700 subsistit

169 2714 258 2759 LR
286 2717 488 2762 substitit
517 2731 540 2760 r
571 2717 660 2773 ed.,
691 2716 818 2773 quod
846 2715 1168 2772 recipiendum
1199 2715 1376 2773 putavi.
1521 2719 1547 2759 6
1572 2714 1862 2771 praeveniret

136 2812 138 2814 .
170 2773 207 2818 L
237 2774 288 2818 in
318 2775 361 2818 R
391 2775 613 2822 abrasum
644 2775 753 2820 add.
784 2776 836 2819 in
866 2779 1326 2832 marga-17
1358 2788 1548 2820 manum
1578 2787 1743 2818 manus
1771 2771 1860 2816 LR

169 2834 383 2879 manibus
411 2833 463 2880 r'.
557 2839 612 2880 18
643 2839 778 2892 atque
807 2834 895 2878 LR
925 2834 997 2878 ed.
1028 2848 1170 2891 neque
1199 2847 1297 2879 noe.
1327 2837 1334 2890 Ι
1359 2833 1542 2906 negavit
1571 2832 1659 2876 LR
1686 2845 1781 2878 non
1810 2845 1859 2876 n.

168 2906 194 2935 r
216 2892 287 2938 ed.
377 2898 432 2937 21
465 2907 554 2952 quo
575 2894 664 2938 LR
685 2894 807 2951 quod
830 2893 901 2937 ed.
930 2895 937 2950 1
963 2894 1231 2962 confidendo
1252 2893 1296 2937 R
1318 2890 1500 2938 0011.τῖ
1586 2895 1643 2935 22
1666 2896 1864 2936 meretur

169 2951 212 2994 R
235 2965 349 2997 corr.
365 2951 418 2996 τ’.
509 2957 568 2997 24
596 2953 677 2998 sed
699 2966 787 2997 om.
807 2952 845 2996 R
872 2952 979 2996 add.
996 2948 1048 2997 r'.
1140 2956 1198 2996 28
1230 2953 1376 3011 magis
1399 2964 1488 2996 om.
1505 2950 1577 2996 ed.
1676 2953 1733 2994 29
1763 2962 1863 2995 non

169 3010 544 3057 cuanamc.
576 3010 974 3056 Rcorrffr=L
