2014 3226
118 161 224 213 618
586 160 817 204 DONATI
848 161 1129 204 INTERPR.
1163 161 1340 206 VERG.

116 302 232 349 liter
279 316 419 363 quae.
501 300 696 362 quando
746 302 875 348 enim
922 304 1119 348 tantum
1167 317 1453 363 camporum
1499 304 1580 350 vel
1617 306 1808 352 tantam

116 375 486 423 multitudinem
536 377 814 421 animarum
863 389 1084 422 sermone
1132 379 1300 437 posset
1337 375 1620 424 includere?
1698 377 1812 426 dein

116 449 248 496 bella
282 449 536 496 subiunxit
567 464 693 509 quae
727 452 952 510 gesturus
985 451 1037 495 in
1068 449 1221 497 Italia
1252 450 1350 496 fuit
1382 453 1431 498 et
1462 451 1623 513 gentis
1654 451 1812 499 Italas

116 524 311 571 futuras
358 540 382 570 e
431 523 624 570 diverso
671 524 990 582 monstravit,
1046 523 1222 584 quibus
1274 523 1456 571 fidebat
1502 526 1666 572 virum
1712 541 1811 573 non

118 599 304 645 terreri.
368 600 551 656 tamen,
593 612 689 657 quo
730 596 997 643 firmiorem
1038 597 1326 658 dimitteret,
1359 598 1526 646 docuit
1567 599 1810 660 quomodo

114 687 517 732 unumquemque
556 670 777 718 laborem
819 673 906 718 aut
945 673 1164 718 vinceret
1203 674 1292 719 aut
1331 674 1513 719 vitaret
1552 675 1639 720 aut
1682 676 1810 721 certe

116 746 316 792 ferendo
364 746 614 792 toleraret.
692 746 855 806 ipsam
903 746 1198 793 sententiam
1245 749 1393 806 poeta
1442 749 1491 793 et
1536 747 1588 792 in
1637 748 1810 808 quinto

116 819 243 866 libro
279 812 435 884 (710)
470 819 638 880 posuit
670 820 760 866 sic:
803 817 1155 880 „superanda“,
1179 821 1358 881 inquit,
1390 822 1578 880 „omnis
1610 821 1813 868 fortuna

115 893 316 940 ferendo
366 891 489 956 est“;
547 892 679 953 quod
720 894 850 940 enim
890 893 1023 941 vinci
1062 909 1161 941 non
1199 896 1367 955 potest
1411 895 1684 942 resistendo
1732 895 1811 942 vel

114 967 315 1015 ferendo
356 969 630 1028 superatur.

226 1040 353 1088 Sam
386 1042 607 1101 flammae
646 1043 804 1090 sommi
834 1045 1030 1100 portae,
1072 1057 1283 1102 quarum
1321 1043 1476 1091 altera
1514 1043 1672 1101 fertur
1711 1057 1811 1091 cor-

26 1119 112 1159 895
130 1131 238 1170 nea,
279 1131 378 1175 qua
415 1117 544 1163 veris
582 1115 745 1174 facilis
785 1116 934 1163 datar
973 1117 1126 1164 exitus
1164 1117 1364 1171 umbris,
1398 1118 1553 1164 altera
1587 1117 1812 1165 candenti

104 1190 327 1251 perfecta
365 1191 523 1237 nitens
564 1190 833 1249 elephant-0,
881 1191 965 1237 sed
1003 1191 1138 1250 falsa
1177 1191 1243 1238 ad
1283 1191 1468 1238 eaelum
1505 1192 1701 1238 mittant
1736 1193 1812 1239 in-

114 1266 305 1312 somnia
342 1265 530 1311 manis:
569 1264 689 1310 duas
730 1263 857 1310 dixit
897 1279 999 1312 esse
1039 1267 1223 1326 portas,
1256 1265 1349 1312 hoc
1389 1267 1463 1312 est
1499 1264 1620 1313 duos
1654 1264 1813 1312 exitus

113 1338 407 1399 inferorum,
455 1340 653 1399 portam
700 1354 852 1385 unam
900 1353 1150 1398 corneam,
1198 1339 1350 1386 aliam
1398 1355 1455 1386 ex
1495 1339 1662 1387 ebore:
1724 1354 1813 1401 per

116 1427 344 1460 corneam
384 1412 510 1459 dixit
547 1427 688 1459 veras
730 1412 893 1460 emitti
939 1413 1162 1473 umbras,
1211 1413 1342 1474 quod
1382 1416 1548 1461 autem
1586 1412 1812 1461 videmur

115 1486 256 1534 nobis
297 1486 465 1534 videre
505 1485 804 1534 dormientes
846 1489 896 1534 et
936 1487 1068 1548 quod
1106 1502 1195 1535 nos
1235 1487 1526 1548 plerumque
1559 1487 1682 1534 facit
1712 1503 1812 1534 non

116 1560 329 1608 dormire
376 1577 465 1622 per
504 1560 770 1608 eburneam
809 1561 1041 1608 mittitur.
1119 1562 1195 1609 his
1233 1562 1319 1609 ‘abi
1357 1565 1458 1608 tam
1495 1565 1668 1608 natum
1705 1559 1811 1608 An—

116 1636 265 1683 chises
311 1649 506 1694 unaque
550 1634 788 1695 Sibyllam
825 1637 1140 1695 prosequitur
1186 1636 1326 1683 dictis
1359 1638 1600 1695 portaque
1646 1636 1813 1683 emittit

116 1710 327 1757 eburna:
365 1709 452 1756 ubi
490 1710 647 1772 igitur
685 1709 926 1758 Anchises
965 1711 1140 1756 natum
1181 1711 1231 1756 et
1263 1708 1509 1771 Sibyllam
1546 1709 1623 1756 his
1664 1709 1809 1757 dictis

68 1844 70 1846 .
114 1785 402 1845 prosecutus
449 1785 545 1844 est,
601 1798 681 1830 eos
735 1800 824 1845 per
870 1787 1068 1846 portam
1115 1783 1381 1831 eburneam
1430 1782 1646 1831 reddidit
1695 1783 1808 1830 luci.

114 1859 209 1912 ille,
242 1857 334 1906 hoc
374 1860 448 1905 est
478 1857 688 1918 Aeneas,
717 1860 851 1906 viam
889 1862 1019 1905 secat
1056 1859 1121 1906 ad
1158 1860 1303 1906 navis
1340 1860 1584 1917 sociosque
1620 1859 1811 1905 revisit:

38 1975 41 1977 .
117 1931 236 1993 quid
291 1933 423 1979 enim
478 1931 617 1979 aliud
674 1932 831 1980 facere
887 1931 1057 1980 debuit
1111 1947 1262 1993 quam
1317 1947 1432 1980 suos
1481 1931 1648 1980 videre
1695 1934 1810 1993 post

113 2004 344 2068 tempus?
419 2007 634 2054 revisere
681 2008 758 2054 cst
802 2008 917 2068 post
964 2006 1157 2068 aliquas
1204 2020 1368 2054 moras
1414 2007 1598 2053 iterum
1635 2007 1806 2054 visere.

27 2070 113 2124 9⁴00
131 2083 232 2128 tum
270 2095 319 2128 se
359 2080 425 2128 ad
467 2079 663 2128 Caietae
700 2084 824 2129 recto
863 2081 959 2140 fert
996 2081 1132 2127 litore
1161 2083 1387 2140 portam:
1438 2082 1575 2127 recta
1614 2079 1697 2127 via
1736 2079 1806 2126 di·

116 2155 266 2214 citur,
315 2155 358 2202 si
405 2154 602 2215 quando
650 2154 776 2202 nihil
826 2154 962 2202 aliud
1002 2155 1193 2217 agimus
1234 2154 1332 2202 nisi
1369 2154 1465 2202 iter
1503 2155 1808 2213 continuum,

114 2230 171 2275 ut
209 2228 347 2276 nullo
389 2229 488 2276 alio
530 2230 647 2276 actu
685 2230 948 2290 rumpatur
989 2245 1085 2290 quo
1117 2228 1382 2277 tendimus.
1445 2227 1807 2275 consideremus

115 2305 165 2350 et
218 2302 415 2351 Aeneae
468 2305 706 2362 mentem,
770 2319 896 2364 quac
950 2318 1151 2351 suorum
1204 2301 1575 2350 revisendorum
1629 2301 1808 2362 cupida

114 2375 240 2424 nihil
287 2392 432 2440 agere
479 2376 650 2424 debuit
694 2378 793 2425 nisi
837 2380 1004 2425 tenere
1043 2377 1185 2437 litus,
1233 2376 1386 2425 donec
1423 2376 1706 2438 perveniret
1744 2374 1808 2422 ad

1837 985 1881 1018 10

1837 1354 1878 1387 15

1834 1725 1879 1758 20

1832 2095 1876 2127 25

114 2452 271 2498 navis.
349 2451 419 2498 sic
479 2451 636 2514 igitur
696 2451 1085 2515 intellegendum
1139 2452 1215 2498 est
1267 2452 1402 2498 recto
1456 2450 1626 2510 litore,
1689 2450 1806 2511 quia
1829 2465 1874 2497 30

113 2526 305 2572 rectum
343 2524 463 2572 litus
501 2540 601 2572 non
639 2526 806 2586 potest
843 2525 1073 2586 inveniri,
1112 2527 1170 2572 ut
1207 2541 1308 2571 una
1345 2524 1621 2571 intentione
1653 2521 1807 2570 animi

116 2597 179 2646 ad
230 2600 432 2660 portum
487 2597 688 2646 Caietae
742 2600 1044 2661 pervenerit,
1105 2600 1159 2646 in
1220 2614 1318 2660 quo
1381 2598 1580 2646 fuerant
1639 2611 1804 2645 naves.

234 2804 260 2842 2
291 2812 494 2844 sermone
531 2812 620 2842 om.
655 2798 726 2843 ed.
873 2803 898 2842 6
930 2803 1014 2842 aut
1042 2799 1208 2843 vitaret
1246 2811 1334 2841 om.
1369 2797 1440 2842 ed..
1595 2799 1618 2839 7
1644 2800 1806 2852 postea

113 2858 156 2902 V
188 2858 258 2902 ed.
286 2863 425 2914 poeta
454 2871 538 2902 nos
578 2857 652 2914 (cf.
690 2862 758 2911 12,
786 2859 901 2914 154).
1067 2862 1122 2901 14
1153 2858 1324 2901 dixisse
1354 2856 1397 2900 V
1427 2856 1550 2900 dixit
1579 2855 1650 2898 ed.
1684 2855 1808 2899 diaeit

114 2931 204 2962 esse
233 2931 331 2961 nos.
486 2921 540 2961 16
580 2918 701 2961 mitti
739 2917 810 2960 ed.
965 2921 1020 2959 22
1058 2917 1140 2961 hoc
1177 2921 1242 2960 est
1271 2917 1452 2960 Aeneas
1489 2928 1577 2958 om.
1612 2913 1684 2958 ed.

115 2981 172 3020 24
203 2978 344 3022 visere
372 2976 415 3021 V
446 2977 595 3020 videre
627 2975 698 3020 ed.
822 2979 877 3019 25
910 2975 1112 3020 aeaietae
1141 2974 1196 3018 V.
1320 2978 1374 3019 26
1406 2974 1478 3018 ‘nil
1508 2973 1579 3017 ed.

1301 3121 1326 3134 Ὦ
