2014 3226
210 154 268 195 lv
882 144 1220 189 PRAEFATIO

205 309 318 339 nam
367 295 415 338 et
462 290 523 336 ad
570 305 731 335 rerum
783 287 1112 349 cognitionem
1170 285 1338 346 aliqua
1394 282 1606 331 contulit
1660 285 1717 329 ut
1770 282 1897 331 illud

206 365 335 426 quod
388 367 430 423 1,
466 365 567 410 367
619 362 677 408 de
725 375 842 408 voce
889 359 1079 406 Punica
1126 356 1387 419 „bursalf“
1436 358 1680 404 memorat
1741 359 1790 404 et
1837 357 1896 404 de

206 439 464 486 verborum
505 435 636 497 apud
660 434 937 496 Vergilium
978 449 1069 480 usu
1110 432 1378 494 aliquando
1419 448 1518 479 non
1557 431 1686 478 male
1726 430 1896 492 dispu-

206 513 331 558 tavit
381 504 464 572 (cf.
506 510 564 556 de
605 506 773 569 „ecce“
817 510 863 567 2,
895 501 987 572 57)
1038 508 1086 553 et
1133 507 1574 569 grammaticorum
1621 505 1700 552 vel
1745 506 1896 551 inter-

208 586 511 646 pretationes
560 582 777 629 diversas
824 582 903 627 vel
951 581 1267 642 quaestiones
1281 572 1321 644 ¹)
1368 578 1505 626 haud
1550 594 1663 626 raro
1710 579 1896 640 tetigit.

207 659 291 706 sed
346 659 633 719 plerumque
692 654 1010 703 artificiosam
1056 655 1087 700 i.
1126 671 1163 700 e.
1214 653 1485 701 oratoriam
1540 653 1898 714 expositionem

206 734 431 792 sequitur
479 724 562 795 (01.
600 731 644 789 7,
674 730 791 775 646.
839 731 919 788 12,
949 730 1012 774 21
1051 722 1159 793 al),
1207 730 1264 774 ut
1312 727 1487 774 doceat
1535 726 1656 788 quid
1704 728 1754 773 et
1796 742 1895 787 quo

207 806 422 867 quidque
470 803 698 862 consilio,
746 818 895 863 quam
934 802 1149 849 breviter
1189 804 1238 848 et
1276 801 1504 863 pulchre,
1552 816 1702 861 quam
1748 799 1896 861 plane

206 895 261 926 00
300 880 455 939 plene,
498 893 647 938 quam
685 876 954 937 prudenter
994 878 1042 923 et
1075 875 1326 923 commode
1357 877 1506 935 poeta
1540 874 1731 921 dixerit.
1797 890 1898 921 non

207 957 279 1000 est
320 968 482 998 meum
512 953 563 997 in
595 951 688 997 hac
719 949 1027 1011 praefatione
1060 949 1118 996 de
1150 950 1563 1010 interpretatione
1596 948 1897 1008 Donatiana,

207 1041 354 1087 quam
386 1026 583 1073 nostrae
616 1025 795 1071 aetatis
828 1023 1066 1071 vocabulo
1099 1038 1216 1070 usus
1251 1023 1575 1070 aestheticam
1606 1023 1738 1069 recte
1771 1021 1899 1069 dixit

205 1116 249 1147 v.
274 1099 318 1146 d.
343 1099 567 1158 Hoeven,
606 1099 679 1145 ita
717 1097 975 1157 disserere,
1022 1100 1081 1144 ut
1120 1097 1408 1145 absolvatur
1446 1096 1677 1143 materia:
1733 1095 1896 1157 inqui-

204 1175 318 1220 rant
357 1173 444 1219 alii
482 1188 638 1219 novae
680 1171 909 1218 editionis
949 1171 1182 1218 subsidiis
1222 1171 1399 1218 melius
1441 1186 1592 1231 quam
1632 1171 1779 1217 antea
1821 1170 1895 1216 in·

206 1248 394 1294 structi.
472 1245 578 1305 sed,
626 1250 684 1291 ut
730 1246 1016 1293 summatim
1064 1261 1231 1308 agam,
1278 1245 1399 1292 11000
1438 1245 1654 1306 primum
1695 1243 1895 1291 demon-

206 1323 360 1367 strare
423 1319 607 1366 studet:
678 1335 829 1379 quam
891 1320 1125 1367 concinne
1172 1318 1426 1381 Vergilius
1488 1319 1540 1364 in
1605 1317 1895 1366 enarrandis

205 1394 399 1440 Aeneae
445 1394 590 1440 factis
639 1395 689 1439 et
734 1392 953 1440 moribus
999 1394 1308 1454 propositam
1351 1392 1447 1440 sibi
1486 1393 1750 1440 materiam
1788 1392 1897 1438 lau-

206 1467 424 1514 dativam
470 1468 686 1514 tenuerit
734 1459 817 1532 (01.
850 1482 1064 1527 prooem.
1096 1483 1143 1528 p.
1179 1468 1207 1514 2
1252 1468 1301 1514 et
1344 1470 1388 1527 9,
1429 1469 1472 1512 1.
1518 1468 1600 1527 11,
1637 1467 1756 1515 295.
1813 1468 1898 1526 12,

208 1542 311 1588 952
354 1543 402 1588 et
432 1540 630 1602 septimi
663 1540 912 1603 epilogum
925 1544 959 1601 “);
1001 1556 1150 1601 quam
1182 1541 1467 1589 constanter
1497 1539 1745 1587 Aeneidos
1784 1542 1898 1588 acta

208 1615 270 1662 ad
307 1615 413 1662 fata
452 1607 535 1680 (01.
567 1630 782 1675 prooem.
816 1631 861 1676 p.
891 1615 920 1660 3
955 1616 1004 1661 et
1039 1617 1083 1674 1,
1113 1616 1264 1675 lsqq.
1310 1616 1392 1673 12,
1422 1606 1551 1678 111)
1603 1616 1652 1661 et
1691 1613 1896 1662 Iunonis

206 1687 374 1735 odium
420 1681 503 1752 (01.
542 1703 757 1748 prooem.
796 1704 843 1749 p.
877 1690 908 1734 4
951 1690 999 1735 et
1043 1691 1088 1749 1,
1126 1689 1284 1735 4—5.
1327 1689 1357 1735 8
1386 1703 1490 1749 sqq.
1543 1689 1600 1748 5,
1636 1689 1756 1736 608.
1814 1689 1897 1747 12,

211 1763 312 1808 142
332 1754 460 1827 sqq.)
497 1762 772 1822 ,rettulerit3
827 1764 1042 1823 quantus
1082 1763 1148 1810 sit
1193 1761 1478 1810 inveniendi
1527 1755 1610 1828 (01.
1655 1763 1739 1822 12,
1774 1763 1895 1810 930.

210 1828 338 1899 952)
387 1834 678 1896 disponendi
725 1828 808 1900 (01.
853 1838 898 1895 1,
934 1838 1088 1897 lsqq.
1129 1837 1249 1884 494.
1302 1837 1349 1896 5,
1385 1837 1504 1884 730.
1557 1838 1603 1896 7,
1637 1836 1721 1883 39.
1764 1829 1896 1902 519)

209 1908 469 1969 eloquendi
509 1902 593 1974 (01.
627 1912 672 1969 1,
698 1910 782 1956 49.
819 1911 865 1968 2,
886 1911 1004 1958 773.
1036 1910 1153 1957 784.
1189 1911 1236 1970 3,
1263 1910 1346 1957 61.
1384 1911 1430 1970 7,
1457 1911 1523 1956 41
1546 1924 1651 1971 sqq.
1689 1911 1735 1971 9,
1763 1904 1896 1975 333)

210 1983 409 2042 artifex,
471 1998 623 2043 quam
675 1984 809 2030 recto
863 1983 1049 2031 iudicio
1102 1999 1425 2045 personarum
1480 1986 1529 2030 et
1578 1984 1800 2030 locorum
1847 1986 1898 2031 et

208 2058 487 2117 temporum
539 2055 720 2117 ubique
773 2058 1018 2104 rationem
1071 2057 1254 2105 habeat
1308 2051 1392 2123 (01.
1441 2059 1485 2118 1,
1528 2050 1681 2122 663);
1747 2073 1896 2118 (1110111

207 2130 463 2177 moraliter
500 2128 530 2176 i.
564 2145 603 2175 e.
642 2129 898 2177 hominum
937 2130 1156 2179 moribus
1195 2133 1544 2179 convenienter
1588 2147 1666 2178 res
1713 2133 1897 2180 tractet

210 2195 294 2267 (01.
329 2204 375 2262 3,
404 2204 522 2251 707.
565 2204 612 2259 4,
639 2203 721 2250 86.
765 2204 812 2263 5,
840 2205 957 2251 766.
1010 2206 1056 2264 9,
1083 2198 1236 2271 691);
1292 2221 1441 2266 quam
1488 2206 1738 2266 sapienter
1782 2221 1894 2252 nar-

209 2276 415 2323 rationis
448 2276 669 2324 ordinem
707 2281 953 2338 proponat
993 2279 1043 2325 et
1081 2278 1365 2326 moderetur
1404 2271 1487 2344 (01.
1518 2282 1563 2339 1,
1592 2281 1636 2326 1.
1674 2280 1720 2339 7,
1747 2272 1896 2345 641),

209 2349 540 2410 interruptum
580 2350 833 2398 continuet
872 2353 920 2398 et
957 2351 1173 2415 integret
1212 2345 1295 2418 (01.
1333 2356 1378 2412 1,
1405 2354 1526 2401 305.
1572 2354 1616 2412 7,
1645 2353 1766 2400 243.
1811 2355 1895 2413 11,

214 2422 333 2469 184.
376 2417 528 2488 597);
585 2438 731 2484 quam
779 2426 894 2485 apte
939 2427 1178 2474 transitus
1225 2427 1379 2474 faciat
1424 2428 1475 2474 et
1510 2425 1895 2487 intervenientia

210 2496 398 2544 inserat
437 2490 520 2562 (cf.
556 2498 602 2556 7,
630 2499 675 2544 1.
717 2499 765 2556 2,
791 2498 919 2546 680.
956 2501 1039 2559 10,
1065 2493 1219 2566 575);
1270 2515 1419 2562 (1110111
1460 2501 1713 2563 eleganter
1750 2516 1893 2564 gene-

210 2569 410 2617 ralitate
450 2572 498 2618 et
536 2570 846 2631 specialitate
885 2573 1041 2620 mixta
1080 2566 1164 2638 (cf.
1200 2575 1283 2634 11,
1311 2566 1457 2639 647),
1495 2573 1678 2622 fabulis
1719 2575 1771 2621 et
1807 2590 1894 2636 pa-

211 2641 394 2690 rabolis
433 2643 740 2705 interpositis
781 2637 866 2710 (cf.
894 2647 1117 2707 10,187.
1154 2649 1237 2707 12,
1256 2641 1388 2714 855)
1429 2648 1638 2709 aliisque
1669 2646 1894 2696 artificiis

331 2828 372 2882 1)
404 2826 462 2869 de
497 2826 848 2882 quaestionibus
879 2843 921 2872 v.
954 2828 1167 2873 libellum
1198 2844 1366 2885 meum,
1400 2831 1477 2874 die
1508 2830 1670 2875 antike
1701 2831 1892 2875 Aeneis-

213 2882 803 2999 ξῗῃϋὲἐῐε1ιιι189ξοηιωθηδο1·
842 2887 923 2931 des
963 2887 1178 2932 Tiberius
1211 2889 1433 2934 Claudius
1464 2889 1698 2944 DonatuS,
1738 2903 1893 2947 progr.
