2014 3226
173 174 282 226 334
640 173 873 217 DONATI
904 172 1184 217 INTERPR.
1218 171 1396 217 VERG.

173 319 215 362 et
261 318 417 362 terrac
463 317 885 372 tempestatumque
921 315 1163 371 potentes:
1226 312 1298 359 dii
1343 313 1518 371 maris,
1574 311 1645 358 dii
1690 314 1866 375 terrae,
1958 367 1960 370 .

172 388 243 435 (111
296 389 648 448 tempestatum
706 388 946 446 potentes.
1036 388 1156 446 ferte
1208 388 1342 434 viam
1395 389 1531 433 vento
1584 386 1779 444 facilem
1827 391 1868 433 et
1958 408 1959 412 ¹

171 464 353 521 spirate
392 462 603 515 secundi,
644 460 737 506 hoc
778 462 852 507 est
890 461 1025 507 viam
1063 460 1263 508 facilem
1302 459 1534 521 praebete
1572 475 1661 520 per
1706 462 1866 508 maria

171 538 221 582 et
267 536 486 582 favorem
532 535 750 581 vestrum
798 535 1077 594 temperato
1123 534 1332 581 flatuum
1374 533 1611 595 suffragio
1652 547 1864 582 commo-

81 613 167 651 530
185 609 313 655 date.
378 624 486 655 ecce
527 607 717 654 accedit
755 608 1015 668 petitionis
1054 607 1258 655 fructus.
1330 608 1644 662 erebresezmt
1683 609 1864 668 inquit,
1890 626 1932 659 >5

170 686 359 742 optatae
399 696 576 728 aurae:
629 682 849 728 naturali
896 697 1031 728 more
1082 681 1228 741 dixit3
1284 696 1405 728 aura
1453 682 1583 728 enim
1629 682 1865 741 nascitur,

170 773 279 804 cum
319 757 536 817 primum
577 756 798 802 exoritur
835 756 935 815 lux,
970 770 1119 816 quam
1158 770 1309 816 supra
1339 754 1535 802 induxit
1565 757 1864 815 nascentem,

169 846 267 891 quo
315 829 575 877 accedente
623 828 889 877 crebrescit
935 831 1126 876 ventus.
1195 831 1464 888 portusque
1507 830 1717 888 patescit
1763 830 1864 877 iam

158 906 365 964 propior
412 903 733 962 templumque
787 906 993 963 apparet
1036 904 1091 950 m
1137 916 1250 950 arce
1295 903 1578 950 Miner-vae:
1638 903 1691 949 in
1739 917 1864 964 arce,

167 979 252 1038 ait,
306 978 398 1025 1100
453 978 527 1023 est
580 978 633 1022 in
693 976 960 1024 altitudine
1022 977 1265 1038 templum
1325 976 1579 1024 Minervae
1641 979 1862 1038 apparet.
1890 996 1934 1028 10
1972 992 1974 996 ’

165 1051 271 1099 vela
320 1052 481 1111 {count
527 1052 669 1098 socii:
722 1050 817 1098 1100
857 1050 1062 1098 verbum
1102 1052 1267 1098 nautis
1309 1052 1383 1098 est
1422 1050 1691 1109 familiare3
1747 1067 1863 1098 nam
1976 1042 1977 1048 ¹

166 1125 307 1174 funes
364 1127 413 1172 et
467 1124 580 1171 vela
635 1139 747 1171 011111
802 1124 1043 1188 colligunt
1086 1125 1168 1172 vel
1216 1125 1387 1186 aliqua
1433 1125 1543 1172 loca
1588 1126 1863 1183 transeunt,

164 1199 325 1262 legere
382 1198 653 1260 appellant.
732 1202 773 1246 et
816 1213 1000 1258 proras
1056 1198 1122 1245 ad
1169 1200 1313 1246 litora
1359 1201 1600 1258 torquent:
1663 1201 1863 1260 arrepta

164 1274 295 1320 enim
343 1274 559 1320 statione
605 1271 706 1319 fida
753 1274 1055 1334 oportunum
1100 1273 1198 1320 fuit
1247 1272 1538 1321 descendere
1577 1272 1862 1320 refectionis

164 1362 325 1395 causa.
377 1346 644 1407 descriptio
678 1347 854 1408 portus
889 1347 977 1408 qui
1007 1346 1319 1394 venientibus
1354 1348 1654 1394 occurrerat:
1685 1350 1862 1406 portus
1886 1365 1929 1398 15

163 1422 224 1468 ab
266 1435 408 1468 euroo
448 1422 600 1480 fluctu
639 1424 870 1468 curvatus
907 1422 963 1468 tu
1002 1435 1187 1477 arcum,
1227 1421 1434 1468 obiectae
1463 1421 1600 1468 salsa
1629 1424 1864 1479 spumant

74 1496 160 1536 535
179 1496 441 1555 asparyiue
472 1497 649 1550 cautes,
679 1497 783 1555 ipse
814 1495 941 1549 latet,
963 1496 1153 1554 yemiuo
1185 1495 1439 1543 demittunt
1469 1495 1694 1542 bracchia
1720 1510 1860 1547 muro

162 1570 328 1616 turriti
365 1569 552 1628 scopuli
589 1569 861 1628 refuyt'tque
900 1568 960 1615 ab
1001 1569 1138 1616 litore
1172 1568 1423 1627 templum:
1462 1570 1663 1630 portum
1693 1569 1861 1630 ipsum

160 1657 259 1690 11011
296 1642 516 1690 humana
553 1642 827 1702 industria,
867 1642 953 1690 sed
991 1645 1173 1690 natura
1211 1646 1585 1704 procuraverat3
1641 1657 1758 1690 nam
1797 1642 1859 1689 ab

161 1718 349 1764 oriente
389 1717 506 1777 sole,
546 1733 646 1778 qua
684 1718 838 1764 maris
878 1716 1108 1764 fiuctibus
1147 1717 1378 1764 infestari
1415 1717 1603 1779 potuit,
1650 1732 1857 1779 magnas
1883 1735 1928 1767 20
1976 1774 1977 1777 Ἴ

161 1790 408 1838 obiecerat
449 1792 632 1852 cautes,
673 1806 800 1853 quae
838 1790 1135 1838 violentiam
1171 1792 1324 1838 maris
1364 1792 1580 1852 exceptis
1626 1790 1857 1839 fluctibus

160 1863 460 1928 frangerent.
538 1879 714 1927 spuma
752 1866 952 1912 tantum
991 1864 1288 1926 apparebat,
1330 1881 1478 1926 quae,
1522 1880 1634 1912 cum
1671 1864 1857 1913 nullius

161 1940 288 1986 esset
336 1939 562 1999 virtutis,
609 1954 784 1986 nocere
831 1954 932 1986 non
976 1940 1188 2000 poterat.
1266 1939 1395 2000 ipse,
1448 1940 1637 2000 inquit,
1683 1940 1856 2000 portus

159 2011 299 2072 latet,
329 2012 423 2060 1100
454 2014 530 2060 est
559 2027 671 2060 011111
702 2013 934 2060 saeviunt
963 2013 1160 2073 fluctus,
1193 2028 1305 2060 cum
1335 2013 1583 2075 procellae
1621 2012 1856 2060 universa
1980 2061 1982 2065 ,

158 2085 474 2148 perturbant,
521 2087 628 2148 ipse
675 2086 833 2135 nescit
873 2086 994 2148 quid
1032 2087 1213 2151 agatur
1250 2088 1304 2134 in
1342 2087 1537 2149 pelago.
1615 2086 1685 2134 sic
1725 2085 1855 2134 enim
1876 2104 1923 2137 25
1959 2090 1993 2152 ¹1

159 2160 264 2207 eius
304 2162 378 2208 est
418 2160 558 2221 situs,
587 2162 645 2207 ut
683 2161 823 2209 venti
859 2161 1004 2208 illum
1045 2161 1272 2222 quamvis
1311 2160 1470 2209 validi
1507 2161 1724 2221 reperire
1755 2175 1855 2208 11011

280 2333 408 2372 1—2
449 2331 558 2385 post
594 2329 768 2373 lemma
807 2331 877 2374 dii
899 2336 1180 2388 —potentes
1218 2331 1481 2374 atramento
1522 2330 1748 2386 scriptum
1786 2329 1856 2374 div:

156 2389 300 2432 maris
339 2388 408 2430 dii
446 2394 591 2433 terrae
627 2389 698 2433 dii
727 2394 1124 2447 tempestatumque
1149 2394 1354 2446 potentes
1382 2389 1522 2433 rubro
1556 2389 1708 2434 colore
1738 2388 1854 2432 lem-

157 2447 299 2490 matis
331 2446 483 2491 instar
514 2448 704 2504 scripsit
733 2449 769 2491 L
802 2449 968 2492 eadem
999 2449 1196 2506 praebet
1216 2448 1259 2492 R
1290 2462 1378 2492 om.
1397 2448 1492 2493 ed.:
1524 2446 1853 2505 interpretatio

158 2507 230 2550 est
268 2505 445 2550 Donati
482 2519 610 2550 more
650 2520 732 2550 suo
772 2508 843 2552 dii
878 2509 952 2552 ter
990 2507 1318 2564 accipiendum
1358 2521 1459 2552 esse
1497 2507 1731 2561 docentis,
1770 2507 1852 2550 sed

157 2580 241 2621 que
273 2578 329 2608 ex
360 2564 582 2608 lemmate
613 2565 774 2622 inepte
804 2567 1061 2623 repetitum
1093 2566 1258 2611 delevi.
1354 2572 1408 2610 13
1438 2567 1540 2611 vela
1564 2568 1720 2624 leywnt
1740 2566 1854 2611 socii

155 2623 369 2668 lemmati
399 2624 617 2680 praefixit
648 2625 719 2668 ed.
754 2625 886 2670 deest
915 2626 963 2669 in
997 2626 1094 2671 LR.
1259 2630 1314 2669 14
1344 2627 1551 2671 scendere
1581 2625 1665 2669 LR
1699 2639 1850 2670 ascen-

155 2684 258 2727 dere
287 2681 324 2726 r'
357 2683 617 2727 descendere
649 2683 719 2726 ed.
755 2683 812 2728 cf.
841 2689 910 2739 10,
929 2690 1027 2729 283.
1147 2690 1202 2729 15
1234 2687 1438 2741 sequitur
1469 2687 1578 2729 ante
1610 2685 1851 2740 descriptio

154 2741 372 2799 interpol.
399 2742 469 2786 ed.
502 2742 555 2797 fit
584 2741 760 2787 malim.
855 2748 910 2787 16
942 2758 1050 2788 euro
1078 2743 1166 2787 LR
1197 2757 1273 2789 eoo
1302 2757 1328 2787 r
1359 2744 1430 2788 ed.
1525 2749 1577 2788 17
1612 2744 1852 2800 aspergine

155 2800 228 2845 ed.
353 2805 407 2844 18
440 2802 496 2846 ab
527 2800 616 2844 LR
647 2815 677 2846 a
709 2802 780 2846 ed.
814 2803 880 2858 (et
910 2803 1064 2860 infra).
1193 2807 1366 2847 20-21
1399 2817 1570 2860 mayna
1599 2803 1850 2846 subiecerat

155 2858 243 2902 LR
287 2873 482 2918 may‘nae
527 2873 571 2905 se
615 2861 898 2905 subiecerant
940 2861 985 2905 r'
1032 2876 1226 2920 maynas
1269 2867 1444 2907 natma
1489 2863 1739 2906 subiecerat
1776 2860 1847 2904 ed.
1955 2916 1959 2918 -

153 2932 345 2976 nzaynas
376 2919 595 2964 obiecerat
624 2932 721 2962 nos.
823 2924 878 2963 23
904 2925 1070 2976 portus
1101 2934 1189 2965 om.
1216 2921 1287 2965 ed.
1382 2925 1439 2964 24
1469 2921 1777 2966 comsaeviwnt
1807 2919 1848 2963 R.

156 2990 271 3022 corr.
302 2991 338 3022 r.
461 2982 517 3021 26
547 2978 718 3022 validis
748 2978 790 3021 R
822 2992 935 3023 corr.
967 2994 1004 3025 r.
1872 2977 1878 2982 ”
