<?xml version="1.0" encoding="UTF-8"?>
<!DOCTYPE html PUBLIC "-//W3C//DTD XHTML 1.0 Transitional//EN"
    "http://www.w3.org/TR/xhtml1/DTD/xhtml1-transitional.dtd">
<html xmlns="http://www.w3.org/1999/xhtml" xml:lang="en" lang="en">
 <head>
  <title>
</title>
<meta http-equiv="Content-Type" content="text/html;charset=utf-8" />
  <meta name='ocr-system' content='tesseract 3.04.00' />
  <meta name='ocr-capabilities' content='ocr_page ocr_carea ocr_par ocr_line ocrx_word'/>
</head>
<body>
  <div class='ocr_page' id='page_1' title='image "./interpretationes01donauoft_0609.png"; bbox 0 0 2014 3226; ppageno 0'>
   <div class='ocr_carea' id='block_1_1' title="bbox 776 157 1821 211">
    <p class='ocr_par' dir='ltr' id='par_1_1' title="bbox 776 157 1821 211">
     <span class='ocr_line' id='line_1_1' title="bbox 776 157 1821 211; baseline 0 -12"><span class='ocrx_word' id='word_1_1' title='bbox 776 157 1077 202; x_wconf 75' lang='lat' dir='ltr'>AENEIDos</span> <span class='ocrx_word' id='word_1_2' title='bbox 1109 158 1172 202; x_wconf 85' lang='lat' dir='ltr'>VI</span> <span class='ocrx_word' id='word_1_3' title='bbox 1714 160 1821 211; x_wconf 75' lang='lat'>559</span> 
     </span>
    </p>
   </div>
   <div class='ocr_carea' id='block_1_2' title="bbox 8 295 1911 2359">
    <p class='ocr_par' dir='ltr' id='par_1_2' title="bbox 138 295 1910 581">
     <span class='ocr_line' id='line_1_2' title="bbox 139 295 1822 359; baseline 0.002 -16"><span class='ocrx_word' id='word_1_4' title='bbox 139 295 202 344; x_wconf 89' lang='lat' dir='ltr'>ad</span> <span class='ocrx_word' id='word_1_5' title='bbox 242 295 479 343; x_wconf 87' lang='lat' dir='ltr'>solacium</span> <span class='ocrx_word' id='word_1_6' title='bbox 519 295 756 343; x_wconf 84' lang='lat' dir='ltr'>Palinuro</span> <span class='ocrx_word' id='word_1_7' title='bbox 805 296 1086 345; x_wconf 87' lang='lat' dir='ltr'>sufficerent</span> <span class='ocrx_word' id='word_1_8' title='bbox 1131 301 1449 359; x_wconf 85' lang='lat' dir='ltr'>perrexerunt</span> <span class='ocrx_word' id='word_1_9' title='bbox 1498 298 1559 346; x_wconf 91' lang='lat' dir='ltr'>ad</span> <span class='ocrx_word' id='word_1_10' title='bbox 1606 299 1822 346; x_wconf 88' lang='lat' dir='ltr'>fluvium.</span> 
     </span>
     <span class='ocr_line' id='line_1_3' title="bbox 138 368 1910 434; baseline 0.001 -17"><span class='ocrx_word' id='word_1_11' title='bbox 138 372 322 425; x_wconf 74' lang='lat' dir='ltr'>navita,</span> <span class='ocrx_word' id='word_1_12' title='bbox 360 370 453 418; x_wconf 86' lang='lat' dir='ltr'>hoo</span> <span class='ocrx_word' id='word_1_13' title='bbox 494 372 567 416; x_wconf 89' lang='lat' dir='ltr'>est</span> <span class='ocrx_word' id='word_1_14' title='bbox 601 368 809 432; x_wconf 84' lang='lat' dir='ltr'>Charon,</span> <span class='ocrx_word' id='word_1_15' title='bbox 850 385 967 428; x_wconf 77' lang='lat' dir='ltr'>quos</span> <span class='ocrx_word' id='word_1_16' title='bbox 1006 373 1106 418; x_wconf 82' lang='lat' dir='ltr'>iam</span> <span class='ocrx_word' id='word_1_17' title='bbox 1138 372 1249 419; x_wconf 67' lang='lat' dir='ltr'>iride</span> <span class='ocrx_word' id='word_1_18' title='bbox 1287 376 1341 419; x_wconf 78' lang='lat' dir='ltr'>ut</span> <span class='ocrx_word' id='word_1_19' title='bbox 1369 371 1538 434; x_wconf 74' lang='lat' dir='ltr'>Styyia</span> <span class='ocrx_word' id='word_1_20' title='bbox 1559 375 1910 431; x_wconf 59' lang='lat' dir='ltr'>prosperit385</span> 
     </span>
     <span class='ocr_line' id='line_1_4' title="bbox 139 443 1824 506; baseline 0.001 -15"><span class='ocrx_word' id='word_1_21' title='bbox 139 444 201 491; x_wconf 85' lang='lat' dir='ltr'>ab</span> <span class='ocrx_word' id='word_1_22' title='bbox 239 443 376 491; x_wconf 71' lang='lat' dir='ltr'>meda</span> <span class='ocrx_word' id='word_1_23' title='bbox 404 457 499 502; x_wconf 73' lang='lat' dir='ltr'>per</span> <span class='ocrx_word' id='word_1_24' title='bbox 537 445 734 490; x_wconf 75' lang='lat' dir='ltr'>tac-itum</span> <span class='ocrx_word' id='word_1_25' title='bbox 772 458 941 491; x_wconf 76' lang='lat' dir='ltr'>nemus</span> <span class='ocrx_word' id='word_1_26' title='bbox 979 445 1050 492; x_wconf 88' lang='lat' dir='ltr'>ire</span> <span class='ocrx_word' id='word_1_27' title='bbox 1088 446 1352 505; x_wconf 76' lang='lat' dir='ltr'><em>pedemque</em></span> <span class='ocrx_word' id='word_1_28' title='bbox 1391 447 1636 494; x_wconf 76' lang='lat' dir='ltr'>advertere</span> <span class='ocrx_word' id='word_1_29' title='bbox 1673 448 1824 506; x_wconf 78' lang='lat' dir='ltr'>ripae,</span> 
     </span>
     <span class='ocr_line' id='line_1_5' title="bbox 139 517 1823 581; baseline 0.001 -16"><span class='ocrx_word' id='word_1_30' title='bbox 139 519 208 566; x_wconf 83' lang='lat' dir='ltr'>sic</span> <span class='ocrx_word' id='word_1_31' title='bbox 230 519 375 577; x_wconf 75' lang='lat' dir='ltr'>prior</span> <span class='ocrx_word' id='word_1_32' title='bbox 406 517 689 577; x_wconf 61' lang='lat' dir='ltr'>adorediiur</span> <span class='ocrx_word' id='word_1_33' title='bbox 721 518 858 564; x_wconf 78' lang='lat' dir='ltr'>dietis</span> <span class='ocrx_word' id='word_1_34' title='bbox 890 521 1030 576; x_wconf 79' lang='lat' dir='ltr'>atque</span> <span class='ocrx_word' id='word_1_35' title='bbox 1060 521 1278 579; x_wconf 75' lang='lat' dir='ltr'>increpat</span> <span class='ocrx_word' id='word_1_36' title='bbox 1307 521 1445 567; x_wconf 79' lang='lat' dir='ltr'>ultro.</span> <span class='ocrx_word' id='word_1_37' title='bbox 1519 519 1647 581; x_wconf 86' lang='lat' dir='ltr'>quod</span> <span class='ocrx_word' id='word_1_38' title='bbox 1679 520 1823 579; x_wconf 85' lang='lat' dir='ltr'>ultro,</span> 
     </span>
    </p>

    <p class='ocr_par' dir='ltr' id='par_1_3' title="bbox 94 590 1825 950">
     <span class='ocr_line' id='line_1_6' title="bbox 94 590 1823 655; baseline 0.001 -17"><span class='ocrx_word' id='word_1_39' title='bbox 94 613 115 645; x_wconf 80' lang='lat'><strong>5</strong></span> <span class='ocrx_word' id='word_1_40' title='bbox 142 590 270 652; x_wconf 90' lang='lat' dir='ltr'>quod</span> <span class='ocrx_word' id='word_1_41' title='bbox 298 590 457 638; x_wconf 89' lang='lat' dir='ltr'>adhuc</span> <span class='ocrx_word' id='word_1_42' title='bbox 483 591 740 651; x_wconf 83' lang='lat' dir='ltr'>venientis,</span> <span class='ocrx_word' id='word_1_43' title='bbox 766 591 894 652; x_wconf 91' lang='lat' dir='ltr'>quod</span> <span class='ocrx_word' id='word_1_44' title='bbox 922 592 1196 655; x_wconf 85' lang='lat' dir='ltr'>adgressus,</span> <span class='ocrx_word' id='word_1_45' title='bbox 1229 594 1358 654; x_wconf 90' lang='lat' dir='ltr'>quod</span> <span class='ocrx_word' id='word_1_46' title='bbox 1383 594 1605 655; x_wconf 76' lang='lat' dir='ltr'>increpat</span> <span class='ocrx_word' id='word_1_47' title='bbox 1637 593 1823 640; x_wconf 86' lang='lat' dir='ltr'>dictum</span> 
     </span>
     <span class='ocr_line' id='line_1_7' title="bbox 138 665 1823 728; baseline 0.001 -15"><span class='ocrx_word' id='word_1_48' title='bbox 138 667 228 725; x_wconf 87' lang='lat' dir='ltr'>est,</span> <span class='ocrx_word' id='word_1_49' title='bbox 258 666 360 712; x_wconf 91' lang='lat' dir='ltr'>iam</span> <span class='ocrx_word' id='word_1_50' title='bbox 384 665 773 728; x_wconf 87' lang='lat' dir='ltr'>intellegendum</span> <span class='ocrx_word' id='word_1_51' title='bbox 808 667 882 712; x_wconf 90' lang='lat' dir='ltr'>est</span> <span class='ocrx_word' id='word_1_52' title='bbox 905 668 1139 713; x_wconf 91' lang='lat' dir='ltr'>commoti</span> <span class='ocrx_word' id='word_1_53' title='bbox 1163 668 1382 714; x_wconf 89' lang='lat' dir='ltr'>futuram</span> <span class='ocrx_word' id='word_1_54' title='bbox 1416 683 1518 715; x_wconf 86' lang='lat' dir='ltr'>esse</span> <span class='ocrx_word' id='word_1_55' title='bbox 1544 667 1823 715; x_wconf 87' lang='lat' dir='ltr'>dictionem.</span> 
     </span>
     <span class='ocr_line' id='line_1_8' title="bbox 138 740 1825 800; baseline 0.001 -13"><span class='ocrx_word' id='word_1_56' title='bbox 138 740 356 799; x_wconf 77' lang='lat' dir='ltr'>quisquis</span> <span class='ocrx_word' id='word_1_57' title='bbox 396 753 444 787; x_wconf 81' lang='lat' dir='ltr'>es</span> <span class='ocrx_word' id='word_1_58' title='bbox 482 742 704 786; x_wconf 80' lang='lat' dir='ltr'>armatus</span> <span class='ocrx_word' id='word_1_59' title='bbox 743 741 826 798; x_wconf 81' lang='lat' dir='ltr'>qui</span> <span class='ocrx_word' id='word_1_60' title='bbox 855 742 1023 787; x_wconf 75' lang='lat' dir='ltr'>nostra</span> <span class='ocrx_word' id='word_1_61' title='bbox 1054 741 1121 787; x_wconf 84' lang='lat' dir='ltr'>ad</span> <span class='ocrx_word' id='word_1_62' title='bbox 1151 743 1358 799; x_wconf 71' lang='lat' dir='ltr'>flumina</span> <span class='ocrx_word' id='word_1_63' title='bbox 1390 742 1559 797; x_wconf 74' lang='lat' dir='ltr'>tendiS,</span> <span class='ocrx_word' id='word_1_64' title='bbox 1597 744 1706 799; x_wconf 81' lang='lat' dir='ltr'>fare</span> <span class='ocrx_word' id='word_1_65' title='bbox 1737 756 1825 800; x_wconf 77' lang='lat' dir='ltr'>aye</span> 
     </span>
     <span class='ocr_line' id='line_1_9' title="bbox 137 813 1823 874; baseline 0.001 -14"><span class='ocrx_word' id='word_1_66' title='bbox 137 813 256 873; x_wconf 79' lang='lat' dir='ltr'>quid</span> <span class='ocrx_word' id='word_1_67' title='bbox 285 815 469 869; x_wconf 73' lang='lat' dir='ltr'>venias,</span> <span class='ocrx_word' id='word_1_68' title='bbox 492 815 594 860; x_wconf 85' lang='lat' dir='ltr'>iam</span> <span class='ocrx_word' id='word_1_69' title='bbox 624 815 767 860; x_wconf 76' lang='lat' dir='ltr'>istinc</span> <span class='ocrx_word' id='word_1_70' title='bbox 798 816 841 859; x_wconf 79' lang='lat' dir='ltr'>et</span> <span class='ocrx_word' id='word_1_71' title='bbox 870 816 1111 873; x_wconf 70' lang='lat' dir='ltr'>conprime</span> <span class='ocrx_word' id='word_1_72' title='bbox 1137 829 1379 874; x_wconf 72' lang='lat' dir='ltr'>yressum:</span> <span class='ocrx_word' id='word_1_73' title='bbox 1419 830 1527 863; x_wconf 87' lang='lat' dir='ltr'>cum</span> <span class='ocrx_word' id='word_1_74' title='bbox 1561 815 1656 862; x_wconf 90' lang='lat' dir='ltr'>duo</span> <span class='ocrx_word' id='word_1_75' title='bbox 1688 816 1823 863; x_wconf 87' lang='lat' dir='ltr'>veni·</span> 
     </span>
     <span class='ocr_line' id='line_1_10' title="bbox 136 888 1821 950; baseline 0 -15"><span class='ocrx_word' id='word_1_76' title='bbox 136 890 261 949; x_wconf 79' lang='lat' dir='ltr'>rent,</span> <span class='ocrx_word' id='word_1_77' title='bbox 301 888 682 935; x_wconf 78' lang='lat' dir='ltr'>commotionem</span> <span class='ocrx_word' id='word_1_78' title='bbox 722 902 863 934; x_wconf 89' lang='lat' dir='ltr'>suam</span> <span class='ocrx_word' id='word_1_79' title='bbox 901 888 953 934; x_wconf 90' lang='lat' dir='ltr'>in</span> <span class='ocrx_word' id='word_1_80' title='bbox 1002 903 1114 934; x_wconf 90' lang='lat' dir='ltr'>eum</span> <span class='ocrx_word' id='word_1_81' title='bbox 1162 888 1341 936; x_wconf 82' lang='lat' dir='ltr'>direxit</span> <span class='ocrx_word' id='word_1_82' title='bbox 1389 906 1533 950; x_wconf 89' lang='lat' dir='ltr'>quem</span> <span class='ocrx_word' id='word_1_83' title='bbox 1573 889 1700 936; x_wconf 85' lang='lat' dir='ltr'>vidit</span> <span class='ocrx_word' id='word_1_84' title='bbox 1746 904 1821 936; x_wconf 88' lang='lat' dir='ltr'>ar-</span> 
     </span>
    </p>

    <p class='ocr_par' dir='ltr' id='par_1_4' title="bbox 70 962 1823 1245">
     <span class='ocr_line' id='line_1_11' title="bbox 70 962 1823 1024; baseline 0 -15"><span class='ocrx_word' id='word_1_85' title='bbox 70 981 113 1013; x_wconf 86' lang='lat'>10</span> <span class='ocrx_word' id='word_1_86' title='bbox 136 964 349 1020; x_wconf 83' lang='lat' dir='ltr'>matum3</span> <span class='ocrx_word' id='word_1_87' title='bbox 401 964 608 1009; x_wconf 83' lang='lat' dir='ltr'>noverat</span> <span class='ocrx_word' id='word_1_88' title='bbox 654 962 786 1008; x_wconf 85' lang='lat' dir='ltr'>enim</span> <span class='ocrx_word' id='word_1_89' title='bbox 833 962 1056 1022; x_wconf 84' lang='lat' dir='ltr'>exempla</span> <span class='ocrx_word' id='word_1_90' title='bbox 1096 962 1364 1010; x_wconf 86' lang='lat' dir='ltr'>violentiae</span> <span class='ocrx_word' id='word_1_91' title='bbox 1412 962 1587 1024; x_wconf 89' lang='lat' dir='ltr'>quibus</span> <span class='ocrx_word' id='word_1_92' title='bbox 1635 963 1823 1010; x_wconf 86' lang='lat' dir='ltr'>turbati</span> 
     </span>
     <span class='ocr_line' id='line_1_12' title="bbox 137 1034 1822 1099; baseline 0 -16"><span class='ocrx_word' id='word_1_93' title='bbox 137 1039 252 1083; x_wconf 91' lang='lat' dir='ltr'>sunt</span> <span class='ocrx_word' id='word_1_94' title='bbox 294 1035 454 1082; x_wconf 85' lang='lat' dir='ltr'>inferi.</span> <span class='ocrx_word' id='word_1_95' title='bbox 533 1037 642 1096; x_wconf 88' lang='lat' dir='ltr'>quis</span> <span class='ocrx_word' id='word_1_96' title='bbox 683 1034 814 1082; x_wconf 88' lang='lat' dir='ltr'>enim</span> <span class='ocrx_word' id='word_1_97' title='bbox 852 1051 1023 1082; x_wconf 87' lang='lat' dir='ltr'>revera</span> <span class='ocrx_word' id='word_1_98' title='bbox 1070 1052 1168 1083; x_wconf 92' lang='lat' dir='ltr'>non</span> <span class='ocrx_word' id='word_1_99' title='bbox 1206 1040 1502 1099; x_wconf 81' lang='lat' dir='ltr'>moveretur,</span> <span class='ocrx_word' id='word_1_100' title='bbox 1542 1052 1651 1083; x_wconf 86' lang='lat' dir='ltr'>cum</span> <span class='ocrx_word' id='word_1_101' title='bbox 1690 1036 1822 1083; x_wconf 85' lang='lat' dir='ltr'>vide-</span> 
     </span>
     <span class='ocr_line' id='line_1_13' title="bbox 136 1109 1822 1172; baseline 0.001 -16"><span class='ocrx_word' id='word_1_102' title='bbox 136 1112 214 1157; x_wconf 88' lang='lat' dir='ltr'>ret</span> <span class='ocrx_word' id='word_1_103' title='bbox 261 1110 442 1157; x_wconf 86' lang='lat' dir='ltr'>tacitos</span> <span class='ocrx_word' id='word_1_104' title='bbox 482 1110 649 1156; x_wconf 87' lang='lat' dir='ltr'>venire</span> <span class='ocrx_word' id='word_1_105' title='bbox 703 1125 792 1170; x_wconf 88' lang='lat' dir='ltr'>per</span> <span class='ocrx_word' id='word_1_106' title='bbox 846 1109 1039 1157; x_wconf 89' lang='lat' dir='ltr'>occulta</span> <span class='ocrx_word' id='word_1_107' title='bbox 1091 1126 1346 1157; x_wconf 89' lang='lat' dir='ltr'>nemorum</span> <span class='ocrx_word' id='word_1_108' title='bbox 1394 1113 1444 1158; x_wconf 92' lang='lat' dir='ltr'>et</span> <span class='ocrx_word' id='word_1_109' title='bbox 1489 1111 1822 1172; x_wconf 87' lang='lat' dir='ltr'>propinquare</span> 
     </span>
     <span class='ocr_line' id='line_1_14' title="bbox 136 1181 1823 1245; baseline 0 -15"><span class='ocrx_word' id='word_1_110' title='bbox 136 1184 363 1231; x_wconf 84' lang='lat' dir='ltr'>iuvenem</span> <span class='ocrx_word' id='word_1_111' title='bbox 418 1184 590 1230; x_wconf 85' lang='lat' dir='ltr'>stricto</span> <span class='ocrx_word' id='word_1_112' title='bbox 644 1181 915 1230; x_wconf 74' lang='lat' dir='ltr'>mucrone?</span> <span class='ocrx_word' id='word_1_113' title='bbox 998 1184 1170 1245; x_wconf 92' lang='lat' dir='ltr'>procul</span> <span class='ocrx_word' id='word_1_114' title='bbox 1224 1183 1372 1232; x_wconf 90' lang='lat' dir='ltr'>dubio</span> <span class='ocrx_word' id='word_1_115' title='bbox 1429 1185 1628 1245; x_wconf 87' lang='lat' dir='ltr'>quidem</span> <span class='ocrx_word' id='word_1_116' title='bbox 1681 1183 1823 1230; x_wconf 90' lang='lat' dir='ltr'>illum</span> 
     </span>
    </p>

    <p class='ocr_par' dir='ltr' id='par_1_5' title="bbox 15 1256 1822 1320">
     <span class='ocr_line' id='line_1_15' title="bbox 15 1256 1822 1320; baseline 0 -15"><span class='ocrx_word' id='word_1_117' title='bbox 15 1310 29 1317; x_wconf 54' lang='lat'><em>„</em></span> <span class='ocrx_word' id='word_1_118' title='bbox 139 1256 333 1305; x_wconf 82' lang='lat' dir='ltr'>Charon</span> <span class='ocrx_word' id='word_1_119' title='bbox 363 1257 589 1317; x_wconf 83' lang='lat' dir='ltr'>timebat,</span> <span class='ocrx_word' id='word_1_120' title='bbox 619 1256 972 1320; x_wconf 74' lang='lat' dir='ltr'>interrogantis</span> <span class='ocrx_word' id='word_1_121' title='bbox 1003 1259 1171 1305; x_wconf 90' lang='lat' dir='ltr'>tamen</span> <span class='ocrx_word' id='word_1_122' title='bbox 1201 1258 1322 1306; x_wconf 90' lang='lat' dir='ltr'>haec</span> <span class='ocrx_word' id='word_1_123' title='bbox 1354 1274 1446 1306; x_wconf 82' lang='lat' dir='ltr'>vox</span> <span class='ocrx_word' id='word_1_124' title='bbox 1480 1261 1553 1306; x_wconf 89' lang='lat' dir='ltr'>est</span> <span class='ocrx_word' id='word_1_125' title='bbox 1584 1260 1633 1305; x_wconf 90' lang='lat' dir='ltr'>et</span> <span class='ocrx_word' id='word_1_126' title='bbox 1664 1257 1822 1320; x_wconf 87' lang='lat' dir='ltr'>magis</span> 
     </span>
    </p>

    <p class='ocr_par' dir='ltr' id='par_1_6' title="bbox 70 1331 1911 1691">
     <span class='ocr_line' id='line_1_16' title="bbox 70 1331 1821 1395; baseline -0.001 -16"><span class='ocrx_word' id='word_1_127' title='bbox 70 1350 111 1383; x_wconf 79' lang='lat'>15</span> <span class='ocrx_word' id='word_1_128' title='bbox 137 1332 353 1393; x_wconf 90' lang='lat' dir='ltr'>suspecti</span> <span class='ocrx_word' id='word_1_129' title='bbox 392 1347 542 1393; x_wconf 90' lang='lat' dir='ltr'>quam</span> <span class='ocrx_word' id='word_1_130' title='bbox 588 1332 840 1391; x_wconf 88' lang='lat' dir='ltr'>iniuriosi,</span> <span class='ocrx_word' id='word_1_131' title='bbox 895 1346 1006 1378; x_wconf 86' lang='lat' dir='ltr'>cum</span> <span class='ocrx_word' id='word_1_132' title='bbox 1053 1331 1175 1379; x_wconf 86' lang='lat' dir='ltr'>dicit</span> <span class='ocrx_word' id='word_1_133' title='bbox 1225 1332 1329 1379; x_wconf 87' lang='lat' dir='ltr'>fare</span> <span class='ocrx_word' id='word_1_134' title='bbox 1377 1347 1468 1395; x_wconf 91' lang='lat' dir='ltr'>age</span> <span class='ocrx_word' id='word_1_135' title='bbox 1516 1347 1601 1379; x_wconf 90' lang='lat' dir='ltr'>cur</span> <span class='ocrx_word' id='word_1_136' title='bbox 1639 1332 1821 1379; x_wconf 86' lang='lat' dir='ltr'>venias.</span> 
     </span>
     <span class='ocr_line' id='line_1_17' title="bbox 136 1405 1823 1467; baseline -0.002 -13"><span class='ocrx_word' id='word_1_137' title='bbox 136 1407 304 1467; x_wconf 85' lang='lat' dir='ltr'>sperat</span> <span class='ocrx_word' id='word_1_138' title='bbox 343 1407 392 1453; x_wconf 90' lang='lat' dir='ltr'>et</span> <span class='ocrx_word' id='word_1_139' title='bbox 430 1406 587 1453; x_wconf 87' lang='lat' dir='ltr'>iustas</span> <span class='ocrx_word' id='word_1_140' title='bbox 628 1406 835 1453; x_wconf 83' lang='lat' dir='ltr'>existere</span> <span class='ocrx_word' id='word_1_141' title='bbox 875 1420 1018 1466; x_wconf 89' lang='lat' dir='ltr'>posse</span> <span class='ocrx_word' id='word_1_142' title='bbox 1058 1420 1229 1454; x_wconf 83' lang='lat' dir='ltr'>causas</span> <span class='ocrx_word' id='word_1_143' title='bbox 1268 1406 1518 1466; x_wconf 89' lang='lat' dir='ltr'>veniendi,</span> <span class='ocrx_word' id='word_1_144' title='bbox 1556 1405 1674 1453; x_wconf 90' lang='lat' dir='ltr'>licet</span> <span class='ocrx_word' id='word_1_145' title='bbox 1712 1421 1823 1452; x_wconf 89' lang='lat' dir='ltr'>eum</span> 
     </span>
     <span class='ocr_line' id='line_1_18' title="bbox 133 1479 1821 1542; baseline -0.001 -15"><span class='ocrx_word' id='word_1_146' title='bbox 133 1479 369 1528; x_wconf 82' lang='lat' dir='ltr'>terruerit</span> <span class='ocrx_word' id='word_1_147' title='bbox 402 1481 630 1541; x_wconf 89' lang='lat' dir='ltr'>aspectus</span> <span class='ocrx_word' id='word_1_148' title='bbox 656 1480 850 1526; x_wconf 88' lang='lat' dir='ltr'>armati.</span> <span class='ocrx_word' id='word_1_149' title='bbox 920 1480 1020 1526; x_wconf 86' lang='lat' dir='ltr'>iam</span> <span class='ocrx_word' id='word_1_150' title='bbox 1051 1480 1200 1527; x_wconf 90' lang='lat' dir='ltr'>istinc</span> <span class='ocrx_word' id='word_1_151' title='bbox 1232 1482 1281 1525; x_wconf 90' lang='lat' dir='ltr'>et</span> <span class='ocrx_word' id='word_1_152' title='bbox 1305 1481 1553 1542; x_wconf 88' lang='lat' dir='ltr'>conprime</span> <span class='ocrx_word' id='word_1_153' title='bbox 1579 1494 1821 1542; x_wconf 86' lang='lat' dir='ltr'>gressum:</span> 
     </span>
     <span class='ocr_line' id='line_1_19' title="bbox 134 1553 1822 1617; baseline -0.001 -16"><span class='ocrx_word' id='word_1_154' title='bbox 134 1554 347 1614; x_wconf 85' lang='lat' dir='ltr'>interea,</span> <span class='ocrx_word' id='word_1_155' title='bbox 387 1553 541 1602; x_wconf 88' lang='lat' dir='ltr'>donec</span> <span class='ocrx_word' id='word_1_156' title='bbox 580 1553 822 1602; x_wconf 88' lang='lat' dir='ltr'>adventus</span> <span class='ocrx_word' id='word_1_157' title='bbox 862 1555 937 1600; x_wconf 91' lang='lat' dir='ltr'>tui</span> <span class='ocrx_word' id='word_1_158' title='bbox 983 1569 1156 1602; x_wconf 79' lang='lat' dir='ltr'>causas</span> <span class='ocrx_word' id='word_1_159' title='bbox 1204 1553 1388 1613; x_wconf 86' lang='lat' dir='ltr'>edicas,</span> <span class='ocrx_word' id='word_1_160' title='bbox 1436 1553 1590 1617; x_wconf 88' lang='lat' dir='ltr'>defige</span> <span class='ocrx_word' id='word_1_161' title='bbox 1629 1567 1822 1615; x_wconf 87' lang='lat' dir='ltr'>gressus</span> 
     </span>
     <span class='ocr_line' id='line_1_20' title="bbox 133 1627 1911 1691; baseline -0.001 -16"><span class='ocrx_word' id='word_1_162' title='bbox 133 1631 246 1675; x_wconf 90' lang='lat' dir='ltr'>tuos</span> <span class='ocrx_word' id='word_1_163' title='bbox 284 1643 374 1675; x_wconf 91' lang='lat' dir='ltr'>nec</span> <span class='ocrx_word' id='word_1_164' title='bbox 419 1627 755 1691; x_wconf 87' lang='lat' dir='ltr'>progrediaris</span> <span class='ocrx_word' id='word_1_165' title='bbox 797 1628 1020 1675; x_wconf 86' lang='lat' dir='ltr'>ulterius.</span> <span class='ocrx_word' id='word_1_166' title='bbox 1097 1628 1384 1676; x_wconf 77' lang='lat' dir='ltr'>wmbrarum</span> <span class='ocrx_word' id='word_1_167' title='bbox 1429 1628 1504 1675; x_wconf 81' lang='lat' dir='ltr'>hie</span> <span class='ocrx_word' id='word_1_168' title='bbox 1549 1627 1680 1674; x_wconf 81' lang='lat' dir='ltr'>loeus</span> <span class='ocrx_word' id='word_1_169' title='bbox 1718 1629 1808 1674; x_wconf 74' lang='lat' dir='ltr'>est:</span> <span class='ocrx_word' id='word_1_170' title='bbox 1824 1633 1911 1674; x_wconf 86' lang='grc'>390</span> 
     </span>
    </p>

    <p class='ocr_par' dir='ltr' id='par_1_7' title="bbox 0 1699 1824 1912">
     <span class='ocr_line' id='line_1_21' title="bbox 67 1699 1824 1763; baseline -0.003 -10.22"><span class='ocrx_word' id='word_1_171' title='bbox 67 1711 214 1763; x_wconf 70' lang='lat' dir='ltr'>so&#39;an,</span> <span class='ocrx_word' id='word_1_172' title='bbox 251 1703 438 1763; x_wconf 87' lang='lat' dir='ltr'>inquit,</span> <span class='ocrx_word' id='word_1_173' title='bbox 484 1702 572 1749; x_wconf 91' lang='lat' dir='ltr'>ubi</span> <span class='ocrx_word' id='word_1_174' title='bbox 611 1703 678 1750; x_wconf 88' lang='lat' dir='ltr'>sis</span> <span class='ocrx_word' id='word_1_175' title='bbox 715 1703 910 1763; x_wconf 90' lang='lat' dir='ltr'>positus</span> <span class='ocrx_word' id='word_1_176' title='bbox 947 1699 1139 1749; x_wconf 80' lang='lat' dir='ltr'>nescis?</span> <span class='ocrx_word' id='word_1_177' title='bbox 1191 1702 1475 1749; x_wconf 87' lang='lat' dir='ltr'>umbrarum</span> <span class='ocrx_word' id='word_1_178' title='bbox 1524 1702 1705 1763; x_wconf 85' lang='lat' dir='ltr'>quippe</span> <span class='ocrx_word' id='word_1_179' title='bbox 1743 1699 1824 1748; x_wconf 86' lang='lat' dir='ltr'>hic</span> 
     </span>
     <span class='ocr_line' id='line_1_22' title="bbox 133 1775 1824 1836; baseline -0.002 -12"><span class='ocrx_word' id='word_1_180' title='bbox 133 1776 271 1824; x_wconf 85' lang='lat' dir='ltr'>locus</span> <span class='ocrx_word' id='word_1_181' title='bbox 318 1778 406 1824; x_wconf 91' lang='lat' dir='ltr'>est.</span> <span class='ocrx_word' id='word_1_182' title='bbox 483 1778 640 1823; x_wconf 71' lang='lat' dir='ltr'>somni</span> <span class='ocrx_word' id='word_1_183' title='bbox 684 1777 928 1835; x_wconf 73' lang='lat' dir='ltr'>noctisque</span> <span class='ocrx_word' id='word_1_184' title='bbox 972 1789 1198 1836; x_wconf 74' lang='lat' dir='ltr'>soporae:</span> <span class='ocrx_word' id='word_1_185' title='bbox 1252 1791 1449 1823; x_wconf 88' lang='lat' dir='ltr'>somnus</span> <span class='ocrx_word' id='word_1_186' title='bbox 1496 1775 1575 1822; x_wconf 87' lang='lat' dir='ltr'>hic</span> <span class='ocrx_word' id='word_1_187' title='bbox 1621 1776 1824 1835; x_wconf 87' lang='lat' dir='ltr'>superat</span> 
     </span>
     <span class='ocr_line' id='line_1_23' title="bbox 135 1848 1820 1912; baseline -0.002 -16"><span class='ocrx_word' id='word_1_188' title='bbox 135 1852 186 1896; x_wconf 87' lang='lat' dir='ltr'>et</span> <span class='ocrx_word' id='word_1_189' title='bbox 207 1849 439 1898; x_wconf 84' lang='lat' dir='ltr'>tenebrae</span> <span class='ocrx_word' id='word_1_190' title='bbox 471 1850 647 1910; x_wconf 84' lang='lat' dir='ltr'>noctis,</span> <span class='ocrx_word' id='word_1_191' title='bbox 681 1865 808 1911; x_wconf 87' lang='lat' dir='ltr'>quae</span> <span class='ocrx_word' id='word_1_192' title='bbox 839 1864 1018 1912; x_wconf 91' lang='lat' dir='ltr'>sopora</span> <span class='ocrx_word' id='word_1_193' title='bbox 1043 1851 1117 1898; x_wconf 91' lang='lat' dir='ltr'>est</span> <span class='ocrx_word' id='word_1_194' title='bbox 1139 1849 1232 1897; x_wconf 88' lang='lat' dir='ltr'>hoc</span> <span class='ocrx_word' id='word_1_195' title='bbox 1256 1853 1330 1898; x_wconf 87' lang='lat' dir='ltr'>est</span> <span class='ocrx_word' id='word_1_196' title='bbox 1358 1848 1612 1896; x_wconf 90' lang='lat' dir='ltr'>abundans</span> <span class='ocrx_word' id='word_1_197' title='bbox 1637 1863 1820 1896; x_wconf 89' lang='lat' dir='ltr'>somno.</span> 
     </span>
    </p>

    <p class='ocr_par' dir='ltr' id='par_1_8' title="bbox 16 1922 1822 1985">
     <span class='ocr_line' id='line_1_24' title="bbox 16 1922 1822 1985; baseline -0.002 -12"><span class='ocrx_word' id='word_1_198' title='bbox 16 1982 17 1985; x_wconf 8' lang='grc' dir='ltr'><strong>Ἴ</strong></span> <span class='ocrx_word' id='word_1_199' title='bbox 134 1938 339 1984; x_wconf 74' lang='lat' dir='ltr'>corpora</span> <span class='ocrx_word' id='word_1_200' title='bbox 371 1925 484 1972; x_wconf 84' lang='lat' dir='ltr'>viva</span> <span class='ocrx_word' id='word_1_201' title='bbox 519 1926 664 1985; x_wconf 77' lang='lat' dir='ltr'>nefas</span> <span class='ocrx_word' id='word_1_202' title='bbox 701 1923 871 1985; x_wconf 75' lang='lat' dir='ltr'>Styyia</span> <span class='ocrx_word' id='word_1_203' title='bbox 909 1927 1095 1971; x_wconf 71' lang='lat' dir='ltr'>vectare</span> <span class='ocrx_word' id='word_1_204' title='bbox 1132 1925 1331 1971; x_wconf 76' lang='lat' dir='ltr'>carina:</span> <span class='ocrx_word' id='word_1_205' title='bbox 1379 1925 1439 1970; x_wconf 91' lang='lat' dir='ltr'>ut</span> <span class='ocrx_word' id='word_1_206' title='bbox 1477 1924 1643 1970; x_wconf 88' lang='lat' dir='ltr'>autem</span> <span class='ocrx_word' id='word_1_207' title='bbox 1683 1922 1822 1970; x_wconf 85' lang='lat' dir='ltr'>vivos</span> 
     </span>
    </p>

    <p class='ocr_par' dir='ltr' id='par_1_9' title="bbox 8 1995 1822 2064">
     <span class='ocr_line' id='line_1_25' title="bbox 8 1995 1822 2064; baseline -0.002 -18"><span class='ocrx_word' id='word_1_208' title='bbox 8 2022 18 2064; x_wconf 58' lang='grc' dir='ltr'><strong>ς</strong></span> <span class='ocrx_word' id='word_1_209' title='bbox 133 1999 365 2046; x_wconf 86' lang='lat' dir='ltr'>traiciam</span> <span class='ocrx_word' id='word_1_210' title='bbox 389 1998 527 2047; x_wconf 86' lang='lat' dir='ltr'>nefas</span> <span class='ocrx_word' id='word_1_211' title='bbox 553 2001 639 2047; x_wconf 85' lang='lat' dir='ltr'>est.</span> <span class='ocrx_word' id='word_1_212' title='bbox 694 2013 780 2046; x_wconf 71' lang='lat' dir='ltr'>nec</span> <span class='ocrx_word' id='word_1_213' title='bbox 810 2011 920 2046; x_wconf 75' lang='lat' dir='ltr'>vero</span> <span class='ocrx_word' id='word_1_214' title='bbox 944 1995 1150 2045; x_wconf 75' lang='lat' dir='ltr'>Alciden</span> <span class='ocrx_word' id='word_1_215' title='bbox 1180 2012 1254 2044; x_wconf 91' lang='lat' dir='ltr'>me</span> <span class='ocrx_word' id='word_1_216' title='bbox 1275 2012 1385 2044; x_wconf 83' lang='lat' dir='ltr'>sum</span> <span class='ocrx_word' id='word_1_217' title='bbox 1407 1997 1613 2045; x_wconf 78' lang='lat' dir='ltr'>laetatus</span> <span class='ocrx_word' id='word_1_218' title='bbox 1638 1998 1822 2043; x_wconf 78' lang='lat' dir='ltr'>emitem</span> 
     </span>
    </p>

    <p class='ocr_par' dir='ltr' id='par_1_10' title="bbox 10 2071 1823 2132">
     <span class='ocr_line' id='line_1_26' title="bbox 10 2071 1823 2132; baseline -0.003 -10"><span class='ocrx_word' id='word_1_219' title='bbox 10 2084 21 2123; x_wconf 72' lang='grc' dir='ltr'><em>ἑ</em></span> <span class='ocrx_word' id='word_1_220' title='bbox 68 2089 111 2123; x_wconf 78' lang='lat'>25</span> <span class='ocrx_word' id='word_1_221' title='bbox 135 2073 374 2132; x_wconf 76' lang='lat' dir='ltr'>accepisse</span> <span class='ocrx_word' id='word_1_222' title='bbox 427 2073 536 2120; x_wconf 79' lang='lat' dir='ltr'>lacu</span> <span class='ocrx_word' id='word_1_223' title='bbox 589 2087 676 2120; x_wconf 76' lang='lat' dir='ltr'>nec</span> <span class='ocrx_word' id='word_1_224' title='bbox 727 2072 913 2120; x_wconf 78' lang='lat' dir='ltr'>Thesea</span> <span class='ocrx_word' id='word_1_225' title='bbox 956 2072 1341 2131; x_wconf 74' lang='lat' dir='ltr'>Pirithoumque,</span> <span class='ocrx_word' id='word_1_226' title='bbox 1387 2071 1484 2118; x_wconf 80' lang='lat' dir='ltr'>diis</span> <span class='ocrx_word' id='word_1_227' title='bbox 1529 2084 1823 2130; x_wconf 75' lang='lat' dir='ltr'>quamquam</span> 
     </span>
    </p>

    <p class='ocr_par' dir='ltr' id='par_1_11' title="bbox 8 2142 1907 2359">
     <span class='ocr_line' id='line_1_27' title="bbox 8 2142 1822 2207; baseline -0.003 -13"><span class='ocrx_word' id='word_1_228' title='bbox 8 2142 12 2149; x_wconf 69' lang='lat'>&#39;</span> <span class='ocrx_word' id='word_1_229' title='bbox 130 2147 281 2207; x_wconf 71' lang='lat' dir='ltr'>yeniti</span> <span class='ocrx_word' id='word_1_230' title='bbox 319 2149 462 2207; x_wconf 76' lang='lat' dir='ltr'>atque</span> <span class='ocrx_word' id='word_1_231' title='bbox 498 2148 667 2195; x_wconf 73' lang='lat' dir='ltr'>invicti</span> <span class='ocrx_word' id='word_1_232' title='bbox 697 2146 884 2194; x_wconf 80' lang='lat' dir='ltr'>viribus</span> <span class='ocrx_word' id='word_1_233' title='bbox 923 2147 1099 2193; x_wconf 75' lang='lat' dir='ltr'>essent:</span> <span class='ocrx_word' id='word_1_234' title='bbox 1138 2145 1224 2193; x_wconf 85' lang='lat' dir='ltr'>dat</span> <span class='ocrx_word' id='word_1_235' title='bbox 1262 2160 1433 2193; x_wconf 89' lang='lat' dir='ltr'>eorum</span> <span class='ocrx_word' id='word_1_236' title='bbox 1472 2143 1696 2205; x_wconf 83' lang='lat' dir='ltr'>exempla</span> <span class='ocrx_word' id='word_1_237' title='bbox 1736 2144 1822 2205; x_wconf 88' lang='lat' dir='ltr'>qui</span> 
     </span>
     <span class='ocr_line' id='line_1_28' title="bbox 135 2216 1822 2281; baseline -0.002 -13"><span class='ocrx_word' id='word_1_238' title='bbox 135 2220 268 2281; x_wconf 83' lang='lat' dir='ltr'>apud</span> <span class='ocrx_word' id='word_1_239' title='bbox 306 2219 490 2268; x_wconf 85' lang='lat' dir='ltr'>inferos</span> <span class='ocrx_word' id='word_1_240' title='bbox 530 2220 727 2268; x_wconf 88' lang='lat' dir='ltr'>inlicita</span> <span class='ocrx_word' id='word_1_241' title='bbox 767 2219 1125 2267; x_wconf 87' lang='lat' dir='ltr'>commisissent</span> <span class='ocrx_word' id='word_1_242' title='bbox 1163 2218 1252 2267; x_wconf 93' lang='lat' dir='ltr'>sub</span> <span class='ocrx_word' id='word_1_243' title='bbox 1293 2234 1351 2266; x_wconf 90' lang='lat' dir='ltr'>ea</span> <span class='ocrx_word' id='word_1_244' title='bbox 1390 2219 1658 2279; x_wconf 84' lang='lat' dir='ltr'>occasione,</span> <span class='ocrx_word' id='word_1_245' title='bbox 1691 2216 1822 2279; x_wconf 91' lang='lat' dir='ltr'>quod</span> 
     </span>
     <span class='ocr_line' id='line_1_29' title="bbox 134 2291 1907 2359; baseline -0.003 -18"><span class='ocrx_word' id='word_1_246' title='bbox 134 2293 340 2342; x_wconf 80' lang='lat' dir='ltr'>deorum</span> <span class='ocrx_word' id='word_1_247' title='bbox 373 2295 615 2359; x_wconf 84' lang='lat' dir='ltr'>originem</span> <span class='ocrx_word' id='word_1_248' title='bbox 647 2294 892 2342; x_wconf 88' lang='lat' dir='ltr'>ducerent.</span> <span class='ocrx_word' id='word_1_249' title='bbox 956 2293 1245 2341; x_wconf 78' lang='lat' dir='ltr'>Tartareum</span> <span class='ocrx_word' id='word_1_250' title='bbox 1275 2291 1357 2340; x_wconf 86' lang='lat' dir='ltr'>ille</span> <span class='ocrx_word' id='word_1_251' title='bbox 1385 2307 1538 2340; x_wconf 79' lang='lat' dir='ltr'>manu</span> <span class='ocrx_word' id='word_1_252' title='bbox 1570 2291 1804 2339; x_wconf 74' lang='lat' dir='ltr'>custodcm</span> <span class='ocrx_word' id='word_1_253' title='bbox 1822 2295 1907 2336; x_wconf 83' lang='lat'>395</span> 
     </span>
    </p>
   </div>
   <div class='ocr_carea' id='block_1_3' title="bbox 131 2386 489 2393">
    <p class='ocr_par' dir='ltr' id='par_1_12' title="bbox 131 2386 489 2393">
     <span class='ocr_line' id='line_1_30' title="bbox 131 2386 489 2393; baseline 0 833"><span class='ocrx_word' id='word_1_254' title='bbox 131 2386 489 2393; x_wconf 95' lang='lat' dir='ltr'> </span> 
     </span>
    </p>
   </div>
   <div class='ocr_carea' id='block_1_4' title="bbox 3 2164 1822 3024">
    <p class='ocr_par' dir='ltr' id='par_1_13' title="bbox 3 2164 1822 2549">
     <span class='ocr_line' id='line_1_31' title="bbox 6 2164 21 2215; baseline 0 0"><span class='ocrx_word' id='word_1_255' title='bbox 6 2164 21 2215; x_wconf 65' lang='grc' dir='ltr'>ἑ*</span> 
     </span>
     <span class='ocr_line' id='line_1_32' title="bbox 7 2218 22 2281; baseline 0 -2"><span class='ocrx_word' id='word_1_256' title='bbox 7 2218 22 2281; x_wconf 71' lang='grc' dir='ltr'><strong><em>ἓ</em></strong></span> 
     </span>
     <span class='ocr_line' id='line_1_33' title="bbox 3 2427 1821 2486; baseline -0.004 -5"><span class='ocrx_word' id='word_1_257' title='bbox 3 2427 20 2486; x_wconf 66' lang='grc' dir='ltr'><strong>ἒ</strong></span> <span class='ocrx_word' id='word_1_258' title='bbox 256 2440 279 2479; x_wconf 94' lang='grc'>1</span> <span class='ocrx_word' id='word_1_259' title='bbox 313 2436 538 2480; x_wconf 77' lang='lat' dir='ltr'>Palinuri</span> <span class='ocrx_word' id='word_1_260' title='bbox 568 2435 639 2479; x_wconf 84' lang='lat' dir='ltr'>ed.</span> <span class='ocrx_word' id='word_1_261' title='bbox 751 2438 777 2478; x_wconf 86' lang='lat'><strong>5</strong></span> <span class='ocrx_word' id='word_1_262' title='bbox 808 2434 1029 2478; x_wconf 74' lang='lat' dir='ltr'>venientis</span> <span class='ocrx_word' id='word_1_263' title='bbox 1058 2433 1101 2476; x_wconf 90' lang='lat' dir='ltr'><strong>V</strong></span> <span class='ocrx_word' id='word_1_264' title='bbox 1131 2434 1314 2477; x_wconf 69' lang='lat' dir='ltr'>veniens</span> <span class='ocrx_word' id='word_1_265' title='bbox 1344 2432 1415 2476; x_wconf 86' lang='lat' dir='ltr'>ed.</span> <span class='ocrx_word' id='word_1_266' title='bbox 1524 2435 1549 2474; x_wconf 87' lang='grc'>6</span> <span class='ocrx_word' id='word_1_267' title='bbox 1581 2431 1821 2475; x_wconf 76' lang='lat' dir='ltr'>dictionem</span> 
     </span>
     <span class='ocr_line' id='line_1_34' title="bbox 132 2490 1822 2549; baseline -0.004 -10"><span class='ocrx_word' id='word_1_268' title='bbox 132 2493 175 2538; x_wconf 89' lang='lat' dir='ltr'>V</span> <span class='ocrx_word' id='word_1_269' title='bbox 207 2495 475 2539; x_wconf 73' lang='lat' dir='ltr'>locutionem</span> <span class='ocrx_word' id='word_1_270' title='bbox 505 2494 578 2539; x_wconf 85' lang='lat' dir='ltr'>ed.</span> <span class='ocrx_word' id='word_1_271' title='bbox 694 2498 722 2538; x_wconf 91' lang='grc'>8</span> <span class='ocrx_word' id='word_1_272' title='bbox 753 2506 1018 2549; x_wconf 78' lang='lat' dir='ltr'>conpraeme</span> <span class='ocrx_word' id='word_1_273' title='bbox 1047 2491 1102 2536; x_wconf 90' lang='lat' dir='ltr'><strong>V.</strong></span> <span class='ocrx_word' id='word_1_274' title='bbox 1213 2495 1267 2535; x_wconf 93' lang='grc'>10</span> <span class='ocrx_word' id='word_1_275' title='bbox 1299 2492 1503 2548; x_wconf 80' lang='lat' dir='ltr'>exempla</span> <span class='ocrx_word' id='word_1_276' title='bbox 1519 2516 1574 2523; x_wconf 93' lang='lat'>—</span> <span class='ocrx_word' id='word_1_277' title='bbox 1595 2494 1646 2534; x_wconf 90' lang='lat'>11</span> <span class='ocrx_word' id='word_1_278' title='bbox 1680 2490 1822 2544; x_wconf 72' lang='lat' dir='ltr'>inferi</span> 
     </span>
    </p>

    <p class='ocr_par' dir='ltr' id='par_1_14' title="bbox 131 2547 1821 2668">
     <span class='ocr_line' id='line_1_35' title="bbox 131 2547 1820 2606; baseline -0.003 -9"><span class='ocrx_word' id='word_1_279' title='bbox 131 2552 175 2597; x_wconf 89' lang='lat' dir='ltr'><strong>V</strong></span> <span class='ocrx_word' id='word_1_280' title='bbox 198 2555 372 2598; x_wconf 83' lang='lat' dir='ltr'>temere</span> <span class='ocrx_word' id='word_1_281' title='bbox 395 2555 511 2597; x_wconf 87' lang='lat' dir='ltr'>mut.</span> <span class='ocrx_word' id='word_1_282' title='bbox 530 2553 601 2598; x_wconf 88' lang='lat' dir='ltr'>ed.</span> <span class='ocrx_word' id='word_1_283' title='bbox 689 2557 743 2597; x_wconf 79' lang='lat'>12</span> <span class='ocrx_word' id='word_1_284' title='bbox 768 2550 992 2597; x_wconf 63' lang='lat' dir='ltr'>tacita-§V</span> <span class='ocrx_word' id='word_1_285' title='bbox 1009 2564 1122 2595; x_wconf 86' lang='lat' dir='ltr'>corr.</span> <span class='ocrx_word' id='word_1_286' title='bbox 1141 2551 1212 2595; x_wconf 87' lang='lat' dir='ltr'>ed.</span> <span class='ocrx_word' id='word_1_287' title='bbox 1300 2554 1474 2594; x_wconf 79' lang='lat'>13—14</span> <span class='ocrx_word' id='word_1_288' title='bbox 1497 2548 1564 2606; x_wconf 70' lang='lat' dir='ltr'>qd</span> <span class='ocrx_word' id='word_1_289' title='bbox 1587 2550 1659 2605; x_wconf 90' lang='lat'>(=</span> <span class='ocrx_word' id='word_1_290' title='bbox 1678 2547 1820 2604; x_wconf 88' lang='lat' dir='ltr'>quod)</span> 
     </span>
     <span class='ocr_line' id='line_1_36' title="bbox 132 2607 1821 2668; baseline -0.004 -11"><span class='ocrx_word' id='word_1_291' title='bbox 132 2613 351 2657; x_wconf 77' lang='lat' dir='ltr'>helimeon</span> <span class='ocrx_word' id='word_1_292' title='bbox 380 2613 568 2657; x_wconf 85' lang='lat' dir='ltr'>timebat</span> <span class='ocrx_word' id='word_1_293' title='bbox 595 2611 638 2656; x_wconf 89' lang='lat' dir='ltr'><strong>V</strong></span> <span class='ocrx_word' id='word_1_294' title='bbox 669 2611 848 2668; x_wconf 79' lang='lat' dir='ltr'>quidem</span> <span class='ocrx_word' id='word_1_295' title='bbox 879 2611 1009 2655; x_wconf 77' lang='lat' dir='ltr'>illum</span> <span class='ocrx_word' id='word_1_296' title='bbox 1043 2610 1224 2655; x_wconf 76' lang='lat' dir='ltr'>Charon</span> <span class='ocrx_word' id='word_1_297' title='bbox 1254 2614 1284 2653; x_wconf 86' lang='lat' dir='ltr'>t.</span> <span class='ocrx_word' id='word_1_298' title='bbox 1313 2623 1397 2653; x_wconf 81' lang='lat' dir='ltr'>nos</span> <span class='ocrx_word' id='word_1_299' title='bbox 1428 2610 1606 2666; x_wconf 79' lang='lat' dir='ltr'>quidem</span> <span class='ocrx_word' id='word_1_300' title='bbox 1638 2607 1821 2652; x_wconf 78' lang='lat' dir='ltr'>Charon</span> 
     </span>
    </p>

    <p class='ocr_par' dir='ltr' id='par_1_15' title="bbox 133 2665 1817 2769">
     <span class='ocr_line' id='line_1_37' title="bbox 133 2665 1817 2769; baseline -0.004 -53"><span class='ocrx_word' id='word_1_301' title='bbox 133 2677 162 2716; x_wconf 85' lang='lat' dir='ltr'>t.</span> <span class='ocrx_word' id='word_1_302' title='bbox 197 2671 268 2716; x_wconf 88' lang='lat' dir='ltr'>ed.</span> <span class='ocrx_word' id='word_1_303' title='bbox 387 2677 442 2716; x_wconf 84' lang='lat'>14</span> <span class='ocrx_word' id='word_1_304' title='bbox 471 2672 626 2716; x_wconf 79' lang='lat' dir='ltr'>maius</span> <span class='ocrx_word' id='word_1_305' title='bbox 655 2670 698 2715; x_wconf 91' lang='lat' dir='ltr'><strong>V</strong></span> <span class='ocrx_word' id='word_1_306' title='bbox 727 2670 874 2727; x_wconf 76' lang='lat' dir='ltr'>mayis</span> <span class='ocrx_word' id='word_1_307' title='bbox 905 2669 976 2713; x_wconf 88' lang='lat' dir='ltr'>ed.</span> <span class='ocrx_word' id='word_1_308' title='bbox 1087 2673 1141 2713; x_wconf 84' lang='lat'>15</span> <span class='ocrx_word' id='word_1_309' title='bbox 1173 2683 1275 2714; x_wconf 77' lang='lat' dir='ltr'>cum</span> <span class='ocrx_word' id='word_1_310' title='bbox 1304 2668 1347 2712; x_wconf 89' lang='lat' dir='ltr'><strong>V</strong></span> <span class='ocrx_word' id='word_1_311' title='bbox 1377 2682 1459 2713; x_wconf 80' lang='lat' dir='ltr'>cur</span> <span class='ocrx_word' id='word_1_312' title='bbox 1489 2680 1572 2723; x_wconf 75' lang='lat' dir='ltr'>nos</span> <span class='ocrx_word' id='word_1_313' title='bbox 1600 2666 1716 2769; x_wconf 58' lang='lat' dir='ltr'>fuid</span> <span class='ocrx_word' id='word_1_314' title='bbox 1745 2665 1817 2710; x_wconf 82' lang='lat' dir='ltr'>ed.</span> 
     </span>
    </p>

    <p class='ocr_par' dir='ltr' id='par_1_16' title="bbox 225 2725 1819 2787">
     <span class='ocr_line' id='line_1_38' title="bbox 225 2725 1819 2787; baseline -0.004 -13"><span class='ocrx_word' id='word_1_315' title='bbox 225 2735 277 2774; x_wconf 75' lang='lat'>17</span> <span class='ocrx_word' id='word_1_316' title='bbox 318 2731 454 2776; x_wconf 79' lang='lat' dir='ltr'>istinc</span> <span class='ocrx_word' id='word_1_317' title='bbox 490 2731 719 2787; x_wconf 73' lang='lat' dir='ltr'>comprime</span> <span class='ocrx_word' id='word_1_318' title='bbox 749 2728 791 2773; x_wconf 93' lang='lat' dir='ltr'><strong>V</strong></span> <span class='ocrx_word' id='word_1_319' title='bbox 830 2741 944 2772; x_wconf 86' lang='lat' dir='ltr'>corr.</span> <span class='ocrx_word' id='word_1_320' title='bbox 970 2728 1042 2773; x_wconf 86' lang='lat' dir='ltr'>ed.</span> <span class='ocrx_word' id='word_1_321' title='bbox 1092 2728 1099 2786; x_wconf 92' lang='grc' dir='ltr'>Ι</span> <span class='ocrx_word' id='word_1_322' title='bbox 1155 2741 1352 2786; x_wconf 75' lang='lat' dir='ltr'>yressus,</span> <span class='ocrx_word' id='word_1_323' title='bbox 1392 2726 1473 2771; x_wconf 81' lang='lat' dir='ltr'>sed</span> <span class='ocrx_word' id='word_1_324' title='bbox 1512 2725 1561 2769; x_wconf 86' lang='lat' dir='ltr'>in</span> <span class='ocrx_word' id='word_1_325' title='bbox 1618 2726 1819 2770; x_wconf 75' lang='lat' dir='ltr'>ommate</span> 
     </span>
    </p>

    <p class='ocr_par' dir='ltr' id='par_1_17' title="bbox 20 2784 1819 2905">
     <span class='ocr_line' id='line_1_39' title="bbox 20 2784 1819 2848; baseline -0.003 -14"><span class='ocrx_word' id='word_1_326' title='bbox 20 2806 21 2809; x_wconf 45' lang='lat'>¹</span> <span class='ocrx_word' id='word_1_327' title='bbox 103 2790 107 2793; x_wconf 81' lang='grc'>’</span> <span class='ocrx_word' id='word_1_328' title='bbox 131 2803 334 2847; x_wconf 65' lang='lat' dir='ltr'>gressum</span> <span class='ocrx_word' id='word_1_329' title='bbox 363 2789 407 2834; x_wconf 90' lang='lat' dir='ltr'><strong>V</strong></span> <span class='ocrx_word' id='word_1_330' title='bbox 435 2803 615 2848; x_wconf 64' lang='lat' dir='ltr'>gressus</span> <span class='ocrx_word' id='word_1_331' title='bbox 645 2801 703 2832; x_wconf 86' lang='lat' dir='ltr'>ex</span> <span class='ocrx_word' id='word_1_332' title='bbox 732 2787 1037 2844; x_wconf 77' lang='lat' dir='ltr'>sequentibus</span> <span class='ocrx_word' id='word_1_333' title='bbox 1067 2785 1268 2843; x_wconf 82' lang='lat' dir='ltr'>irrepsit.</span> <span class='ocrx_word' id='word_1_334' title='bbox 1382 2790 1437 2830; x_wconf 88' lang='lat'>18</span> <span class='ocrx_word' id='word_1_335' title='bbox 1469 2787 1608 2830; x_wconf 74' lang='lat' dir='ltr'>donec</span> <span class='ocrx_word' id='word_1_336' title='bbox 1636 2784 1678 2828; x_wconf 98' lang='lat' dir='ltr'><strong>V</strong></span> <span class='ocrx_word' id='word_1_337' title='bbox 1709 2784 1819 2828; x_wconf 77' lang='lat' dir='ltr'>dum</span> 
     </span>
     <span class='ocr_line' id='line_1_40' title="bbox 133 2841 1815 2905; baseline -0.004 -13"><span class='ocrx_word' id='word_1_338' title='bbox 133 2848 206 2893; x_wconf 86' lang='lat' dir='ltr'>ed.</span> <span class='ocrx_word' id='word_1_339' title='bbox 234 2854 241 2905; x_wconf 77' lang='grc' dir='ltr'>Ι</span> <span class='ocrx_word' id='word_1_340' title='bbox 267 2849 420 2894; x_wconf 83' lang='lat' dir='ltr'>edicas</span> <span class='ocrx_word' id='word_1_341' title='bbox 448 2848 492 2893; x_wconf 90' lang='lat' dir='ltr'><strong>V</strong></span> <span class='ocrx_word' id='word_1_342' title='bbox 522 2849 652 2893; x_wconf 81' lang='lat' dir='ltr'>dieas</span> <span class='ocrx_word' id='word_1_343' title='bbox 681 2847 753 2892; x_wconf 84' lang='lat' dir='ltr'>ed.</span> <span class='ocrx_word' id='word_1_344' title='bbox 855 2850 1028 2890; x_wconf 85' lang='lat'>18-19</span> <span class='ocrx_word' id='word_1_345' title='bbox 1062 2845 1266 2901; x_wconf 77' lang='lat' dir='ltr'>deficeres</span> <span class='ocrx_word' id='word_1_346' title='bbox 1296 2859 1373 2890; x_wconf 75' lang='lat' dir='ltr'>sus</span> <span class='ocrx_word' id='word_1_347' title='bbox 1404 2849 1503 2890; x_wconf 70' lang='lat' dir='ltr'>tuos</span> <span class='ocrx_word' id='word_1_348' title='bbox 1532 2842 1574 2887; x_wconf 91' lang='lat' dir='ltr'><strong>V</strong></span> <span class='ocrx_word' id='word_1_349' title='bbox 1606 2857 1718 2887; x_wconf 85' lang='lat' dir='ltr'>corr.</span> <span class='ocrx_word' id='word_1_350' title='bbox 1745 2841 1815 2886; x_wconf 82' lang='lat' dir='ltr'>ed.</span> 
     </span>
    </p>

    <p class='ocr_par' dir='ltr' id='par_1_18' title="bbox 19 2902 1817 3024">
     <span class='ocr_line' id='line_1_41' title="bbox 19 2902 1817 2965; baseline -0.004 -13"><span class='ocrx_word' id='word_1_351' title='bbox 19 2907 21 2910; x_wconf 52' lang='lat'><strong>⁴</strong></span> <span class='ocrx_word' id='word_1_352' title='bbox 222 2911 278 2951; x_wconf 80' lang='lat'>21</span> <span class='ocrx_word' id='word_1_353' title='bbox 309 2913 498 2965; x_wconf 76' lang='lat' dir='ltr'>superat</span> <span class='ocrx_word' id='word_1_354' title='bbox 527 2907 571 2951; x_wconf 92' lang='lat' dir='ltr'><strong>V</strong></span> <span class='ocrx_word' id='word_1_355' title='bbox 598 2906 777 2951; x_wconf 78' lang='lat' dir='ltr'>habitat</span> <span class='ocrx_word' id='word_1_356' title='bbox 807 2905 876 2950; x_wconf 86' lang='lat' dir='ltr'>ed.</span> <span class='ocrx_word' id='word_1_357' title='bbox 1024 2908 1079 2948; x_wconf 76' lang='lat'>23</span> <span class='ocrx_word' id='word_1_358' title='bbox 1111 2909 1235 2950; x_wconf 83' lang='lat' dir='ltr'>vecta</span> <span class='ocrx_word' id='word_1_359' title='bbox 1265 2903 1320 2948; x_wconf 94' lang='lat' dir='ltr'><strong>V.</strong></span> <span class='ocrx_word' id='word_1_360' title='bbox 1461 2908 1516 2947; x_wconf 81' lang='lat'>25</span> <span class='ocrx_word' id='word_1_361' title='bbox 1541 2902 1817 2959; x_wconf 66' lang='lat' dir='ltr'>perithoim·</span> 
     </span>
     <span class='ocr_line' id='line_1_42' title="bbox 133 2959 1816 3024; baseline -0.005 -12"><span class='ocrx_word' id='word_1_362' title='bbox 133 2979 217 3023; x_wconf 76' lang='lat' dir='ltr'>que</span> <span class='ocrx_word' id='word_1_363' title='bbox 246 2966 301 3012; x_wconf 93' lang='lat' dir='ltr'><strong>V.</strong></span> <span class='ocrx_word' id='word_1_364' title='bbox 332 2968 338 3024; x_wconf 87' lang='grc' dir='ltr'>Ι</span> <span class='ocrx_word' id='word_1_365' title='bbox 372 2967 493 3012; x_wconf 78' lang='lat' dir='ltr'>divis</span> <span class='ocrx_word' id='word_1_366' title='bbox 522 2966 565 3011; x_wconf 94' lang='lat' dir='ltr'><strong>V</strong></span> <span class='ocrx_word' id='word_1_367' title='bbox 596 2966 688 3010; x_wconf 82' lang='lat' dir='ltr'>diis</span> <span class='ocrx_word' id='word_1_368' title='bbox 718 2966 789 3023; x_wconf 83' lang='lat' dir='ltr'>(ut</span> <span class='ocrx_word' id='word_1_369' title='bbox 821 2964 940 3008; x_wconf 83' lang='lat' dir='ltr'>solet</span> <span class='ocrx_word' id='word_1_370' title='bbox 970 2963 1106 3021; x_wconf 89' lang='lat' dir='ltr'>Don.)</span> <span class='ocrx_word' id='word_1_371' title='bbox 1138 2963 1208 3008; x_wconf 87' lang='lat' dir='ltr'>ed.</span> <span class='ocrx_word' id='word_1_372' title='bbox 1310 2966 1365 3007; x_wconf 76' lang='lat'>27</span> <span class='ocrx_word' id='word_1_373' title='bbox 1398 2962 1715 3008; x_wconf 66' lang='lat' dir='ltr'>commiserunt</span> <span class='ocrx_word' id='word_1_374' title='bbox 1745 2959 1816 3004; x_wconf 88' lang='lat' dir='ltr'>ed.</span> 
     </span>
    </p>
   </div>
  </div>
 </body>
</html>
