2014 3226
765 176 1067 220 AENEIDos
1101 177 1119 218 1
1719 178 1789 230 65

94 320 319 366 mimicos
359 333 472 366 suos
515 316 764 380 Carthago
805 317 1072 378 susciperet
1114 323 1284 365 contra
1325 317 1526 364 Iunonis
1571 317 1790 365 studium

96 408 244 454 quam
277 391 482 440 colebat.
546 393 598 438 in
631 391 857 439 omnibus
889 393 1044 454 igitur
1077 393 1328 439 celeritate
1362 407 1479 452 opes
1512 392 1626 450 fuit,
1662 409 1788 454 quae

94 483 192 514 non
241 470 314 514 est
360 466 730 527 praetermissa,
795 481 912 512 nam
959 465 1164 512 eandem
1212 465 1352 513 brevi
1398 481 1620 513 sermone
1678 482 1790 514 con-

93 541 265 602 plexus
314 543 387 588 est
443 539 649 587 dicendo
696 542 752 586 ut
799 542 960 586 terrae
1007 543 1159 600 utque
1210 555 1365 587 novae
1421 541 1626 600 pateant
1676 539 1791 588 Car-

50 631 70 663 5
94 614 311 677 thaginis
361 630 494 662 arces
542 614 760 675 hospitio
802 613 1015 661 Teucris.
1092 618 1251 661 terras
1292 614 1430 673 dixit,
1471 630 1530 661 ne
1571 615 1698 662 forte
1738 616 1791 661 in

93 688 378 752 regionibus
433 687 748 750 Carthaginis
803 691 891 735 aut
944 689 997 734 in
1051 687 1281 736 litoribus
1338 690 1538 750 agentes
1587 688 1791 735 Troiani

94 765 402 810 vexarentur.
462 777 616 810 novas
657 777 793 811 arces
834 763 987 809 etiam
1018 763 1089 808 sic
1122 763 1408 823 accipimus,
1440 777 1499 808 ne
1534 762 1597 808 ad
1629 762 1791 823 ipsam

95 835 451 899 Carthaginem
495 835 738 898 incogniti
784 837 1038 883 venientes
1088 835 1297 884 adversa
1343 839 1654 897 paterentur,
1706 837 1792 884 sed

96 911 254 974 magis
293 910 633 971 reciperentur
669 910 902 971 hospitio.
980 909 1281 957 Mercurium
1322 911 1515 957 interea
1563 910 1791 958 celeriter

29 1001 71 1035 10
95 984 321 1032 definivit
360 984 650 1032 obsecutum
687 983 857 1032 iussis:
897 985 1040 1039 volat,
1081 984 1259 1046 inquit,
1292 999 1386 1043 per
1425 999 1557 1031 aera.
1626 988 1775 1046 atque
1794 991 1880 1031 300

94 1063 149 1106 ut
189 1062 318 1106 esset
356 1058 476 1107 fides
515 1059 710 1107 volasse
745 1073 836 1120 per
866 1074 984 1105 aera
1015 1058 1329 1121 Mercurium,
1362 1058 1556 1106 addidit
1593 1060 1791 1119 remigio

94 1134 305 1181 alarum.
384 1133 530 1180 aliter
575 1135 707 1180 enim
754 1148 778 1179 e
828 1132 951 1180 caeli
997 1132 1224 1194 partibus
1279 1133 1460 1180 missus
1517 1133 1580 1180 ad
1632 1136 1791 1181 terras

27 1214 40 1222 ⁶
93 1207 260 1256 venire
307 1222 406 1254 non
452 1210 641 1268 posset,
689 1206 788 1254 nisi
832 1207 1042 1269 remigio
1092 1207 1286 1254 alarum
1338 1207 1515 1255 fuisset
1571 1206 1791 1268 adiutus3

93 1298 193 1330 non
225 1283 357 1328 enim
388 1297 477 1342 per
505 1283 653 1329 inane
686 1281 814 1328 aeris
853 1280 1062 1342 pedibus
1101 1283 1172 1328 ire
1211 1281 1391 1343 potuit.
1453 1282 1643 1329 fructus
1684 1298 1791 1329 exe-

28 1355 70 1410 15
95 1357 306 1403 cutionis
346 1356 566 1416 inpletae
604 1357 660 1402 ut
699 1354 1012 1403 manifestius
1053 1358 1338 1417 appareret,
1382 1355 1565 1403 adiecit
1604 1359 1647 1403 et
1691 1357 1789 1403 iam

95 1431 231 1477 iussa
269 1430 390 1489 facit
419 1433 704 1489 ponuntque
740 1429 924 1488 ferocia
954 1430 1105 1476 Poeni
1137 1431 1298 1477 eorda.
1358 1433 1564 1491 propter
1593 1430 1791 1477 Aeneae

95 1503 407 1552 commodum
467 1506 669 1565 repente
733 1520 790 1550 ex
851 1504 1037 1552 ferocia
1098 1505 1151 1551 in
1212 1504 1474 1552 lenitatem
1534 1504 1793 1552 hominum

95 1581 275 1626 natura
321 1580 557 1626 mutatur.
636 1577 830 1625 addidit
875 1579 1060 1626 volente
1106 1578 1215 1630 deo,
1271 1579 1364 1626 hoc
1419 1580 1496 1626 est
1540 1578 1659 1626 Iove
1714 1579 1792 1626 vel

98 1652 360 1711 Mercurio,
422 1651 500 1698 illi
547 1653 679 1699 enim
725 1652 1007 1700 naturalem
1053 1652 1291 1700 ferociam
1344 1654 1547 1714 repente
1599 1651 1792 1700 abicere

27 1716 72 1787 ῥυ
95 1742 194 1774 11011
225 1730 442 1788 possent,
466 1727 566 1774 nisi
596 1728 946 1774 intervenisset
977 1727 1204 1774 caelestis
1238 1728 1528 1774 auctoritas.
1579 1726 1792 1775 secundo

96 1801 205 1849 1000
255 1802 413 1862 ipsius
463 1802 666 1863 reginae
716 1802 885 1862 posuit
934 1802 1116 1862 partis,
1173 1801 1257 1848 sed
1311 1801 1403 1849 hoc
1457 1817 1518 1848 ne
1571 1801 1792 1849 notabile

41 1900 45 1902 ἡ
97 1875 257 1936 fieret,
311 1878 370 1922 ut
425 1874 638 1923 secundo
691 1875 800 1922 1000
854 1875 1029 1938 regina
1082 1875 1388 1936 placaretur,
1443 1876 1515 1922 ait
1567 1876 1795 1935 inprimis

33 1939 43 1979 ἕ
97 1950 280 2009 reyina.
363 1951 476 2011 ipsa
539 1950 723 2010 quippe
783 1950 947 2010 primo
1008 1949 1174 1997 fuerat
1233 1949 1464 1997 lenienda
1525 1965 1652 2011 quae
1714 1950 1794 1997 vel

34 2015 35 2018 ¹
98 2023 267 2071 iubere
314 2023 508 2084 aliquid
552 2024 606 2070 in
651 2024 956 2070 contrarium
993 2026 1160 2084 posset
1198 2023 1279 2071 vel
1317 2025 1651 2087 emergentem
1689 2025 1793 2072 vio-

97 2097 305 2145 lentiam
342 2113 433 2159 pro
472 2099 720 2158 potestate
761 2112 1064 2159 conpescere.
1127 2099 1304 2158 accipit
1341 2113 1457 2162 ergo
1497 2099 1551 2145 in
1584 2098 1795 2147 Teucros

97 2172 208 2233 ipsa
237 2172 468 2233 inprimis
501 2172 712 2230 quietum
744 2173 964 2219 animum
994 2175 1288 2232 mentemque
1320 2173 1592 2232 beniqnam.
1643 2171 1793 2220 libra-

97 2246 172 2294 vit
209 2261 393 2309 magna
430 2244 769 2293 moderatione
799 2245 1052 2309 Vergilius
1093 2245 1510 2307 quemadmodum
1547 2246 1675 2294 hanc
1706 2261 1794 2308 po-

97 2321 239 2367 neret
283 2321 491 2381 partem.
575 2321 792 2380 ponunt,
845 2320 1034 2382 inquit,
1094 2320 1280 2368 ferocia
1334 2320 1485 2368 corda
1534 2319 1692 2368 Poeni
1746 2323 1796 2367 et

101 2394 354 2455 accipiunt
377 2394 603 2455 quietum
627 2394 850 2441 animum
871 2394 925 2440 in
949 2394 1164 2442 Teucros
1191 2396 1241 2442 et
1263 2393 1532 2458 benignam
1563 2396 1793 2442 mentem.

98 2483 198 2515 non
237 2466 363 2515 dixit
408 2470 676 2529 coeperunt
714 2483 882 2515 amare
922 2467 1176 2529 Troianos,
1209 2468 1343 2530 quod
1371 2468 1481 2515 fieri
1511 2468 1663 2517 semel
1693 2483 1794 2516 non

98 2543 319 2603 poterat,
365 2542 424 2588 ut
469 2541 642 2590 eodem
685 2543 925 2603 temporis
971 2543 1157 2603 puncto
1205 2545 1255 2589 et
1292 2543 1606 2590 ferocitatem
1642 2557 1794 2604 pone-

221 2701 247 2740 6
280 2696 605 2754 agentisLRa
621 2697 831 2754 yentibus
846 2697 918 2740 ed.
999 2701 1053 2740 10
1078 2697 1425 2754 inquitLRille
1442 2697 1514 2742 ed.
1543 2698 1549 2754 Ι
1577 2710 1793 2754 maynum

102 2755 210 2799 add.
235 2755 306 2800 ed.
418 2760 470 2799 11
506 2757 791 2801 Mercurium
815 2755 902 2798 LR
932 2770 1148 2814 maqnum
1180 2756 1251 2800 ed.
1357 2760 1411 2800 12
1444 2770 1467 2800 e
1497 2769 1724 2811 superscr.
1756 2755 1792 2798 L

101 2826 191 2858 om.
223 2813 266 2856 R
296 2813 367 2858 ed.
404 2814 511 2859 add.
542 2813 601 2860 1·’.
750 2819 803 2858 13
835 2816 998 2870 fuisset
1027 2828 1116 2859 om.
1149 2815 1220 2859 ed.
1369 2819 1422 2859 17
1455 2820 1676 2872 repetente
1707 2814 1795 2858 LR.

94 2886 216 2917 ¹corr.
250 2873 322 2917 ed.
506 2877 560 2917 18
598 2879 772 2919 natura
809 2879 1014 2919 mutatur
1051 2874 1138 2917 LR
1175 2875 1316 2920 corda
1353 2878 1594 2918 mutantur
1630 2874 1701 2917 ed.

94 2937 159 2976 25
198 2945 454 2988 conpescere
499 2933 666 2989 accipit
706 2933 793 2976 LR
837 2932 1009 2977 lemma
1055 2933 1275 2990 interpos.
1320 2933 1416 2989 ed.,
1463 2933 1590 2988 quod
1635 2932 1793 2990 potius

102 2991 405 3047 sequentibus
437 2991 717 3037 continetur.
839 2996 895 3036 30
925 2993 1057 3037 semel
1087 2992 1174 3036 LR
1202 2993 1340 3038 simul
1370 2993 1460 3042 ed.⁴

192 3073 289 3106 Don.
314 3073 471 3113 interpr.
495 3074 610 3127 Verg.
645 3075 720 3107 vol.
737 3075 768 3107 Ι.
1410 3071 1437 3109 5
