2014 3226
775 154 1080 199 AENEIDos
1113 156 1175 198 111
1723 159 1827 211 267

136 299 184 343 et
223 311 381 343 mores
423 295 528 342 eius
570 296 618 341 et
657 294 858 341 vivendi
898 295 1117 342 studium
1156 300 1377 344 noverat.
1448 297 1533 345 sed
1574 298 1832 359 quaeritur

136 385 222 416 cur
268 368 446 415 dixerit
492 370 638 429 parce
686 368 793 429 pias
843 370 1081 417 scelerare
1128 386 1326 431 manus,
1381 387 1492 419 cum
1546 372 1649 419 iam
1700 373 1831 433 quod

135 442 426 504 prohibebat
465 442 571 490 fieri
610 442 799 489 factum
831 457 936 489 esse
970 445 1231 491 constaret.
1295 447 1409 506 post
1442 445 1831 494 admonitionem

135 520 183 564 et
216 517 549 579 cognitionem
581 517 653 563 ait
684 530 830 577 parce
865 517 1123 576 scelerare3
1157 520 1326 579 priora
1358 521 1490 566 enim
1522 520 1670 580 facta,
1704 536 1829 580 quae

44 590 49 632 ί
89 607 108 639 5
133 591 302 638 Aenea
326 590 433 652 ipso
458 591 705 638 nesciente
729 594 1086 651 processerant,
1112 595 1381 653 potuerunt
1405 593 1584 640 habere
1609 594 1829 654 veniam3

43 682 46 716 ξ
132 665 253 712 haec
293 666 424 712 enim
463 665 648 712 fecerat
688 665 774 725 qui
805 665 1049 711 nescierat
1082 680 1294 713 causam.
1350 667 1520 715 haeret
1553 669 1723 715 autem
1754 669 1828 714 in-

39 725 45 767 )
134 738 393 800 expiabilis
432 741 567 799 nota,
607 739 651 786 si
690 738 842 785 fuerit
881 739 1140 786 voluntate
1179 744 1450 800 peccatum.
1531 757 1645 804 ergo
1694 743 1827 789 recte

30 780 38 846 l
133 813 259 860 dixit
304 827 450 874 parce
497 812 759 872 scelerare,
807 814 1078 873 antequam
1122 813 1254 861 facto
1296 818 1343 861 et
1382 818 1546 862 mente
1586 819 1826 876 peccaret.

132 902 278 948 parce
325 886 435 948 pias
484 886 723 934 scelerare
770 902 968 934 manus:
1034 886 1164 947 quod
1204 888 1461 949 prohibeo,
1501 889 1679 951 inquit,
1722 889 1828 937 fieri

65 977 108 1008 ιο
134 964 182 1008 et
220 961 346 1007 mihi
383 960 606 1022 proderit
646 962 695 1007 et
733 960 841 1007 tibi.
912 961 1005 1007 hoc
1038 977 1191 1024 genus
1223 964 1558 1023 persuasionis
1591 978 1829 1026 magnum

132 1038 226 1096 est,
281 1037 338 1082 ut
393 1034 524 1096 quod
577 1036 916 1096 unusquisque
970 1035 1159 1096 petitur
1206 1036 1332 1083 sciat
1378 1038 1529 1084 etiam
1575 1037 1670 1085 sibi
1716 1053 1827 1098 pro-

130 1109 366 1156 futurum.
442 1110 492 1156 et
530 1108 669 1166 mihi,
710 1107 796 1168 ait,
835 1124 1007 1170 parces
1050 1111 1098 1156 et
1136 1109 1230 1157 tibi
1270 1111 1363 1157 erit
1402 1110 1728 1171 commodum,
1767 1127 1827 1159 ne

130 1198 306 1230 manus
345 1185 457 1231 tuas
496 1184 606 1244 pias
649 1184 698 1229 et
735 1182 998 1245 religiosas
1037 1183 1256 1231 funestes
1297 1186 1346 1231 et
1384 1185 1676 1246 inexpiabili
1715 1185 1826 1232 labe

25 1315 35 1321 ss
130 1257 479 1317 commacules,
533 1258 788 1318 praesenti
841 1257 922 1304 vel
976 1259 1191 1305 maxime
1244 1260 1467 1321 tempore
1531 1275 1627 1320 quo
1687 1275 1828 1307 sacra

63 1346 105 1379 15
130 1330 415 1378 numinibus
470 1330 650 1378 reddis.
744 1346 843 1378 non
897 1347 976 1378 me
1030 1331 1125 1378 tibi
1181 1332 1330 1379 Troia
1386 1335 1640 1380 externum
1693 1333 1826 1382 tulit.

129 1420 318 1466 peccas,
358 1404 536 1466 inquit,
574 1406 628 1452 in
667 1405 933 1466 hominem,
973 1420 1146 1467 peccas
1185 1406 1239 1453 in
1277 1406 1527 1468 miserum,
1560 1422 1734 1468 peccas
1773 1409 1827 1454 in

42 519 49 588 ἲ

43 633 47 678 l

31 1524 36 1538 ,
129 1479 437 1539 defunctum,
491 1494 665 1541 peccas
719 1480 773 1526 in
829 1479 1009 1540 civem,
1063 1495 1239 1541 peccas
1285 1482 1339 1527 in
1384 1483 1550 1542 tuum,
1616 1479 1824 1528 Creusae

32 1540 41 1598 l
129 1553 261 1600 enim
306 1553 471 1600 fuerat
518 1553 675 1600 frater
712 1553 991 1614 Polydorus
1039 1554 1342 1616 perindeque
1389 1554 1585 1602 Aeneae
1634 1555 1823 1602 adfinis.

33 1684 38 1688 ὴ
126 1627 330 1688 pulchre
377 1629 546 1674 tamen
593 1627 720 1675 dixit
764 1643 866 1676 non
912 1643 990 1674 me
1039 1628 1136 1675 tibi
1183 1627 1332 1676 Troia
1383 1630 1638 1676 externum
1691 1629 1824 1690 tulit,

26 1715 41 1765 j
60 1717 103 1749 80
125 1701 218 1750 hoc
257 1703 332 1750 est
369 1717 470 1748 non
507 1702 581 1748 ita
619 1718 699 1749 me
737 1701 832 1749 tibi
872 1702 1032 1749 civem
1070 1703 1242 1766 genuit
1282 1702 1454 1762 Troia,
1499 1705 1556 1750 ut
1604 1705 1823 1750 tantum-

126 1775 271 1824 modo
322 1775 444 1824 civis
491 1777 608 1823 tuus
655 1791 834 1837 essem,
881 1791 1052 1824 verum
1101 1777 1254 1824 etiam
1291 1779 1348 1824 ut
1386 1777 1616 1839 iungerer
1655 1777 1825 1840 generi

125 1851 227 1897 tuo.
307 1851 395 1897 aut
433 1865 578 1898 cruor
615 1849 697 1898 hic
736 1849 796 1897 de
837 1851 1009 1912 stipite
1048 1852 1244 1898 manat:
1301 1867 1363 1897 an
1403 1853 1550 1912 putas
1590 1849 1698 1898 fieri
1737 1866 1823 1912 po·

125 1923 280 1972 tuisse
319 1925 378 1970 ut
417 1940 474 1970 ex
513 1924 651 1988 ligno
691 1924 894 1988 sanguis
935 1922 1150 1972 exisset?
1217 1939 1324 1972 ecce
1363 1925 1550 1972 tractat
1583 1926 1633 1972 et
1662 1926 1822 1986 partis

126 1998 245 2059 loci3
299 1998 401 2045 iam
449 1999 602 2058 enim,
649 2001 706 2046 ut
753 1997 942 2046 dictum
989 2000 1084 2059 est,
1130 2014 1455 2060 personarum
1497 1999 1736 2046 tractavit
1775 2001 1824 2046 et

59 2087 101 2120 85
125 2071 377 2133 temporis.
446 2073 540 2120 heu
577 2073 706 2132 fuge,
737 2072 916 2134 inquit,
948 2073 1158 2120 crudelis
1197 2076 1368 2128 terra-5,
1398 2074 1512 2132 fuya
1550 2073 1666 2120 litus
1705 2088 1822 2120 ava-

125 2161 260 2194 rum:
297 2146 556 2194 hominum
596 2146 744 2208 culpa
785 2148 835 2194 et
872 2162 1067 2194 morum
1107 2146 1405 2195 adscribitur
1444 2146 1588 2194 terris
1628 2148 1682 2194 in
1714 2147 1822 2209 qui-

126 2219 215 2269 bus
267 2221 378 2267 nati
429 2223 566 2280 sunt,
621 2221 764 2282 quasi
811 2220 1009 2268 demum
1054 2236 1155 2268 non
1200 2221 1459 2268 hominum
1505 2236 1682 2283 genus,
1737 2220 1823 2268 sed

75 2327 77 2329 -
126 2309 295 2342 eorum
334 2309 512 2356 parens
533 2296 687 2342 ‘terra
725 2296 991 2356 peccasset.
1052 2295 1146 2343 hoc
1185 2295 1339 2342 satiat
1377 2297 1428 2342 et
1465 2295 1558 2342 hoc
1598 2294 1709 2343 vult
1745 2295 1821 2342 in·

125 2367 319 2431 tellegi,
372 2383 434 2415 ne
481 2385 636 2416 unum
682 2368 884 2430 quidem
928 2368 1036 2416 illic
1082 2383 1185 2416 esse
1241 2370 1328 2430 qui
1373 2370 1512 2417 vivat
1565 2368 1822 2417 hominum

32 2457 102 2491 ’30
125 2457 260 2490 more
301 2457 359 2490 ac
396 2458 486 2504 per
523 2442 616 2490 hoc
654 2443 836 2490 vitium
875 2441 1118 2491 eiusmodi
1155 2457 1257 2490 non
1294 2442 1549 2490 hominum
1583 2457 1705 2503 esse,
1737 2441 1822 2490 sed

30 2544 40 2581 ξ
125 2515 241 2575 loci3
301 2516 356 2563 in
408 2515 692 2564 hominibus
749 2517 932 2578 quippe
988 2517 1063 2564 est
1114 2517 1288 2578 procul
1338 2516 1488 2564 dubio
1543 2515 1820 2576 diversitas,

30 2588 39 2648 ξ
125 2605 282 2652 neque
323 2591 456 2638 enim
495 2605 663 2638 omnes
701 2590 821 2638 boni
859 2592 947 2638 aut
986 2605 1155 2638 omnes
1193 2590 1316 2638 mali
1352 2590 1688 2652 reperiuntur,
1735 2589 1821 2637 sed

243 2734 270 2774 3
293 2731 562 2788 prohibeo-at
583 2731 671 2775 LR
696 2735 847 2776 -uerat
871 2730 943 2775 ed.
969 2730 1092 2775 -ebat
1113 2744 1211 2775 nos.
1301 2735 1329 2774 4
1346 2731 1482 2788 prior
1503 2729 1592 2774 LR
1610 2730 1774 2786 priora
1795 2743 1821 2773 ι·

42 2805 54 2845 3
118 2789 255 2844 prius
285 2789 358 2834 ed.
481 2794 508 2834 5
548 2791 607 2835 ab
638 2805 779 2834 aenea
810 2804 844 2833 r.
977 2794 1001 2833 ‘1
1033 2795 1163 2835 notat
1193 2789 1236 2833 R
1273 2795 1384 2835 ‘nota
1413 2804 1449 2833 r.
1582 2792 1636 2832 13
1668 2789 1821 2833 manis

39 2847 52 2874 ⁴·
123 2847 167 2891 Β.
195 2863 361 2894 manus
389 2864 426 2893 r.
470 2851 476 2906 Ι
524 2850 732 2904 fwnestas
761 2848 805 2892 R
836 2863 951 2893 corr.
983 2863 1018 2892 r.
1143 2853 1198 2892 21
1230 2862 1388 2907 ρατιονε
1417 2848 1505 2892 LR
1537 2848 1602 2892 -ri
1630 2862 1655 2891 r
1685 2846 1756 2891 ed.

125 2910 181 2950 22
213 2911 298 2952 aut
318 2906 408 2953 LR
428 2909 557 2953 haud
581 2909 652 2953 ed.
747 2911 804 2951 24
835 2908 1051 2953 tractavit
1073 2907 1161 2951 LR
1191 2913 1246 2954 vr.
1270 2912 1425 2965 partes
1448 2907 1521 2952 ed..
1611 2910 1666 2951 32
1697 2906 1820 2951 επίηι

33 2981 67 3226 ί
123 2964 212 3010 LR
241 2967 359 3011 enim
390 2973 474 3012 aut
504 2967 575 3011 ed.
