2014 3226
764 158 922 201 PRAE
931 157 1105 201 FATIO
1611 158 1782 201 XXVII

86 301 201 349 >dem
247 300 462 347 codicem
511 299 833 360 archetypum
882 302 931 345 et
974 298 1188 359 priorem
1229 301 1278 345 et
1317 299 1642 359 posteriorem
1682 298 1779 345 Do-

90 374 196 422 nati
250 375 443 435 partem
499 373 797 420 continuisse
852 371 987 418 haud
1041 374 1223 419 temere
1275 374 1495 419 statuere
1542 372 1780 419 videmur.

90 465 197 496 eum
240 450 290 495 et
327 447 607 494 litterarum
648 462 823 508 genere
866 448 915 492 et
954 445 1123 492 crebro
1167 445 1569 507 compendiorum
1609 462 1700 494 usu
1733 448 1782 492 et

90 523 331 570 truncatis
370 521 532 569 verbis
573 514 656 586 (cf.
693 522 739 579 3,
768 521 888 567 497.
933 521 1016 579 10,
1045 514 1173 585 231)
1215 520 1367 581 paulo
1415 520 1781 580 impeditiorem

92 596 154 644 ad
207 594 466 658 legendum
520 594 670 642 fuisse
725 610 908 656 magna
963 595 1299 641 communium
1363 610 1582 641 errorum
1639 594 1782 641 docet

92 671 246 732 copia.
285 695 358 701 ——
407 667 770 728 Correctorum,
818 670 1167 729 praeterquam
1216 668 1347 728 quod
1394 667 1627 715 librarius
1675 670 1780 728 ipse

86 746 244 791 semet
298 758 442 804 saepe
494 744 727 802 correxit,
784 743 1020 803 quattuor
1073 757 1247 789 manus
1303 742 1515 790 discerni
1561 744 1780 803 possunt.

93 833 298 879 quorum
353 818 578 875 tertium,
640 818 725 877 qui
779 831 980 877 perraro
1036 816 1270 875 occurrit,
1325 816 1510 863 saeculi
1556 815 1679 862 XIII
1734 818 1783 862 et

93 893 322 953 quartum
376 891 762 952 frequentiorem
817 889 1003 938 saeculi
1043 889 1160 936 XIV
1214 896 1270 936 ut
1324 890 1512 938 nullius
1561 890 1623 937 ad
1671 905 1781 936 con-

86 964 391 1014 stituendam
429 964 690 1013 lectionem
729 964 879 1026 pretii
918 964 1013 1012 nisi
1053 965 1223 1025 paucis
1257 965 1377 1012 locis
1410 980 1509 1012 non
1539 964 1782 1011 curandos

90 1039 265 1101 putavi
312 1038 452 1102 signo
502 1038 724 1086 adhibito
764 1034 831 1085 r''.
910 1041 962 1085 at
1000 1039 1188 1099 primus
1229 1040 1279 1085 et
1325 1039 1586 1099 secundus,
1637 1054 1783 1099 quem

86 1114 402 1161 subsecutum
460 1127 564 1161 esse
616 1112 730 1160 inde
785 1114 1015 1174 apparet,
1079 1111 1213 1173 quod
1268 1112 1513 1174 quaedam
1569 1129 1598 1159 a
1650 1113 1781 1159 socio

92 1189 311 1234 correcta
350 1189 603 1246 retractat,
645 1186 707 1233 ad
746 1186 1096 1233 recensendum
1132 1188 1327 1233 textum
1359 1187 1615 1250 egregium
1647 1186 1783 1234 auxi-

91 1261 214 1308 lium
259 1263 528 1322 praestant.
608 1263 771 1308 aetate
820 1276 901 1307 eos
950 1260 1153 1308 librario
1202 1261 1300 1321 ipsi
1346 1261 1578 1321 aequales
1630 1262 1783 1308 fuisse

87 1335 372 1382 litterarum
420 1338 469 1382 et
516 1335 824 1382 minusculae
869 1335 1056 1382 formae
1098 1336 1146 1381 et
1185 1333 1439 1382 immixtae
1479 1333 1783 1382 maiusculae

89 1408 287 1469 docent,
335 1411 549 1471 suntque
597 1425 694 1456 non
734 1410 883 1470 pauci
922 1409 1020 1455 loci
1059 1408 1145 1455 ubi
1186 1411 1353 1455 utrum
1392 1409 1435 1455 R
1473 1410 1580 1470 ipse
1621 1424 1686 1456 an
1724 1408 1783 1456 de

89 1482 280 1531 duobus
321 1484 447 1531 alter
486 1484 840 1531 correctionem
878 1483 1054 1530 fecerit
1093 1483 1308 1530 discerni
1337 1499 1437 1530 non
1468 1483 1638 1544 possit.
1699 1482 1784 1531 sed

89 1556 290 1621 gravius
346 1559 421 1605 est
475 1558 604 1619 quod
661 1558 787 1604 alter
842 1557 904 1604 ab
960 1557 1116 1604 altero
1171 1557 1316 1620 longe
1371 1557 1600 1619 plurimis
1663 1557 1783 1605 locis

91 1630 314 1694 dignosci
368 1633 554 1693 nequit.
648 1647 799 1692 quare
855 1647 1024 1678 eorum
1080 1630 1427 1679 adnotationes
1490 1631 1783 1693 plerumque

92 1707 340 1754 communi
385 1705 525 1769 signo
564 1722 590 1752 r
635 1705 852 1753 indicare
900 1706 1022 1753 satis
1061 1705 1213 1752 habui
1252 1705 1520 1766 eodemque
1561 1705 1646 1752 ubi
1684 1706 1784 1766 pri-

90 1795 199 1827 mus
238 1781 378 1827 iuxta
417 1779 684 1828 secundum
723 1779 1052 1827 nominandus
1093 1782 1201 1827 erat
1239 1781 1478 1841 primum,
1524 1784 1576 1826 at
1615 1795 1783 1827 secun-

90 1853 208 1900 dum
262 1854 402 1917 signo
449 1850 496 1901 r'
543 1854 729 1902 notavi.
807 1853 1087 1916 corrigendi
1141 1853 1359 1900 officium
1413 1857 1620 1915 uterque
1673 1869 1783 1901 cum

92 1927 274 1976 iudicio
323 1931 372 1976 et
414 1927 676 1991 diligentia
716 1929 954 1987 exercuit,
1001 1927 1086 1975 sed
1124 1928 1260 1989 prior
1299 1927 1524 1975 timidius
1566 1930 1615 1974 et
1655 1929 1784 1975 circa

91 2002 433 2049 manifestiora
485 2001 639 2050 ferme
692 2001 925 2050 residens.
1002 2002 1161 2049 multo
1215 2003 1381 2063 potior
1428 2002 1555 2050 alter
1602 2003 1676 2049 est
1722 1994 1784 2060 r',

0 2125 2 2129 ,
92 2074 237 2124 homo
276 2077 536 2138 perspicax
577 2078 628 2123 et
668 2077 754 2137 qui
792 2076 845 2123 in
883 2075 1193 2123 intellectum
1232 2077 1590 2123 sententiarum
1638 2092 1783 2138 pene-

91 2150 212 2209 tret,
258 2149 422 2197 audax
464 2150 516 2198 in
556 2151 851 2198 coniecturis
893 2152 1042 2211 atque
1082 2149 1235 2197 etiam
1272 2149 1359 2197 ubi
1398 2152 1531 2197 errat
1569 2151 1782 2212 plerum-

92 2238 188 2284 que
226 2240 325 2271 non
365 2222 604 2272 absurdus
644 2224 703 2272 cf.
732 2225 780 2284 5,
806 2225 874 2270 48
909 2222 1282 2285 „meritasque“.
1342 2225 1600 2286 utriusque
1633 2240 1784 2272 manu

95 2297 322 2358 suppleta
352 2299 675 2346 inveniuntur
706 2313 833 2359 quae
865 2297 1098 2345 librarius
1123 2298 1166 2345 R
1199 2298 1382 2358 omisit,
1407 2297 1492 2346 sed
1524 2298 1783 2360 aliquanto

92 2372 259 2432 potior
303 2371 396 2420 hac
443 2387 637 2434 quoque
683 2372 738 2419 in
783 2388 836 2420 re
883 2372 1085 2419 secundi
1124 2373 1412 2419 correctoris
1452 2387 1569 2420 cura
1609 2375 1683 2420 est
1722 2373 1784 2420 cf.

100 2445 145 2503 1,
178 2446 297 2493 233.
351 2447 399 2501 2,
433 2447 552 2494 300.
606 2446 728 2493 446.
782 2449 829 2505 3,
862 2447 984 2493 443.
1039 2447 1160 2493 628.
1211 2447 1257 2506 5,
1293 2447 1414 2493 262.
1465 2448 1586 2494 277.
1662 2446 1784 2494 haec

0 2524 3 2535 ¹
94 2518 439 2580 supplementa
492 2535 603 2567 cum
657 2520 758 2568 fere
811 2519 996 2581 ubique
1044 2535 1155 2567 cum
1201 2518 1536 2568 Laurentiano
1584 2535 1784 2568 consen-

0 2583 6 2619 *
94 2592 245 2652 tiant,
298 2608 494 2642 necesse
543 2596 618 2642 est
664 2609 723 2641 ea
770 2596 858 2641 aut
903 2610 962 2641 ex
1008 2594 1278 2655 archetypo
1326 2595 1576 2642 communi
1622 2597 1713 2642 aut
1760 2611 1785 2643 e

0 2685 5 2738 ς
95 2663 430 2715 Laurentiano
483 2667 643 2729 petita
698 2682 814 2715 esse.
893 2668 1034 2729 atqui
1089 2667 1185 2715 duo
1240 2669 1412 2715 extant
1457 2667 1556 2716 loci
1602 2667 1784 2731 quibus

98 2737 463 2789 Laurentianus
503 2757 699 2803 quoque
739 2741 911 2789 eadem
950 2742 1119 2789 omisit
1149 2740 1213 2788 ad
1244 2742 1552 2790 intellectum
1584 2743 1784 2791 omnino

97 2815 370 2862 necessaria
409 2817 459 2862 et
496 2817 627 2863 certe
667 2815 895 2878 genuina,
939 2817 984 2875 1,
1013 2817 1118 2862 244
1159 2817 1209 2862 et
1250 2818 1297 2875 2,
1324 2816 1407 2862 65.
1476 2815 1595 2876 quid
1633 2814 1785 2878 ergo?

98 2901 155 2933 ex
194 2887 461 2950 archetypo
500 2889 622 2937 haec
660 2889 891 2950 suppleta
931 2904 1033 2936 esse
1074 2888 1391 2936 statuendum
1434 2892 1509 2937 est
1554 2889 1783 2951 proinde-

100 2974 192 3020 que
238 2960 350 3009 aliis
396 2977 591 3024 quoque
636 2962 758 3010 locis
803 2962 926 3010 bene
973 2965 1194 3011 correcta
1240 2961 1303 3010 ad
1342 2963 1600 3025 archetypi
1637 2963 1786 3011 fidem
