2014 3226
783 194 1086 239 AENEIDOS
1117 195 1182 239 111
1727 201 1832 251 343

147 334 338 380 utinam
384 334 647 380 mansisset
685 333 908 394 fortuna,
958 335 1075 396 quia
1114 336 1339 385 dicturus
1381 341 1454 385 est
1493 354 1543 386 se
1583 342 1718 386 metu
1759 355 1832 387 so-

146 408 335 454 ciorum
364 406 592 453 relictum
624 408 678 454 in
708 407 810 454 illis
841 409 987 456 terris
1021 409 1181 457 Ulixis
1221 412 1454 459 comitem
1494 427 1597 460 esse
1637 413 1831 460 desisse.

146 480 321 541 incipit
375 479 535 528 dicere
592 496 718 541 quae
772 481 916 528 illum
964 483 1121 545 agitet
1166 485 1389 532 fortuna:
1450 486 1527 534 hie
1571 501 1666 541 me,
1716 487 1834 534 dum

146 555 317 612 trepidi
379 554 596 602 crudelia
657 555 830 602 limina
884 556 1130 615 linquunt,
1191 560 1475 608 inmemores
1527 562 1645 607 socii
1697 564 1833 608 vasto

99 644 120 676 5
149 626 367 687 Cyclopis
404 629 458 674 in
497 631 637 675 antro
677 630 939 683 deseruere,
980 634 1036 677 ut
1076 631 1354 679 ostenderet
1390 649 1489 680 non
1529 633 1641 681 odio
1681 636 1833 682 inter-

143 702 371 748 veniente
409 702 639 750 relictum
678 717 728 750 se
766 702 871 749 illic
904 718 1022 764 esse,
1054 705 1139 751 sed
1170 708 1304 752 metu
1336 707 1545 767 periculi
1577 708 1832 768 evidentis,

141 775 193 821 in
235 790 331 836 quo
364 775 572 837 quisque
605 776 701 824 sibi
731 778 897 838 potius
931 778 1219 826 consulebat
1253 796 1402 841 quam
1436 782 1597 828 alteri.
1659 782 1831 830 damus

141 850 279 897 sanie
316 849 618 910 dapibusque
656 852 866 898 eruentis
902 852 1035 899 intus
1073 867 1239 912 opaca,
1277 856 1460 913 inqens,
1500 856 1604 914 ipse
1642 856 1831 904 arduus

141 923 334 982 altaque
355 924 529 983 pulsat
556 925 721 972 sidera
752 922 861 984 (dii,
894 926 1038 973 talem
1068 929 1211 974 terris
1244 930 1440 975 avertite
1461 929 1693 988 pes-tems)
1732 945 1818 977 nee
1831 933 1919 973 620

72 1013 118 1046 ιο
139 998 249 1044 visu
278 998 457 1057 facilia
489 998 667 1060 inquit,
698 1013 785 1047 nee
813 1000 946 1046 dictu
977 1001 1210 1059 adfabilis
1248 1002 1351 1056 ulli,
1391 1003 1654 1050 visceribus
1690 1005 1829 1051 mise-

138 1085 306 1118 rorum
352 1074 396 1119 et
437 1073 676 1131 sanquine
721 1075 928 1120 vescitur
974 1077 1093 1121 atro.
1171 1074 1297 1122 dixit
1342 1075 1485 1136 haec,
1532 1077 1652 1124 dicit
1698 1077 1828 1124 unde

138 1144 308 1192 eadem
338 1146 450 1206 ipsa
481 1145 604 1194 scire
635 1147 816 1208 potuit,
847 1147 1054 1208 proinde
1086 1148 1344 1210 descripsit
1378 1148 1604 1211 Cyclopis
1636 1152 1828 1214 magni-

137 1219 362 1267 tudinem
409 1234 466 1267 ac
511 1220 784 1279 feritatem,
836 1223 1035 1269 antrum
1082 1224 1248 1270 autem
1295 1226 1588 1271 conveniens
1634 1224 1826 1272 habita-

25 1331 36 1354 ς
135 1294 258 1340 toris
307 1294 496 1341 formae
543 1296 594 1341 et
641 1295 772 1356 quod
819 1295 1030 1356 praedas
1078 1295 1317 1345 maximas
1357 1312 1530 1359 capere
1569 1300 1826 1359 potuisset,

70 1382 111 1415 1⁶
135 1381 186 1415 se
233 1370 399 1414 autem
445 1368 676 1416 relictum
722 1384 752 1416 a
798 1370 966 1428 sociis,
1014 1386 1126 1418 cum
1171 1371 1421 1434 fugerent,
1466 1371 1599 1419 dicit.
1677 1373 1826 1420 simul

136 1441 288 1488 etiam
349 1445 595 1490 monstrat
655 1443 1001 1491 crudelitatem
1061 1443 1236 1492 beluae
1296 1445 1559 1506 probatam
1624 1461 1824 1494 suorum

135 1515 357 1577 exemplo
399 1531 456 1563 ac
494 1532 633 1564 nece:
672 1517 776 1566 vidi
814 1522 1003 1578 emanet,
1036 1519 1132 1566 duo
1163 1518 1222 1567 de
1250 1533 1451 1567 numero
1482 1533 1590 1566 eum
1621 1534 1824 1579 corpora

132 1591 294 1636 nostro
345 1604 535 1650 prensa
594 1606 748 1639 manu
808 1607 990 1652 ‘mayna
1050 1592 1206 1640 medio
1259 1595 1521 1653 resupinus
1574 1595 1629 1641 in
1683 1597 1824 1641 antro

131 1663 380 1724 franqeret
416 1665 484 1712 ad
519 1679 697 1713 saxum
733 1667 964 1726 sanieque
1002 1681 1203 1726 aspersa
1232 1669 1460 1715 natarent
1489 1667 1677 1723 limma,
1706 1667 1808 1715 vidi
1825 1671 1912 1711 625

64 1752 111 1785 2⁰
133 1740 239 1784 atro
279 1752 389 1786 eum
425 1739 642 1787 membra
679 1742 884 1799 fluentia
922 1741 1031 1788 tabo
1070 1742 1321 1789 manderet
1358 1745 1400 1788 et
1437 1741 1612 1801 trepidi
1658 1745 1822 1788 treme-

130 1814 239 1858 rent
265 1813 354 1860 sub
387 1813 607 1861 dentibus
639 1817 790 1862 artus.
849 1816 1099 1876 rapuerat,
1130 1814 1313 1876 inquit,
1345 1813 1556 1877 Cyclops
1589 1814 1648 1862 de
1679 1814 1822 1863 nobis

131 1883 267 1947 duos,
306 1886 483 1934 horum
521 1903 734 1948 poenam
774 1889 996 1950 spectavi
1034 1889 1190 1937 oculis
1228 1890 1367 1949 meis,
1406 1904 1517 1936 cum
1555 1891 1821 1950 utrumque

32 2012 34 2016 ,
130 1974 233 2007 una
271 1976 423 2008 manu
461 1961 854 2023 conprehensum
890 1964 1152 2024 resupinus
1190 1963 1370 2011 fortius
1410 1978 1526 2010 saxo
1574 1962 1819 2010 inlideret.

130 2034 395 2096 utrumque
433 2035 591 2099 igitur
628 2036 832 2084 sustulit
871 2038 1244 2099 coniectumque
1282 2037 1335 2083 in
1379 2050 1604 2098 aspersas
1652 2038 1820 2084 cautes

28 2099 106 2169 {25
129 2123 218 2169 per
263 2108 426 2156 frusta
472 2111 785 2158 comminuit:
841 2110 1017 2159 horror
1062 2112 1222 2159 omnis
1269 2112 1319 2157 et
1365 2109 1633 2158 inmanitas
1683 2110 1820 2158 vidc-

28 2173 39 2211 ἕ
129 2180 292 2242 batur,
324 2185 526 2231 antrum
565 2199 710 2232 omne
748 2186 886 2233 sanie
923 2183 1140 2246 taboque
1178 2199 1472 2246 respersum,
1502 2184 1678 2231 limina
1708 2183 1819 2247 ipsa

129 2257 362 2318 corrupto
387 2272 558 2306 cruore
581 2258 826 2306 natantia.
877 2259 984 2320 ipse
1016 2260 1183 2306 autem
1197 2259 1480 2307 semineces
1511 2259 1648 2305 artus
1680 2274 1816 2306 man·

128 2327 277 2378 debat
322 2329 553 2380 dentibus
600 2334 651 2380 et
697 2332 857 2381 adhuc
902 2331 1123 2380 membra
1160 2331 1423 2380 trementia
1453 2331 1816 2380 transvorabat.

247 2475 272 2514 2
303 2485 350 2516 se
373 2486 463 2517 esse
485 2472 572 2516 LR
596 2472 667 2516 ed.
691 2487 737 2518 se
761 2472 926 2518 delevi.
1017 2477 1040 2515 7
1065 2473 1150 2517 sub
1165 2474 1325 2529 potius
1348 2471 1435 2515 LR
1456 2472 1548 2516 sibi
1567 2486 1612 2528 p.
1637 2486 1661 2515 ι·
1683 2472 1754 2516 ed.

129 2533 184 2573 10
216 2531 369 2587 inquit
399 2531 485 2575 LR
516 2545 606 2576 om.
631 2532 704 2576 ed.
827 2537 880 2576 11
914 2537 1049 2576 antro
1081 2531 1169 2575 LR
1200 2537 1301 2576 atro
1332 2545 1356 2574 r
1386 2530 1458 2575 ed.
1501 2533 1508 2588 Ι
1557 2532 1679 2575 dixit
1707 2532 1816 2575 haee

124 2602 214 2633 om.
240 2590 312 2633 ed.
352 2590 359 2648 Ι
397 2590 511 2636 dicit
537 2591 662 2635 unde
691 2591 778 2634 LR
808 2591 931 2636 dixit
957 2605 1003 2635 u.
1036 2589 1087 2634 r'.
1212 2594 1386 2634 13—-14
1416 2590 1691 2635 habitatores
1719 2591 1812 2643 for·

126 2661 225 2692 mae
246 2648 334 2692 LR
357 2663 472 2694 corr.
496 2664 520 2693 ι·
549 2651 801 2695 habitatori
828 2650 1022 2694 immani
1053 2650 1124 2694 ed.
1226 2654 1279 2693 17
1314 2663 1369 2694 ae
1397 2663 1501 2694 nece
1523 2648 1611 2692 LR
1634 2650 1815 2694 Aeneae

122 2707 197 2751 ed.
321 2712 376 2752 18
400 2710 660 2766 praehensa
688 2709 789 2753 LR.
840 2711 846 2765 Ι
902 2709 1034 2754 melio
1063 2708 1151 2752 LR
1179 2708 1328 2754 medio
1357 2723 1393 2754 r.
1523 2711 1579 2752 19
1610 2720 1814 2775 respersa

33 2783 44 2803 ‘-
122 2765 226 2822 LE,
249 2767 334 2812 sed
356 2767 481 2812 infra
504 2782 705 2825 aspersa,
730 2767 798 2812 sic
820 2765 887 2812 r''.
969 2771 1027 2812 20
1058 2768 1229 2825 trepidi
1249 2767 1337 2812 LR
1359 2768 1426 2824 (et
1446 2765 1588 2823 infra)
1610 2765 1753 2823 tepidt
1775 2780 1811 2811 r.

184 2830 241 2870 22
273 2828 507 2882 eaepectavi
526 2827 614 2871 LR
645 2841 758 2872 corr.
782 2842 807 2871 ι·
830 2827 903 2871 ed.
994 2831 1052 2871 24
1083 2832 1133 2872 at
1161 2840 1414 2884 numquam
1436 2825 1525 2870 LR
1551 2829 1607 2870 ut
1634 2830 1812 2870 κεινοπ-

34 2887 35 2890 ’
120 2899 208 2940 que
246 2885 343 2930 edF
379 2891 622 2944 utrumque
659 2900 765 2931 nos:
813 2898 986 2943 quaere
1022 2885 1073 2930 in
1111 2898 1258 2943 marg.
1298 2884 1350 2930 r'.
1531 2888 1588 2928 26
1632 2884 1813 2939 frustra

124 2943 212 2988 LR
241 2943 313 2989 cd.
450 2949 506 2990 27
537 2947 728 2992 natanti
755 2945 843 2989 LR
873 2958 988 2991 corr.
1019 2959 1044 2989 r
1074 2944 1147 2989 ed.
1291 2947 1349 2989 28
1379 2942 1695 2998 transforabat
1724 2941 1813 2986 LR.

121 3017 238 3048 corr.
269 3003 342 3048 ed.
