2014 3226
206 150 276 200 64
668 145 897 189 DONATI
927 144 1207 195 INTERPR.
1242 144 1418 188 VERG.

206 290 375 348 queret
424 292 469 333 et
517 287 651 333 fama
698 284 911 332 nominis
960 301 1015 332 ac
1060 285 1425 346 triumphorum
1473 285 1574 332 eius
1625 299 1779 346 usque
1827 284 1890 331 ad

205 362 393 410 caelum
441 361 719 421 perveniret
774 359 1113 419 dicereturque
1160 360 1324 406 Iulius
1372 359 1553 406 Caesar
1605 359 1806 406 trahens
1858 373 1890 406 a

204 449 376 495 magno
410 435 667 480 demisszmz
698 447 869 480 nomen
899 432 1025 479 Iulo.
1081 432 1134 479 in
1163 435 1359 480 tantum
1391 435 1558 479 autem
1590 433 1891 480 domiturum

206 509 361 556 omnis
409 508 589 570 gentis,
637 510 692 553 ut
739 506 1060 553 existentibus
1106 506 1372 567 triumphis
1420 507 1523 553 eius
1570 521 1667 567 pax
1715 506 1888 554 dehinc

119 589 202 627 201
223 586 270 629 et
316 582 432 628 fides
480 584 719 641 perpetua
765 583 1087 641 permaneret.
1165 581 1255 627 hoc
1303 583 1376 628 est
1423 579 1556 640 quod
1596 580 1667 627 ait
1713 594 1890 639 aspera
1936 596 1955 629 5

206 661 305 702 trem
343 656 516 714 positis
565 655 804 701 mitescent
845 655 1040 701 saecula
1092 655 1246 708 bell-is,
1304 669 1428 701 cana
1474 654 1596 712 fides
1642 658 1685 700 et
1731 654 1888 708 Vesta,

207 731 353 775 Remo
394 744 501 776 cum
540 730 695 787 fratre
735 727 969 788 Quirinus
1008 730 1122 775 iura
1162 729 1368 782 dabunt,
1415 727 1468 774 id
1507 731 1580 774 est
1619 727 1753 790 leges
1792 728 1888 774 Ro-

205 802 325 849 muli
372 801 722 863 perdurabunt.
801 803 938 850 dirae
984 803 1114 861 ferro
1164 806 1205 848 et
1250 802 1557 860 compagyibus
1601 802 1722 849 artis
1761 803 1891 849 elau»

122 885 205 922 295
225 878 397 923 (lentur
436 876 544 923 belli
573 879 762 935 portae,
803 879 946 936 furor
982 877 1147 935 inpius
1185 877 1316 922 intus
1354 889 1501 922 saeva
1539 877 1707 923 sedens
1746 889 1892 935 super

206 965 348 997 arma
395 954 435 996 et
482 954 669 997 centum
714 951 902 997 vinc-tus
948 951 1083 997 aenis
1126 953 1241 1008 post
1291 953 1476 1008 teryum
1528 950 1670 996 nodis
1723 950 1894 1008 fremet
1917 965 1959 998 ιο

204 1025 430 1071 horridus
478 1038 557 1071 ore
604 1027 820 1070 cruento:
875 1039 1070 1071 cessura
1114 1024 1280 1070 omnia
1319 1022 1453 1070 mala
1491 1023 1732 1070 felicitate
1772 1022 1891 1070 Cae-

207 1099 327 1146 saris
369 1097 508 1158 dixit,
547 1097 763 1145 furorem
804 1098 991 1145 scilicet
1029 1098 1474 1158 necessitatemque
1511 1096 1743 1144 bellandi.

315 1170 647 1219 Promissione
687 1173 965 1219 futurorum
1005 1171 1227 1232 exposita
1258 1170 1510 1232 provideri
1542 1171 1780 1219 securitas
1813 1170 1894 1218 de-

207 1245 334 1304 buit,
391 1261 451 1292 ne
509 1245 742 1308 naufragi
799 1247 852 1292 in
903 1246 1077 1293 alienis
1127 1246 1273 1292 terris
1326 1248 1374 1291 et
1427 1245 1691 1308 incognitis
1746 1246 1894 1306 atque

206 1321 258 1365 in
297 1319 357 1366 iis
396 1321 450 1366 in
489 1318 666 1380 quibus
707 1321 955 1367 constaret
994 1319 1246 1366 inimicam
1284 1318 1524 1366 Iunonem
1570 1320 1894 1366 vehementis·
1920 1334 1984 1367 ιιι

209 1394 327 1440 sime
383 1393 480 1441 coli
534 1393 751 1454 aliquam
808 1392 1100 1441 violentiam
1152 1394 1452 1454 paterentur.
1529 1393 1656 1440 hanc
1702 1395 1896 1454 partem

208 1467 382 1528 incipit
433 1467 523 1514 sic:
583 1468 700 1515 haec
749 1469 819 1515 ait
868 1471 910 1515 et
957 1468 1107 1514 Maia
1159 1468 1374 1526 yenitum
1423 1467 1624 1514 demittit
1671 1468 1732 1514 ab
1784 1467 1894 1514 alto.

208 1543 502 1602 procuratur
533 1540 761 1588 Troianis
802 1541 1038 1589 securitas
1077 1557 1166 1602 per
1205 1541 1340 1602 duos,
1373 1556 1584 1602 quorum
1617 1540 1745 1588 alter
1774 1556 1896 1588 avus

211 1618 354 1675 esset,
387 1615 514 1662 alter
547 1614 744 1677 adfinis3
785 1631 901 1662 nam
932 1615 1069 1662 Maia
1098 1615 1313 1662 Mercuri
1342 1618 1515 1675 mater,
1549 1617 1606 1662 ut
1635 1616 1689 1662 in
1721 1617 1895 1662 octavo

208 1688 335 1736 libro
377 1682 532 1754 (138)
574 1690 791 1750 apertius
832 1689 1019 1737 dictum
1058 1692 1147 1750 est,
1179 1689 1504 1736 Troianorum
1537 1690 1707 1752 generi
1736 1691 1896 1736 necte·
1922 1702 1969 1738 20

209 1761 368 1809 batur.
446 1761 616 1810 debuit
653 1778 770 1826 ergo
811 1763 875 1811 ad
914 1763 1112 1811 effectus
1151 1762 1412 1824 inplendos
1457 1762 1574 1810 talis
1617 1763 1752 1810 mitti
1789 1778 1898 1824 per-

211 1850 330 1882 sona
364 1851 488 1896 quae
519 1840 895 1898 praeceptorum
927 1839 1277 1885 auctoritatem
1307 1836 1494 1898 duplici
1523 1837 1716 1884 ratione
1751 1836 1899 1884 ducta

212 1909 415 1956 celerius
463 1913 735 1958 maturaret
781 1911 974 1958 alarum
1020 1911 1099 1959 vel
1145 1911 1359 1958 maxime
1405 1913 1609 1958 iuvante
1663 1909 1896 1958 subsidio.

212 1982 517 2030 subnectitur
540 1983 717 2033 dehinc
749 2000 898 2033 causa
928 1984 1162 2032 mittendi
1194 1988 1244 2032 et
1274 1984 1496 2033 definitio
1527 1984 1898 2032 mandatorum:

210 2060 265 2103 αι
308 2060 464 2104 terrae
509 2061 652 2115 utque
697 2073 851 2107 novae
888 2063 1092 2119 pateant
1143 2058 1454 2118 Carthay‘mis
1507 2071 1642 2106 arces
1695 2058 1898 2121 hospitio

215 2131 425 2178 Teucris.
516 2146 668 2179 novas
731 2147 865 2180 arces
918 2132 1031 2180 ideo
1084 2134 1273 2194 posuit,
1337 2133 1456 2193 quia
1508 2132 1706 2180 novitas
1758 2131 1900 2195 regni
1961 2135 1964 2137 ’

213 2207 388 2251 cuncta
433 2206 596 2266 potest
642 2206 821 2254 habere
868 2210 1117 2269 suspecta,
1171 2210 1228 2254 ut
1273 2207 1379 2267 ipse
1426 2205 1676 2269 Vergilius
1723 2205 1796 2253 ait
1843 2221 1900 2252 ex

212 2293 420 2338 persona
451 2278 659 2327 Didonis
693 2273 849 2346 (563)
882 2295 990 2341 „res
1029 2280 1152 2328 dura
1185 2282 1234 2327 et
1264 2280 1405 2343 regni
1437 2281 1634 2328 novitas
1665 2295 1743 2326 me
1774 2278 1902 2327 talia

214 2355 395 2414 cogunt
440 2352 606 2400 moliri
653 2355 703 2400 et
746 2353 847 2401 late
893 2353 1017 2402 fines
1061 2354 1261 2402 custode
1314 2352 1487 2401 tueri“.
1564 2354 1684 2400 item
1735 2355 1902 2414 potest

213 2425 437 2488 intellegi
497 2429 546 2473 et
605 2426 699 2475 hoc
758 2427 926 2488 modo,
986 2431 1043 2475 ut
1102 2431 1264 2476 terrae
1320 2426 1635 2491 Carthaginis
1695 2428 1901 2488 pateant
1955 2435 1961 2482 ζ

214 2499 430 2560 hospitio
485 2499 683 2548 Teucris
742 2504 791 2548 et
847 2502 1044 2549 novitas
1105 2502 1490 2564 inperfectorum
1553 2500 1900 2548 aedificiorum.

215 2572 346 2619 solus
394 2573 526 2619 enim
572 2573 762 2622 efficere
800 2574 1027 2636 Iuppiter
1069 2576 1298 2624 ministro
1345 2575 1587 2623 Mercurio
1634 2575 1800 2636 potuit
1844 2575 1903 2621 ut
1933 2579 1972 2635 '3v

1953 2645 1961 2685 ἓ

335 2717 360 2756 2
393 2714 411 2756 z·
436 2738 444 2746 ·
472 2714 616 2757 iulius
646 2713 682 2756 L
714 2714 856 2759 iulius
887 2714 929 2757 R
958 2716 1000 2759 is
1030 2721 1094 2759 est
1125 2715 1196 2759 ed.
1358 2719 1384 2758 3
1415 2715 1707 2759 domaturum
1738 2714 1809 2758 ed.
1918 2712 1960 2741 ⁴⁴¹

216 2776 244 2813 4
273 2772 420 2827 yemis
450 2785 536 2815 om.
571 2772 642 2816 ed..
782 2777 836 2816 10
868 2775 1019 2818 aeneis
1049 2773 1136 2816 LR
1266 2779 1317 2817 11
1350 2771 1568 2828 felicitate
1604 2773 1641 2816 L
1673 2778 1830 2817 -tatem
1860 2772 1937 2818 R

216 2830 324 2873 -tati
353 2844 377 2872 r
405 2835 516 2874 ·tate
547 2831 619 2874 eda
743 2836 797 2875 15
830 2834 883 2876 in
912 2834 975 2876 iis
1004 2846 1091 2876 om.
1126 2833 1196 2877 ed.
1333 2837 1385 2876 17
1418 2847 1556 2890 maya
1585 2832 1627 2874 R
1658 2844 1774 2876 corr.
1804 2846 1840 2876 r.
1889 2818 1956 2892 {f

217 2887 406 2933 dimittit
435 2888 521 2932 LR
559 2891 752 2935 demittit
782 2905 805 2934 r
850 2891 1030 2935 demisit
1058 2892 1130 2936 ed.
1285 2895 1339 2934 18
1371 2891 1485 2935 duos
1515 2891 1602 2934 LR
1639 2892 1745 2936 de08
1772 2905 1808 2934 r.

218 2950 273 2989 27
306 2953 510 3004 suscepta
541 2949 626 2992 LR
657 2962 769 2994 corr.
801 2963 837 2993 r.
960 2955 1015 2994 32
1048 2952 1167 2995 enim
1198 2950 1284 2993 LR
1316 2956 1466 2995 autem
1499 2950 1571 2994 ed.

1937 2919 1941 2921 .
1944 2877 1958 2921 v:

1931 2950 1957 3006 a

1936 3044 1944 3051 Ἰ
