2014 3226
195 180 304 233 566
664 179 896 223 DONATI
927 179 1208 224 INTERPR.
1240 179 1418 223 VERG.

193 320 335 368 donis
375 321 623 379 meritum,
665 336 790 381 quae
831 320 973 366 illum
1013 320 1092 366 vel
1131 319 1442 367 humanitate
1484 320 1771 367 confoverat
1810 321 1889 368 vel

194 396 450 443 amaverat
475 396 735 455 ipsumque
762 409 870 440 cum
897 395 998 440 suis
1025 395 1282 454 exceperat
1314 394 1583 456 naufragos
1618 396 1666 441 et
1699 396 1888 457 egentis

192 469 474 531 collegerat.
552 467 732 529 incipit
780 483 895 529 ergo
947 467 1038 514 sic:
1084 466 1258 514 infelix
1305 466 1459 527 Dido,
1506 469 1563 514 ut
1609 467 1889 516 ostenderet

192 544 295 589 eius
336 541 670 589 miserabilem
711 556 879 589 casum
920 556 969 587 se
1010 540 1230 604 graviter
1261 541 1403 600 ferre,
1443 543 1501 587 ut
1530 541 1748 589 lacrimis
1783 541 1886 590 eius

191 618 342 663 etiam
382 615 532 663 verba
572 616 914 678 congruerent,
954 615 1237 676 protestans
1278 615 1433 663 oculis
1476 615 1715 676 quantum
1751 615 1885 664 dolo·
1933 633 1952 667 5

189 707 291 736 rem
334 689 556 736 sensibus
597 688 749 736 ferret
788 691 838 736 et
876 704 995 736 voce
1035 687 1259 735 indicans
1301 687 1433 749 quod
1471 690 1651 736 mentis
1691 690 1887 737 interna

190 763 415 811 vexabat.
493 765 546 810 in
592 763 684 810 hoc
732 762 864 810 dicto
913 778 1012 810 non
1058 764 1256 809 tantum
1305 762 1499 809 animus
1549 762 1760 810 dolentis
1809 779 1887 810 ex-

188 853 387 900 pressus
429 839 503 884 est
543 853 715 884 verum
756 838 908 884 etiam
947 851 1036 897 per
1084 837 1485 884 extenuationem
1531 836 1654 884 facti
1693 837 1889 884 adiecta

188 911 445 974 purgatio3
492 911 659 958 nullus
701 911 833 957 enim
872 911 1123 957 infelicem
1165 925 1465 971 quemquam
1505 910 1628 958 dicit
1667 912 1765 957 nisi
1804 910 1886 959 do·
1986 966 1989 975 .

188 986 293 1032 lens
349 985 613 1046 nullusque
668 985 841 1032 infelix
905 986 979 1031 est
1040 985 1139 1031 nisi
1201 984 1286 1046 qui
1348 984 1573 1031 fataliter
1626 985 1885 1046 premitur.
1913 1002 1989 1048 1(1;Ξ

189 1058 399 1121 denique
457 1058 548 1106 hoc
595 1059 705 1105 vult
763 1058 1009 1118 adserere,
1074 1058 1153 1104 illi
1207 1057 1406 1119 quidem
1462 1057 1684 1106 debitum
1730 1059 1886 1106 fuisse
1963 1051 1992 1111 *ἶ

189 1148 342 1196 genus
390 1134 565 1180 mortis
613 1134 804 1180 ratione
858 1142 907 1179 et
946 1133 1242 1179 necessitate
1288 1133 1606 1193 propriorum
1653 1133 1886 1192 fatorum,

188 1207 273 1255 sed
311 1207 406 1255 hoc
443 1208 603 1271 magis
645 1206 822 1267 dolere,
865 1205 997 1267 quod
1035 1205 1142 1267 ipse
1181 1206 1329 1253 huius
1371 1206 1459 1253 leti
1501 1222 1650 1254 causa
1684 1208 1888 1267 putetur
1970 1211 1991 1272 ’ἦ

189 1281 423 1329 extitisse.
480 1296 624 1328 verus
656 1279 780 1327 mihi
811 1281 1016 1328 nuntius
1049 1295 1165 1343 ergo
1198 1282 1402 1327 venerat
1435 1281 1707 1328 extinctam
1735 1281 1886 1328 ferro-
1987 1274 1991 1322 ἲ

190 1371 285 1416 que
326 1357 544 1402 extrema
584 1356 830 1402 secutam:
876 1355 1046 1401 feralis
1084 1354 1178 1402 iste
1219 1354 1423 1401 nuntius
1463 1356 1772 1415 pervenerat,
1811 1356 1885 1401 in-
1912 1336 1990 1406 15ῐέ

189 1430 319 1491 quit,
371 1429 435 1477 ad
474 1430 735 1476 scientiam
773 1444 956 1488 meam,
1005 1428 1138 1489 quod
1185 1427 1436 1476 doloribus
1487 1429 1589 1476 tuis
1630 1428 1886 1477 abscessus
1985 1415 1991 1488 1

187 1504 286 1551 mei
325 1518 474 1550 causa
515 1504 755 1564 susceptis
790 1505 1007 1550 extremo
1040 1502 1258 1549 remedio
1292 1502 1616 1562 subvenisses,
1657 1502 1884 1550 dolebam
1984 1491 1991 1514 ‘⁸

187 1576 335 1625 finem
373 1578 508 1625 vitae
547 1580 665 1625 tuae
697 1579 747 1624 et
779 1592 955 1640 genere
987 1575 1095 1638 ipso
1128 1577 1302 1623 mortis
1335 1575 1654 1624 vehementer
1686 1576 1885 1640 agebar.
1987 1565 1991 1624 1

187 1649 408 1712 [funeris
452 1652 544 1699 heu
591 1652 677 1699 tibi
723 1665 876 1699 causa
921 1648 1051 1711 fust]
1091 1650 1356 1698 accedebat
1407 1650 1472 1698 ad
1517 1651 1679 1698 luctus
1731 1650 1886 1697 animi

187 1726 287 1773 mei
326 1725 457 1787 quod
496 1724 711 1773 sciebam
749 1724 845 1773 tibi
885 1725 946 1772 ob
987 1724 1267 1772 abscessum
1305 1740 1473 1772 meum
1518 1725 1674 1772 talem
1716 1724 1885 1786 placu-
1910 1727 1983 1787 ²⁰2?

186 1800 283 1847 isse
324 1800 635 1847 sententiam.
714 1799 1003 1861 purgationi
1048 1799 1167 1860 ipsi,
1219 1814 1346 1860 quae
1394 1797 1455 1846 ab
1502 1798 1702 1846 homine
1749 1798 1882 1860 apud

187 1873 434 1921 Didonem
473 1873 660 1935 perfido
699 1872 1059 1935 proferebatur,
1098 1873 1225 1920 miro
1265 1888 1443 1935 genere
1485 1872 1687 1920 adhibet
1721 1871 1885 1920 firma-

187 1949 431 1995 mentum:
461 1961 556 2006 per
586 1947 750 1995 sidera
782 1949 907 2003 turc,
929 1961 1024 2006 per
1055 1960 1256 2006 superos
1289 1950 1331 1994 et
1360 1948 1404 1995 si
1436 1961 1534 2006 qua
1564 1946 1687 2006 fides
1718 1946 1886 1995 tellwre

189 2022 278 2069 sub
319 2023 420 2069 ima
453 2024 542 2069 est.-
589 2021 708 2083 quia
746 2022 898 2069 testes
940 2021 1096 2068 animi
1135 2021 1227 2081 sui,
1266 2021 1347 2069 vel
1385 2021 1599 2068 maxime
1638 2020 1772 2082 apud
1811 2022 1884 2068 in-

189 2096 320 2143 feros
369 2095 571 2158 degens,
633 2095 813 2142 habere
870 2110 968 2143 non
1022 2094 1209 2156 potuit,
1273 2094 1336 2142 ad
1389 2094 1735 2142 iusiurandum
1782 2109 1886 2143 sese
1911 2097 1990 2161 2⁵5²}ss

189 2169 457 2230 convertit,
499 2185 596 2231 quo
635 2169 897 2216 firmantur
943 2184 1070 2230 quae
1118 2168 1369 2231 aliquibus
1417 2168 1724 2216 documentis
1771 2167 1886 2216 defi·

189 2243 433 2291 cientibus
472 2242 676 2304 probari
713 2258 813 2291 non
851 2243 1074 2305 possunt.
1151 2243 1339 2290 iuravit
1376 2259 1465 2305 per
1502 2241 1664 2290 sidera
1702 2258 1886 2304 perque

187 2331 393 2379 superos
418 2331 516 2378 quo
540 2332 760 2364 remeare
786 2317 1020 2379 cupiebat
1023 2353 1885 2366 ...............................
1963 2304 2002 2377 2³,

312 2461 334 2499 1
367 2457 698 2501 humanitatem
730 2458 995 2511 confoderat
1025 2456 1068 2499 V
1099 2470 1211 2500 corr.
1247 2457 1317 2501 ed.
1495 2462 1520 2501 2
1554 2458 1815 2511 nauso-aque
1845 2455 1886 2498 V
1957 2450 2001 2495 i'ss‘

187 2516 439 2573 naufrayis
471 2517 736 2573 (transpos.)
769 2516 839 2560 ed.
947 2521 1001 2560 14
1033 2530 1136 2574 erqo
1166 2518 1275 2572 post
1298 2530 1430 2560 verus
1452 2517 1684 2572 transpos.
1702 2515 1793 2559 ΗΟ
1811 2515 1883 2559 ed.
1957 2493 1986 2564 ³ss

282 2579 335 2618 17
367 2580 600 2631 susceptus
629 2575 684 2618 V.
821 2579 875 2619 18
907 2576 1075 2632 aqebar
1105 2575 1147 2619 V
1187 2575 1261 2631 (cf.
1293 2590 1334 2618 v.
1363 2577 1466 2631 382)
1498 2576 1700 2632 anyebar
1731 2575 1801 2618 ed.
1972 2621 1984 2640 ¹

191 2638 246 2678 19
278 2634 625 2688 sumeris—fui
655 2634 787 2678 deest
817 2633 876 2678 in·
897 2634 953 2689 V,
986 2634 1068 2678 sed
1101 2633 1375 2690 explicatur.
1522 2638 1578 2677 20
1611 2635 1664 2678 ob
1697 2647 1785 2678 om.
1811 2633 1882 2677 ed.
1952 2642 1973 2690 ;η
2000 2653 2002 2663 ν

191 2718 194 2721 >
281 2697 454 2736 20-21
479 2694 571 2738 tale
586 2693 818 2750 placuisse
841 2694 1110 2739 sententiam
1128 2694 1425 2751 pquationis
1447 2694 1540 2750 ipsi
1561 2692 1604 2737 V
1626 2693 1884 2748 emendavi,
1957 2689 1966 2737 Τ·

185 2753 364 2796 temere
395 2753 510 2796 mut.
537 2752 607 2798 ed.
762 2757 816 2795 22
849 2753 965 2797 miro
995 2752 1039 2796 V
1069 2758 1112 2797 et
1141 2767 1197 2797 m.
1231 2752 1303 2797 ed.
1449 2756 1506 2796 28
1536 2753 1647 2808 post
1676 2751 1887 2808 cupiebat

188 2811 328 2854 unius
367 2824 525 2855 versus
565 2811 771 2868 spatium
808 2813 947 2855 vacat
985 2826 1091 2855 cum
1128 2810 1340 2869 vestigiis
1380 2810 1640 2868 scripturae
1678 2813 1727 2855 et
1756 2823 1884 2854 rasu-

187 2881 290 2914 rae:
336 2871 531 2927 propter
568 2870 807 2927 eademque
846 2871 1112 2927 loquebatur
1141 2883 1325 2914 versum
1357 2875 1442 2914 363
1475 2869 1709 2915 adscitum
1740 2869 1884 2914 fuisse
1945 2866 1987 2919 „fa”
1995 2917 1997 2923 Α

188 2929 403 3030 ειέερίοοι·
449 2929 522 2973 sic
554 2929 672 2974 fere:
729 2943 757 2973 a
794 2928 1018 2974 Palinuro
1059 2929 1292 2974 didicerat
1330 2929 1456 2986 quod
1495 2928 1564 2974 sic
1601 2929 1755 2973 iurare
1795 2929 1882 2973 etc.
1948 2960 1983 3028 Ξ

184 2992 384 3032 (1.697.
868 3018 871 3019 ⁷
1080 3018 1175 3035 -⁴
1379 3000 1520 3035 Δ>;
1950 2998 1978 3046 g,
