2014 3226
203 177 272 227 36
665 171 896 215 DONATI
928 170 1206 214 INTER-PR.
1240 169 1417 212 VERG.

203 316 431 363 habuisse
464 313 715 377 Gigantes,
749 312 835 372 qui
867 326 977 358 cum
1009 310 1194 358 bellum
1226 310 1320 357 diis
1352 310 1651 369 intulissent,
1684 308 1889 356 diversis

202 388 459 450 suppliciis
514 386 778 448 perierunt.
857 401 972 447 ergo
1030 385 1100 431 ait
1153 387 1357 431 tantane
1404 399 1512 443 vos,
1568 387 1623 430 ut
1668 385 1891 444 ipsorum

203 467 328 510 esset
369 463 550 509 crimen
591 459 723 521 quod
763 458 1087 518 admiserant,
1135 461 1260 505 esset
1308 457 1457 504 etiam
1498 457 1739 519 originale
1780 472 1889 504 san-

203 538 388 600 guinis,
437 536 628 597 generis
682 534 843 579 tenuit
896 532 1079 579 fiducia
1131 533 1307 579 vestri:
1370 534 1420 578 et
1466 532 1582 578 licet
1628 534 1891 591 parentum

201 611 525 671 pessimorum
566 610 703 670 gesta
743 623 842 654 non
880 606 1131 653 maculent
1170 605 1321 665 filios,
1360 605 1674 666 polluuntur,
1723 606 1764 652 si
1802 620 1888 666 pa·
1923 619 1956 651 .5

201 687 333 731 trum
388 698 589 729 suorum
646 681 781 727 facta
834 682 1163 740 institutaque
1218 679 1510 726 sectenturs
1556 680 1656 725 iam
1707 680 1890 726 caelum

204 762 497 815 terramque:
561 755 752 801 abscisa
800 753 950 802 dictio
1000 755 1103 801 eius
1153 768 1208 800 ac
1257 753 1417 800 brevis
1469 754 1556 813 qui
1595 751 1892 812 loquebatur

202 833 357 877 iratus
406 833 454 876 et
510 830 598 889 qui
653 828 715 875 ad
771 827 1040 875 sedandum
1094 831 1341 874 tumorem
1395 827 1564 889 pelagi
1618 827 1891 885 festinaret,

201 905 410 964 denique
441 903 642 950 transiit
675 905 723 949 et
761 902 820 949 ab
855 902 1069 949 aliorum
1100 902 1286 948 iniuria
1318 901 1689 959 elementorum,
1723 916 1751 947 a
1785 901 1890 961 qui-

200 978 288 1024 bus
345 993 456 1024 eum
504 976 761 1024 constabat
810 975 1047 1035 alienum,
1095 976 1231 1022 venit
1261 976 1388 1022 'iam
1436 975 1499 1021 ad
1546 975 1758 1035 speciale
1808 973 1891 1021 ad·
1916 989 1958 1021 1ο

201 1053 403 1098 missum
444 1050 575 1111 quod
613 1065 820 1113 regnum
860 1049 963 1097 eius
1003 1049 1363 1110 imperiumque
1404 1048 1706 1096 turbaverat.
1772 1062 1890 1102 meo,

199 1127 376 1185 inquit,
415 1127 519 1171 sine
555 1126 768 1178 numine,
809 1125 950 1177 venti,
991 1125 1188 1170 miscere
1228 1126 1271 1170 et
1308 1126 1471 1170 tantas
1511 1123 1700 1170 audetis
1732 1123 1892 1169 tollere

199 1200 376 1246 moles?
453 1214 560 1246 meo
617 1199 721 1244 sine
775 1197 998 1256 numine,
1054 1197 1146 1244 hoc
1199 1200 1274 1244 est
1328 1199 1610 1258 contempto
1672 1212 1750 1243 me
1811 1197 1892 1243 vel

200 1276 371 1320 contra
426 1273 731 1320 voluntatem
786 1287 962 1318 meam.
1040 1271 1176 1318 venti
1231 1271 1420 1318 abiecte
1466 1270 1891 1332 pronuntiandum

201 1351 294 1406 est,
341 1349 397 1393 ut
438 1345 716 1394 convicium
763 1346 848 1406 sit,
896 1361 996 1393 non
1046 1361 1238 1392 nomen.
1316 1345 1546 1406 probatio
1595 1347 1761 1391 autem
1809 1344 1892 1392 ad·
1918 1358 1982 1391 15·

201 1422 338 1467 missi
378 1421 596 1467 criminis
638 1419 1000 1466 admirabiliter
1039 1419 1218 1480 posita,
1258 1421 1314 1466 ut
1355 1419 1489 1481 quod
1521 1418 1763 1481 arguebat
1794 1435 1893 1467 non

202 1494 448 1541 adsereret
502 1493 691 1553 verbis,
749 1493 830 1540 sed
886 1494 1007 1554 ipsis
1065 1493 1341 1554 aspectibus
1399 1492 1630 1540 subderet
1686 1491 1891 1540 dicendo

117 1575 197 1613 135
215 1566 381 1616 tantas
423 1567 614 1615 audetis
654 1567 828 1615 tollere
868 1565 1058 1615 moles?
1128 1581 1246 1625 quos
1287 1569 1398 1627 eqo!
1459 1567 1556 1614 duo
1596 1568 1893 1627 pronomina

202 1658 314 1688 cum
367 1642 581 1703 pondere
637 1657 745 1700 su03
807 1657 923 1688 nam
981 1656 1103 1702 quos
1157 1641 1249 1688 hoc
1304 1643 1379 1689 est
1424 1641 1688 1688 sceleratos
1714 1643 1784 1688 >et
1836 1657 1892 1688 ex

199 1716 426 1777 pessimis
475 1717 667 1778 genitos
715 1718 763 1762 et
813 1718 974 1762 cetera
1022 1730 1148 1776 quae
1188 1715 1361 1762 sentiri
1401 1715 1632 1762 similiter
1669 1717 1890 1776 possunt,
1917 1729 1960 1761 2⁰

201 1805 292 1851 ego
338 1789 392 1836 id
438 1792 511 1837 est
557 1789 830 1850 imperator
875 1789 972 1837 loci
1020 1792 1068 1836 et
1109 1789 1193 1850 qui
1233 1791 1327 1836 sim
1366 1787 1426 1836 de
1465 1788 1742 1850 potioribus
1782 1788 1891 1836 diis.

202 1865 252 1910 et
300 1877 411 1910 cum
458 1862 510 1909 in
558 1878 639 1910 eos
680 1863 971 1910 exerendam
1011 1863 1198 1910 diceret
1235 1879 1449 1925 poenam
1487 1879 1575 1910 nec
1612 1865 1780 1910 tamen
1818 1863 1891 1910 fa-

203 1938 347 1997 ceret,
380 1936 537 1983 nihilo
568 1938 730 1984 minus
770 1937 1014 1998 praedicit
1052 1937 1295 1985 ultionem
1332 1937 1454 1997 fore,
1485 1952 1546 1984 ne
1586 1951 1779 1984 securos
1819 1937 1891 1983 di-

202 2011 424 2057 mitteret
461 2010 541 2058 vel
580 2025 640 2057 ne
679 2025 729 2058 se
767 2011 1044 2058 invalidum
1084 2011 1459 2072 demonstraret,
1492 2012 1535 2058 si
1565 2025 1724 2071 neque
1755 2011 1892 2059 ultus

203 2087 330 2131 esset
377 2083 428 2130 in
474 2085 755 2144 praesentia
801 2087 850 2131 et
895 2085 1094 2132 futurae
1138 2084 1343 2133 ultionis
1397 2101 1496 2133 non
1549 2084 1892 2146 praemitteret
1916 2096 1961 2132 2⁸1

202 2160 411 2217 metum,
461 2157 643 2205 addens
684 2172 857 2205 causas
897 2158 1080 2206 dilatae
1119 2174 1329 2220 poenae,
1379 2158 1510 2220 quod
1550 2161 1677 2206 esset
1715 2159 1891 2206 melius
1976 2158 1977 2163 ’

202 2232 363 2292 primo
404 2230 610 2278 turbata
649 2247 936 2292 conponere,
977 2232 1152 2280 dehinc
1190 2232 1350 2280 redire
1383 2232 1446 2280 ad
1478 2232 1764 2280 vindictam,
1821 2233 1892 2280 ait

204 2320 321 2367 ergo
369 2305 453 2352 sed
497 2308 645 2352 motos
680 2309 903 2364 praestat
941 2320 1205 2366 conponere
1242 2309 1440 2365 fluctus:
1485 2310 1602 2366 post
1637 2307 1756 2354 mihi
1793 2320 1892 2354 non
1959 2315 1961 2317 ’

203 2379 354 2425 simili
383 2393 546 2438 poena
584 2381 835 2428 commissa
874 2381 1039 2428 luetis:
1093 2380 1134 2427 si
1175 2380 1366 2442 aliquid
1404 2379 1629 2442 sequenti
1666 2383 1888 2442 tempore
1947 2415 1950 2421 ,

323 2567 348 2605 4
380 2564 555 2619 yeneris
577 2562 663 2605 LR
694 2569 735 2607 et
764 2578 805 2620 9.
833 2564 904 2607 ed.
998 2569 1023 2607 5
1050 2566 1327 2620 polluuntur
1350 2565 1435 2607 LR
1461 2579 1510 2621 p.
1530 2571 1679 2609 tamen
1709 2579 1733 2607 r
1757 2564 1827 2608 ed.
1946 2605 1956 2610 ,

204 2626 230 2664 6
261 2622 388 2675 facta
419 2623 467 2664 et
499 2636 581 2677 que
613 2636 700 2666 om.
720 2622 789 2665 ed.
887 2627 910 2665 7
942 2623 1120 2668 abscisa
1144 2623 1229 2666 LR
1259 2624 1450 2668 obscura
1481 2624 1551 2667 ed.
1647 2629 1672 2667 9
1705 2625 1892 2668 transiit
1943 2624 1957 2682 {s

203 2684 244 2723 et
275 2680 360 2723 LR
390 2685 431 2724 et
463 2693 550 2723 om.
585 2681 656 2723 ed.
752 2685 806 2723 10
837 2687 1012 2726 constat
1043 2683 1113 2726 ed.
1145 2685 1150 2738 Ι
1177 2684 1383 2738 venitque
1414 2683 1486 2726 ed.
1586 2687 1640 2726 16
1671 2685 1892 2740 arquebat
1935 2684 1954 2729 ὲ

203 2738 289 2781 LR
319 2740 508 2797 wryebat
538 2739 608 2783 ed.
717 2743 771 2782 21
805 2741 855 2783 id
886 2746 948 2784 est
979 2741 1070 2783 LR·
1095 2742 1212 2785 idem
1245 2742 1314 2784 ed.
1345 2743 1350 2797 Ι
1377 2755 1478 2786 sum
1509 2741 1585 2784 edi
1704 2746 1760 2784 22
1791 2755 1888 2786 εωθ-
1916 2732 1954 2745 “”

201 2798 391 2841 rendam
421 2797 507 2840 LR
539 2797 595 2842 cf.
630 2801 685 2840 39
719 2811 806 2841 om.
841 2799 910 2842 ed.
953 2801 958 2854 Ι
1001 2802 1285 2858 excoyitabat
1324 2802 1432 2856 post
1470 2799 1633 2844 diceret
1670 2799 1886 2857 interpol'.

204 2856 274 2899 ed.
327 2858 333 2912 Ι
389 2869 469 2900 ‘nec
499 2862 651 2901 tamen
680 2856 767 2899 LR
798 2872 854 2902 ne
883 2859 991 2902 inde
1023 2859 1093 2902 ed.
1228 2863 1284 2902 25
1315 2864 1372 2903 ut
1396 2860 1584 2914 futurae
1613 2859 1657 2901 R
1684 2874 1715 2904 a
1747 2858 1889 2916 sup'ra.
1926 2863 1947 2895 ἰ

202 2919 255 3018 τε
294 2915 439 3016 0111301.
473 2927 594 2958 man.
627 2915 671 2959 11
700 2915 751 2959 in
781 2915 816 2958 L
857 2922 939 2961 aut
970 2917 1040 2961 ed.
1085 2922 1126 2962 et
1155 2931 1252 2961 nos.
1290 2933 1294 2936 ·
1397 2922 1452 2961 27
1485 2919 1671 2962 turbata
1701 2918 1789 2961 LR,
1818 2918 1887 2962 dia
1922 2897 1951 2971 3}

253 2979 300 3017 ta
331 2986 355 3017 e
394 3009 403 3016 .
1340 2991 1356 3012 τ
1691 2997 1694 3001 ·
1752 2991 1876 3014 1-6-
1925 2976 1930 2978 ’
