<?xml version="1.0" encoding="UTF-8"?>
<!DOCTYPE html PUBLIC "-//W3C//DTD XHTML 1.0 Transitional//EN"
    "http://www.w3.org/TR/xhtml1/DTD/xhtml1-transitional.dtd">
<html xmlns="http://www.w3.org/1999/xhtml" xml:lang="en" lang="en">
 <head>
  <title>
</title>
<meta http-equiv="Content-Type" content="text/html;charset=utf-8" />
  <meta name='ocr-system' content='tesseract 3.04.00' />
  <meta name='ocr-capabilities' content='ocr_page ocr_carea ocr_par ocr_line ocrx_word'/>
</head>
<body>
  <div class='ocr_page' id='page_1' title='image "./interpretationes01donauoft_0275.png"; bbox 0 0 2014 3226; ppageno 0'>
   <div class='ocr_carea' id='block_1_1' title="bbox 752 157 1788 211">
    <p class='ocr_par' dir='ltr' id='par_1_1' title="bbox 752 157 1788 211">
     <span class='ocr_line' id='line_1_1' title="bbox 752 157 1788 211; baseline 0.001 -11"><span class='ocrx_word' id='word_1_1' title='bbox 752 157 1055 201; x_wconf 76' lang='lat' dir='ltr'>AENEIDos</span> <span class='ocrx_word' id='word_1_2' title='bbox 1087 158 1128 201; x_wconf 91' lang='lat'>11</span> <span class='ocrx_word' id='word_1_3' title='bbox 1680 160 1788 211; x_wconf 65' lang='lat'>‘225</span> 
     </span>
    </p>
   </div>
   <div class='ocr_carea' id='block_1_2' title="bbox 31 298 1894 2138">
    <p class='ocr_par' dir='ltr' id='par_1_2' title="bbox 31 298 1894 2138">
     <span class='ocr_line' id='line_1_2' title="bbox 100 298 1789 360; baseline -0.002 -13"><span class='ocrx_word' id='word_1_4' title='bbox 100 298 335 360; x_wconf 89' lang='lat' dir='ltr'>quoniam</span> <span class='ocrx_word' id='word_1_5' title='bbox 382 299 698 345; x_wconf 86' lang='lat' dir='ltr'>vehementer</span> <span class='ocrx_word' id='word_1_6' title='bbox 743 298 863 344; x_wconf 89' lang='lat' dir='ltr'>irati</span> <span class='ocrx_word' id='word_1_7' title='bbox 907 313 1170 358; x_wconf 84' lang='lat' dir='ltr'>personam</span> <span class='ocrx_word' id='word_1_8' title='bbox 1209 299 1491 360; x_wconf 75' lang='lat' dir='ltr'>induxerat,</span> <span class='ocrx_word' id='word_1_9' title='bbox 1541 301 1588 346; x_wconf 91' lang='lat' dir='ltr'>et</span> <span class='ocrx_word' id='word_1_10' title='bbox 1627 299 1789 359; x_wconf 86' lang='lat' dir='ltr'>lateri,</span> 
     </span>
     <span class='ocr_line' id='line_1_3' title="bbox 98 371 1789 433; baseline 0.001 -14"><span class='ocrx_word' id='word_1_11' title='bbox 98 373 283 433; x_wconf 87' lang='lat' dir='ltr'>inquit,</span> <span class='ocrx_word' id='word_1_12' title='bbox 331 371 523 419; x_wconf 88' lang='lat' dir='ltr'>abdidit</span> <span class='ocrx_word' id='word_1_13' title='bbox 569 387 734 419; x_wconf 81' lang='lat' dir='ltr'><strong>ensem</strong></span> <span class='ocrx_word' id='word_1_14' title='bbox 782 387 935 431; x_wconf 87' lang='lat' dir='ltr'>usque</span> <span class='ocrx_word' id='word_1_15' title='bbox 983 372 1045 419; x_wconf 88' lang='lat' dir='ltr'>ad</span> <span class='ocrx_word' id='word_1_16' title='bbox 1091 373 1343 433; x_wconf 88' lang='lat' dir='ltr'>capulum:</span> <span class='ocrx_word' id='word_1_17' title='bbox 1405 371 1551 420; x_wconf 87' lang='lat' dir='ltr'>lateri</span> <span class='ocrx_word' id='word_1_18' title='bbox 1597 371 1789 420; x_wconf 91' lang='lat' dir='ltr'>intelle-</span> 
     </span>
     <span class='ocr_line' id='line_1_4' title="bbox 99 445 1790 510; baseline -0.001 -16"><span class='ocrx_word' id='word_1_19' title='bbox 99 446 314 510; x_wconf 87' lang='lat' dir='ltr'>gendum</span> <span class='ocrx_word' id='word_1_20' title='bbox 353 448 428 493; x_wconf 90' lang='lat' dir='ltr'>est</span> <span class='ocrx_word' id='word_1_21' title='bbox 466 461 565 493; x_wconf 90' lang='lat' dir='ltr'>non</span> <span class='ocrx_word' id='word_1_22' title='bbox 598 461 683 493; x_wconf 91' lang='lat' dir='ltr'>suo</span> <span class='ocrx_word' id='word_1_23' title='bbox 718 446 862 506; x_wconf 81' lang='lat' dir='ltr'><strong>quasi</strong></span> <span class='ocrx_word' id='word_1_24' title='bbox 892 460 1128 493; x_wconf 88' lang='lat' dir='ltr'>revocans</span> <span class='ocrx_word' id='word_1_25' title='bbox 1159 446 1212 492; x_wconf 91' lang='lat' dir='ltr'>in</span> <span class='ocrx_word' id='word_1_26' title='bbox 1245 448 1492 509; x_wconf 86' lang='lat' dir='ltr'>vaginam,</span> <span class='ocrx_word' id='word_1_27' title='bbox 1526 445 1611 494; x_wconf 90' lang='lat' dir='ltr'>sed</span> <span class='ocrx_word' id='word_1_28' title='bbox 1642 447 1790 493; x_wconf 90' lang='lat' dir='ltr'>lateri</span> 
     </span>
     <span class='ocr_line' id='line_1_5' title="bbox 98 519 1790 582; baseline -0.001 -15"><span class='ocrx_word' id='word_1_29' title='bbox 98 520 299 567; x_wconf 80' lang='lat' dir='ltr'>Priami.</span> <span class='ocrx_word' id='word_1_30' title='bbox 365 519 485 580; x_wconf 89' lang='lat' dir='ltr'>quid</span> <span class='ocrx_word' id='word_1_31' title='bbox 521 523 627 566; x_wconf 89' lang='lat' dir='ltr'>tam</span> <span class='ocrx_word' id='word_1_32' title='bbox 667 521 908 580; x_wconf 89' lang='lat' dir='ltr'>apertum,</span> <span class='ocrx_word' id='word_1_33' title='bbox 949 519 1069 580; x_wconf 90' lang='lat' dir='ltr'>quid</span> <span class='ocrx_word' id='word_1_34' title='bbox 1108 522 1213 567; x_wconf 90' lang='lat' dir='ltr'>tam</span> <span class='ocrx_word' id='word_1_35' title='bbox 1253 520 1452 567; x_wconf 86' lang='lat' dir='ltr'>evidens</span> <span class='ocrx_word' id='word_1_36' title='bbox 1483 522 1536 567; x_wconf 86' lang='lat' dir='ltr'>in</span> <span class='ocrx_word' id='word_1_37' title='bbox 1569 535 1625 568; x_wconf 89' lang='lat' dir='ltr'>eo</span> <span class='ocrx_word' id='word_1_38' title='bbox 1659 520 1790 582; x_wconf 90' lang='lat' dir='ltr'>quod</span> 
     </span>
     <span class='ocr_line' id='line_1_6' title="bbox 53 593 1791 654; baseline -0.001 -12"><span class='ocrx_word' id='word_1_39' title='bbox 53 613 75 642; x_wconf 76' lang='lat'><strong>5</strong></span> <span class='ocrx_word' id='word_1_40' title='bbox 101 595 284 642; x_wconf 89' lang='lat' dir='ltr'>fecerat</span> <span class='ocrx_word' id='word_1_41' title='bbox 329 596 511 641; x_wconf 90' lang='lat' dir='ltr'>natura</span> <span class='ocrx_word' id='word_1_42' title='bbox 558 594 715 653; x_wconf 84' lang='lat' dir='ltr'>ferox,</span> <span class='ocrx_word' id='word_1_43' title='bbox 757 594 962 641; x_wconf 86' lang='lat' dir='ltr'>iuventa</span> <span class='ocrx_word' id='word_1_44' title='bbox 1001 593 1237 654; x_wconf 88' lang='lat' dir='ltr'>insolens,</span> <span class='ocrx_word' id='word_1_45' title='bbox 1276 594 1472 641; x_wconf 87' lang='lat' dir='ltr'>iniuriis</span> <span class='ocrx_word' id='word_1_46' title='bbox 1513 593 1791 642; x_wconf 82' lang='lat' dir='ltr'>excitatus?</span> 
     </span>
     <span class='ocr_line' id='line_1_7' title="bbox 102 667 1791 730; baseline 0 -15"><span class='ocrx_word' id='word_1_47' title='bbox 102 668 308 716; x_wconf 78' lang='lat' dir='ltr'>abstulit</span> <span class='ocrx_word' id='word_1_48' title='bbox 346 667 559 715; x_wconf 82' lang='lat' dir='ltr'>hominis</span> <span class='ocrx_word' id='word_1_49' title='bbox 599 669 749 729; x_wconf 89' lang='lat' dir='ltr'>caput</span> <span class='ocrx_word' id='word_1_50' title='bbox 789 670 851 727; x_wconf 90' lang='lat' dir='ltr'>et,</span> <span class='ocrx_word' id='word_1_51' title='bbox 892 667 1010 728; x_wconf 88' lang='lat' dir='ltr'>quia</span> <span class='ocrx_word' id='word_1_52' title='bbox 1049 667 1140 715; x_wconf 89' lang='lat' dir='ltr'>hac</span> <span class='ocrx_word' id='word_1_53' title='bbox 1178 670 1377 715; x_wconf 88' lang='lat' dir='ltr'>tantum</span> <span class='ocrx_word' id='word_1_54' title='bbox 1415 683 1576 730; x_wconf 90' lang='lat' dir='ltr'>poena</span> <span class='ocrx_word' id='word_1_55' title='bbox 1615 668 1791 716; x_wconf 90' lang='lat' dir='ltr'>satiari</span> 
     </span>
     <span class='ocr_line' id='line_1_8' title="bbox 100 741 1790 803; baseline 0.001 -14"><span class='ocrx_word' id='word_1_56' title='bbox 100 758 198 789; x_wconf 91' lang='lat' dir='ltr'>non</span> <span class='ocrx_word' id='word_1_57' title='bbox 244 743 430 803; x_wconf 88' lang='lat' dir='ltr'>potuit,</span> <span class='ocrx_word' id='word_1_58' title='bbox 479 742 644 788; x_wconf 85' lang='lat' dir='ltr'>trunci</span> <span class='ocrx_word' id='word_1_59' title='bbox 692 742 912 803; x_wconf 90' lang='lat' dir='ltr'>corporis</span> <span class='ocrx_word' id='word_1_60' title='bbox 959 741 1091 788; x_wconf 88' lang='lat' dir='ltr'>latus</span> <span class='ocrx_word' id='word_1_61' title='bbox 1140 745 1188 789; x_wconf 85' lang='lat' dir='ltr'>et</span> <span class='ocrx_word' id='word_1_62' title='bbox 1227 742 1328 789; x_wconf 90' lang='lat' dir='ltr'>iam</span> <span class='ocrx_word' id='word_1_63' title='bbox 1367 743 1492 789; x_wconf 78' lang='lat' dir='ltr'>nihi]</span> <span class='ocrx_word' id='word_1_64' title='bbox 1533 742 1790 791; x_wconf 86' lang='lat' dir='ltr'>sentientis</span> 
     </span>
     <span class='ocr_line' id='line_1_9' title="bbox 99 815 1791 878; baseline 0.001 -16"><span class='ocrx_word' id='word_1_65' title='bbox 99 817 321 878; x_wconf 90' lang='lat' dir='ltr'>inpresso</span> <span class='ocrx_word' id='word_1_66' title='bbox 370 831 526 877; x_wconf 90' lang='lat' dir='ltr'>usque</span> <span class='ocrx_word' id='word_1_67' title='bbox 573 816 636 862; x_wconf 89' lang='lat' dir='ltr'>ad</span> <span class='ocrx_word' id='word_1_68' title='bbox 684 815 916 876; x_wconf 90' lang='lat' dir='ltr'>capulum</span> <span class='ocrx_word' id='word_1_69' title='bbox 971 815 1138 878; x_wconf 86' lang='lat' dir='ltr'>gladio</span> <span class='ocrx_word' id='word_1_70' title='bbox 1194 817 1468 878; x_wconf 74' lang='lat' dir='ltr'>perforavit</span> <span class='ocrx_word' id='word_1_71' title='bbox 1519 819 1670 878; x_wconf 89' lang='lat' dir='ltr'>atque</span> <span class='ocrx_word' id='word_1_72' title='bbox 1716 818 1791 864; x_wconf 89' lang='lat' dir='ltr'>ita</span> 
     </span>
     <span class='ocr_line' id='line_1_10' title="bbox 99 889 1790 953; baseline 0 -16"><span class='ocrx_word' id='word_1_73' title='bbox 99 892 265 937; x_wconf 84' lang='lat' dir='ltr'>totum</span> <span class='ocrx_word' id='word_1_74' title='bbox 305 905 470 938; x_wconf 87' lang='lat' dir='ltr'>ensem</span> <span class='ocrx_word' id='word_1_75' title='bbox 510 889 782 950; x_wconf 76' lang='lat' dir='ltr'>abscondit,</span> <span class='ocrx_word' id='word_1_76' title='bbox 823 890 967 951; x_wconf 87' lang='lat' dir='ltr'>quasi</span> <span class='ocrx_word' id='word_1_77' title='bbox 1003 889 1147 936; x_wconf 88' lang='lat' dir='ltr'>illum</span> <span class='ocrx_word' id='word_1_78' title='bbox 1179 889 1231 936; x_wconf 91' lang='lat' dir='ltr'>in</span> <span class='ocrx_word' id='word_1_79' title='bbox 1263 891 1448 953; x_wconf 84' lang='lat' dir='ltr'>vagina</span> <span class='ocrx_word' id='word_1_80' title='bbox 1480 890 1790 938; x_wconf 80' lang='lat' dir='ltr'>condidisset.</span> 
     </span>
     <span class='ocr_line' id='line_1_11' title="bbox 33 964 1790 1028; baseline -0.001 -14"><span class='ocrx_word' id='word_1_81' title='bbox 33 982 76 1014; x_wconf 81' lang='grc' dir='ltr'>ιο</span> <span class='ocrx_word' id='word_1_82' title='bbox 100 964 193 1011; x_wconf 89' lang='lat' dir='ltr'>hoc</span> <span class='ocrx_word' id='word_1_83' title='bbox 230 964 419 1012; x_wconf 88' lang='lat' dir='ltr'>factum</span> <span class='ocrx_word' id='word_1_84' title='bbox 457 964 590 1011; x_wconf 78' lang='lat' dir='ltr'>infra</span> <span class='ocrx_word' id='word_1_85' title='bbox 628 964 803 1011; x_wconf 89' lang='lat' dir='ltr'>melius</span> <span class='ocrx_word' id='word_1_86' title='bbox 844 966 1067 1025; x_wconf 88' lang='lat' dir='ltr'>apparet,</span> <span class='ocrx_word' id='word_1_87' title='bbox 1099 979 1211 1011; x_wconf 90' lang='lat' dir='ltr'>cum</span> <span class='ocrx_word' id='word_1_88' title='bbox 1242 964 1390 1011; x_wconf 85' lang='lat' dir='ltr'>funus</span> <span class='ocrx_word' id='word_1_89' title='bbox 1422 964 1525 1012; x_wconf 90' lang='lat' dir='ltr'>eius</span> <span class='ocrx_word' id='word_1_90' title='bbox 1557 967 1607 1012; x_wconf 87' lang='lat' dir='ltr'>et</span> <span class='ocrx_word' id='word_1_91' title='bbox 1637 980 1790 1028; x_wconf 86' lang='lat' dir='ltr'>genus</span> 
     </span>
     <span class='ocr_line' id='line_1_12' title="bbox 99 1037 1793 1100; baseline 0.001 -15"><span class='ocrx_word' id='word_1_92' title='bbox 99 1038 272 1085; x_wconf 89' lang='lat' dir='ltr'>mortis</span> <span class='ocrx_word' id='word_1_93' title='bbox 304 1038 509 1085; x_wconf 87' lang='lat' dir='ltr'>Aenean</span> <span class='ocrx_word' id='word_1_94' title='bbox 547 1037 733 1086; x_wconf 83' lang='lat' dir='ltr'>diceret</span> <span class='ocrx_word' id='word_1_95' title='bbox 763 1038 1025 1085; x_wconf 85' lang='lat' dir='ltr'>horruisse.</span> <span class='ocrx_word' id='word_1_96' title='bbox 1083 1038 1213 1092; x_wconf 79' lang='lat' dir='ltr'>haee,</span> <span class='ocrx_word' id='word_1_97' title='bbox 1245 1039 1425 1100; x_wconf 90' lang='lat' dir='ltr'>inquit,</span> <span class='ocrx_word' id='word_1_98' title='bbox 1455 1040 1571 1097; x_wconf 71' lang='lat' dir='ltr'>finis</span> <span class='ocrx_word' id='word_1_99' title='bbox 1600 1038 1793 1086; x_wconf 78' lang='lat' dir='ltr'>Priami</span> 
     </span>
     <span class='ocr_line' id='line_1_13' title="bbox 98 1111 1793 1173; baseline 0 -13"><span class='ocrx_word' id='word_1_100' title='bbox 98 1114 337 1171; x_wconf 81' lang='lat' dir='ltr'>fatorum:</span> <span class='ocrx_word' id='word_1_101' title='bbox 390 1127 541 1173; x_wconf 88' lang='lat' dir='ltr'>supra</span> <span class='ocrx_word' id='word_1_102' title='bbox 589 1113 721 1159; x_wconf 89' lang='lat' dir='ltr'>enim</span> <span class='ocrx_word' id='word_1_103' title='bbox 768 1112 960 1159; x_wconf 88' lang='lat' dir='ltr'>dixerat</span> <span class='ocrx_word' id='word_1_104' title='bbox 1006 1111 1246 1172; x_wconf 85' lang='lat' dir='ltr'>„forsitan</span> <span class='ocrx_word' id='word_1_105' title='bbox 1293 1115 1342 1159; x_wconf 89' lang='lat' dir='ltr'>et</span> <span class='ocrx_word' id='word_1_106' title='bbox 1380 1112 1569 1159; x_wconf 88' lang='lat' dir='ltr'>Priami</span> <span class='ocrx_word' id='word_1_107' title='bbox 1607 1113 1793 1160; x_wconf 87' lang='lat' dir='ltr'>fuerint</span> 
     </span>
     <span class='ocr_line' id='line_1_14' title="bbox 99 1184 1792 1247; baseline 0.001 -14"><span class='ocrx_word' id='word_1_108' title='bbox 99 1201 226 1247; x_wconf 85' lang='lat' dir='ltr'>quae</span> <span class='ocrx_word' id='word_1_109' title='bbox 274 1187 380 1233; x_wconf 88' lang='lat' dir='ltr'>fata</span> <span class='ocrx_word' id='word_1_110' title='bbox 425 1184 696 1247; x_wconf 86' lang='lat' dir='ltr'>requiras“.</span> <span class='ocrx_word' id='word_1_111' title='bbox 774 1201 882 1234; x_wconf 90' lang='lat' dir='ltr'>ecce</span> <span class='ocrx_word' id='word_1_112' title='bbox 930 1185 982 1232; x_wconf 91' lang='lat' dir='ltr'>in</span> <span class='ocrx_word' id='word_1_113' title='bbox 1030 1202 1175 1247; x_wconf 89' lang='lat' dir='ltr'>quem</span> <span class='ocrx_word' id='word_1_114' title='bbox 1222 1186 1369 1233; x_wconf 91' lang='lat' dir='ltr'>finem</span> <span class='ocrx_word' id='word_1_115' title='bbox 1419 1187 1553 1234; x_wconf 83' lang='lat' dir='ltr'>vitae</span> <span class='ocrx_word' id='word_1_116' title='bbox 1608 1186 1792 1235; x_wconf 89' lang='lat' dir='ltr'>dilatus</span> 
     </span>
     <span class='ocr_line' id='line_1_15' title="bbox 102 1259 1881 1322; baseline -0.002 -14"><span class='ocrx_word' id='word_1_117' title='bbox 102 1263 175 1308; x_wconf 82' lang='lat' dir='ltr'>est</span> <span class='ocrx_word' id='word_1_118' title='bbox 221 1259 471 1320; x_wconf 81' lang='lat' dir='ltr'>PriamuS‚</span> <span class='ocrx_word' id='word_1_119' title='bbox 524 1261 601 1308; x_wconf 81' lang='lat' dir='ltr'>hic</span> <span class='ocrx_word' id='word_1_120' title='bbox 648 1261 801 1308; x_wconf 65' lang='lat' dir='ltr'>excitus</span> <span class='ocrx_word' id='word_1_121' title='bbox 849 1260 991 1308; x_wconf 79' lang='lat' dir='ltr'>illum</span> <span class='ocrx_word' id='word_1_122' title='bbox 1035 1264 1160 1307; x_wconf 80' lang='lat' dir='ltr'>sorte</span> <span class='ocrx_word' id='word_1_123' title='bbox 1206 1262 1336 1308; x_wconf 78' lang='lat' dir='ltr'>tulit:</span> <span class='ocrx_word' id='word_1_124' title='bbox 1398 1276 1548 1322; x_wconf 89' lang='lat' dir='ltr'>quam</span> <span class='ocrx_word' id='word_1_125' title='bbox 1594 1263 1777 1309; x_wconf 89' lang='lat' dir='ltr'>sortem</span> <span class='ocrx_word' id='word_1_126' title='bbox 1794 1264 1881 1305; x_wconf 85' lang='lat'>555</span> 
     </span>
     <span class='ocr_line' id='line_1_16' title="bbox 34 1332 1793 1394; baseline -0.003 -8"><span class='ocrx_word' id='word_1_127' title='bbox 34 1354 78 1386; x_wconf 84' lang='lat'>15</span> <span class='ocrx_word' id='word_1_128' title='bbox 102 1334 410 1382; x_wconf 89' lang='lat' dir='ltr'>miserandus</span> <span class='ocrx_word' id='word_1_129' title='bbox 448 1332 674 1382; x_wconf 81' lang='lat' dir='ltr'>invenit?</span> <span class='ocrx_word' id='word_1_130' title='bbox 755 1334 954 1382; x_wconf 81' lang='lat' dir='ltr'>Troiam</span> <span class='ocrx_word' id='word_1_131' title='bbox 992 1336 1240 1382; x_wconf 72' lang='lat' dir='ltr'>incensam</span> <span class='ocrx_word' id='word_1_132' title='bbox 1279 1338 1322 1382; x_wconf 89' lang='lat' dir='ltr'>et</span> <span class='ocrx_word' id='word_1_133' title='bbox 1349 1335 1589 1394; x_wconf 76' lang='lat' dir='ltr'>prolapsa</span> <span class='ocrx_word' id='word_1_134' title='bbox 1630 1335 1793 1382; x_wconf 77' lang='lat' dir='ltr'>viden-</span> 
     </span>
     <span class='ocr_line' id='line_1_17' title="bbox 102 1409 1794 1468; baseline 0 -12"><span class='ocrx_word' id='word_1_135' title='bbox 102 1412 194 1456; x_wconf 81' lang='lat' dir='ltr'>tem</span> <span class='ocrx_word' id='word_1_136' title='bbox 245 1409 511 1468; x_wconf 75' lang='lat' dir='ltr'>Peryama,</span> <span class='ocrx_word' id='word_1_137' title='bbox 574 1412 640 1455; x_wconf 79' lang='lat' dir='ltr'>tot</span> <span class='ocrx_word' id='word_1_138' title='bbox 699 1410 944 1467; x_wconf 71' lang='lat' dir='ltr'>quondam</span> <span class='ocrx_word' id='word_1_139' title='bbox 989 1409 1190 1468; x_wconf 71' lang='lat' dir='ltr'>populis</span> <span class='ocrx_word' id='word_1_140' title='bbox 1243 1410 1476 1468; x_wconf 77' lang='lat' dir='ltr'>terrisque</span> <span class='ocrx_word' id='word_1_141' title='bbox 1531 1409 1794 1468; x_wconf 78' lang='lat' dir='ltr'>superbam</span> 
     </span>
     <span class='ocr_line' id='line_1_18' title="bbox 99 1481 1795 1545; baseline 0 -15"><span class='ocrx_word' id='word_1_142' title='bbox 99 1485 402 1542; x_wconf 74' lang='lat' dir='ltr'>reynatorem</span> <span class='ocrx_word' id='word_1_143' title='bbox 448 1481 626 1530; x_wconf 77' lang='lat' dir='ltr'>Asiae:</span> <span class='ocrx_word' id='word_1_144' title='bbox 680 1485 794 1544; x_wconf 92' lang='lat' dir='ltr'>post</span> <span class='ocrx_word' id='word_1_145' title='bbox 838 1482 1011 1530; x_wconf 87' lang='lat' dir='ltr'>florem</span> <span class='ocrx_word' id='word_1_146' title='bbox 1055 1484 1217 1545; x_wconf 86' lang='lat' dir='ltr'>regni,</span> <span class='ocrx_word' id='word_1_147' title='bbox 1265 1485 1380 1545; x_wconf 89' lang='lat' dir='ltr'>post</span> <span class='ocrx_word' id='word_1_148' title='bbox 1424 1485 1671 1530; x_wconf 90' lang='lat' dir='ltr'>retentum</span> <span class='ocrx_word' id='word_1_149' title='bbox 1716 1484 1795 1530; x_wconf 89' lang='lat' dir='ltr'>tot</span> 
     </span>
     <span class='ocr_line' id='line_1_19' title="bbox 102 1557 1794 1618; baseline 0.001 -15"><span class='ocrx_word' id='word_1_150' title='bbox 102 1557 311 1604; x_wconf 87' lang='lat' dir='ltr'>saeculis</span> <span class='ocrx_word' id='word_1_151' title='bbox 349 1558 613 1618; x_wconf 90' lang='lat' dir='ltr'>imperium</span> <span class='ocrx_word' id='word_1_152' title='bbox 649 1557 850 1604; x_wconf 88' lang='lat' dir='ltr'>Troiam</span> <span class='ocrx_word' id='word_1_153' title='bbox 888 1557 978 1604; x_wconf 76' lang='lat' dir='ltr'>ille</span> <span class='ocrx_word' id='word_1_154' title='bbox 1016 1557 1144 1604; x_wconf 89' lang='lat' dir='ltr'>vidit</span> <span class='ocrx_word' id='word_1_155' title='bbox 1182 1557 1434 1605; x_wconf 82' lang='lat' dir='ltr'>incensam</span> <span class='ocrx_word' id='word_1_156' title='bbox 1473 1558 1522 1604; x_wconf 87' lang='lat' dir='ltr'>et</span> <span class='ocrx_word' id='word_1_157' title='bbox 1560 1557 1794 1618; x_wconf 79' lang='lat' dir='ltr'>prolapsa</span> 
     </span>
     <span class='ocr_line' id='line_1_20' title="bbox 102 1630 1794 1694; baseline -0.001 -16"><span class='ocrx_word' id='word_1_158' title='bbox 102 1630 358 1694; x_wconf 90' lang='lat' dir='ltr'>Pergama.</span> <span class='ocrx_word' id='word_1_159' title='bbox 438 1630 558 1692; x_wconf 88' lang='lat' dir='ltr'>quid</span> <span class='ocrx_word' id='word_1_160' title='bbox 595 1631 726 1678; x_wconf 86' lang='lat' dir='ltr'>male</span> <span class='ocrx_word' id='word_1_161' title='bbox 766 1632 833 1678; x_wconf 89' lang='lat' dir='ltr'>sit</span> <span class='ocrx_word' id='word_1_162' title='bbox 872 1630 1137 1679; x_wconf 89' lang='lat' dir='ltr'>dolendum</span> <span class='ocrx_word' id='word_1_163' title='bbox 1178 1645 1378 1679; x_wconf 88' lang='lat' dir='ltr'>cernens</span> <span class='ocrx_word' id='word_1_164' title='bbox 1420 1631 1529 1692; x_wconf 87' lang='lat' dir='ltr'>quis</span> <span class='ocrx_word' id='word_1_165' title='bbox 1573 1633 1794 1692; x_wconf 87' lang='lat' dir='ltr'>speraret</span> 
     </span>
     <span class='ocr_line' id='line_1_21' title="bbox 33 1704 1795 1766; baseline -0.002 -11"><span class='ocrx_word' id='word_1_166' title='bbox 33 1723 79 1756; x_wconf 75' lang='lat'>80</span> <span class='ocrx_word' id='word_1_167' title='bbox 103 1719 269 1753; x_wconf 86' lang='lat' dir='ltr'>senem</span> <span class='ocrx_word' id='word_1_168' title='bbox 306 1706 409 1752; x_wconf 89' lang='lat' dir='ltr'>iam</span> <span class='ocrx_word' id='word_1_169' title='bbox 446 1706 646 1766; x_wconf 76' lang='lat' dir='ltr'>iamque</span> <span class='ocrx_word' id='word_1_170' title='bbox 676 1707 860 1753; x_wconf 88' lang='lat' dir='ltr'>natura</span> <span class='ocrx_word' id='word_1_171' title='bbox 890 1705 1146 1753; x_wconf 89' lang='lat' dir='ltr'>deficiente</span> <span class='ocrx_word' id='word_1_172' title='bbox 1178 1704 1282 1754; x_wconf 91' lang='lat' dir='ltr'>sine</span> <span class='ocrx_word' id='word_1_173' title='bbox 1315 1705 1465 1752; x_wconf 91' lang='lat' dir='ltr'>dubio</span> <span class='ocrx_word' id='word_1_174' title='bbox 1496 1704 1795 1752; x_wconf 89' lang='lat' dir='ltr'>moriturum</span> 
     </span>
     <span class='ocr_line' id='line_1_22' title="bbox 102 1778 1795 1843; baseline -0.001 -16"><span class='ocrx_word' id='word_1_175' title='bbox 102 1778 297 1841; x_wconf 88' lang='lat' dir='ltr'>perdito</span> <span class='ocrx_word' id='word_1_176' title='bbox 337 1779 471 1841; x_wconf 91' lang='lat' dir='ltr'>quod</span> <span class='ocrx_word' id='word_1_177' title='bbox 509 1779 721 1828; x_wconf 86' lang='lat' dir='ltr'>feliciter</span> <span class='ocrx_word' id='word_1_178' title='bbox 760 1782 931 1843; x_wconf 88' lang='lat' dir='ltr'>egerat</span> <span class='ocrx_word' id='word_1_179' title='bbox 966 1779 1164 1841; x_wconf 88' lang='lat' dir='ltr'>imperii</span> <span class='ocrx_word' id='word_1_180' title='bbox 1203 1780 1441 1839; x_wconf 86' lang='lat' dir='ltr'>culmine,</span> <span class='ocrx_word' id='word_1_181' title='bbox 1487 1779 1795 1841; x_wconf 88' lang='lat' dir='ltr'>consumptis</span> 
     </span>
     <span class='ocr_line' id='line_1_23' title="bbox 105 1850 1894 1915; baseline -0.001 -15"><span class='ocrx_word' id='word_1_182' title='bbox 105 1869 299 1914; x_wconf 91' lang='lat' dir='ltr'>quoque</span> <span class='ocrx_word' id='word_1_183' title='bbox 345 1853 574 1901; x_wconf 88' lang='lat' dir='ltr'>incendio</span> <span class='ocrx_word' id='word_1_184' title='bbox 621 1853 865 1902; x_wconf 84' lang='lat' dir='ltr'>universis</span> <span class='ocrx_word' id='word_1_185' title='bbox 912 1855 1017 1901; x_wconf 90' lang='lat' dir='ltr'>tam</span> <span class='ocrx_word' id='word_1_186' title='bbox 1063 1853 1251 1900; x_wconf 88' lang='lat' dir='ltr'>infelici</span> <span class='ocrx_word' id='word_1_187' title='bbox 1297 1853 1431 1901; x_wconf 83' lang='lat' dir='ltr'>exitu</span> <span class='ocrx_word' id='word_1_188' title='bbox 1484 1850 1795 1915; x_wconf 79' lang='lat' dir='ltr'>periturum?</span> <span class='ocrx_word' id='word_1_189' title='bbox 1884 1899 1894 1905; x_wconf 27' lang='lat' dir='ltr'>j</span> 
     </span>
     <span class='ocr_line' id='line_1_24' title="bbox 103 1926 1797 1988; baseline -0.001 -14"><span class='ocrx_word' id='word_1_190' title='bbox 103 1927 280 1975; x_wconf 85' lang='lat' dir='ltr'>dehinc</span> <span class='ocrx_word' id='word_1_191' title='bbox 312 1926 532 1976; x_wconf 87' lang='lat' dir='ltr'>succedit</span> <span class='ocrx_word' id='word_1_192' title='bbox 563 1926 881 1976; x_wconf 88' lang='lat' dir='ltr'>adversorum</span> <span class='ocrx_word' id='word_1_193' title='bbox 913 1927 1112 1975; x_wconf 86' lang='lat' dir='ltr'>evidens</span> <span class='ocrx_word' id='word_1_194' title='bbox 1145 1926 1450 1975; x_wconf 87' lang='lat' dir='ltr'>enumeratio</span> <span class='ocrx_word' id='word_1_195' title='bbox 1482 1927 1652 1974; x_wconf 90' lang='lat' dir='ltr'>secuta</span> <span class='ocrx_word' id='word_1_196' title='bbox 1682 1929 1797 1988; x_wconf 88' lang='lat' dir='ltr'>post</span> 
     </span>
     <span class='ocr_line' id='line_1_25' title="bbox 103 2000 1795 2064; baseline -0.001 -15"><span class='ocrx_word' id='word_1_197' title='bbox 103 2003 338 2062; x_wconf 89' lang='lat' dir='ltr'>mortem,</span> <span class='ocrx_word' id='word_1_198' title='bbox 392 2003 628 2062; x_wconf 88' lang='lat' dir='ltr'>quoniam</span> <span class='ocrx_word' id='word_1_199' title='bbox 683 2017 808 2063; x_wconf 88' lang='lat' dir='ltr'>quae</span> <span class='ocrx_word' id='word_1_200' title='bbox 860 2003 1084 2064; x_wconf 90' lang='lat' dir='ltr'>superius</span> <span class='ocrx_word' id='word_1_201' title='bbox 1133 2002 1265 2049; x_wconf 87' lang='lat' dir='ltr'>dicta</span> <span class='ocrx_word' id='word_1_202' title='bbox 1311 2003 1427 2049; x_wconf 89' lang='lat' dir='ltr'>sunt</span> <span class='ocrx_word' id='word_1_203' title='bbox 1473 2000 1537 2048; x_wconf 90' lang='lat' dir='ltr'>ad</span> <span class='ocrx_word' id='word_1_204' title='bbox 1581 2001 1795 2048; x_wconf 86' lang='lat' dir='ltr'>viventis</span> 
     </span>
     <span class='ocr_line' id='line_1_26' title="bbox 31 2074 1794 2138; baseline -0.002 -12"><span class='ocrx_word' id='word_1_205' title='bbox 31 2092 80 2126; x_wconf 70' lang='lat'>25</span> <span class='ocrx_word' id='word_1_206' title='bbox 106 2074 296 2123; x_wconf 85' lang='lat' dir='ltr'>Priami</span> <span class='ocrx_word' id='word_1_207' title='bbox 356 2075 604 2124; x_wconf 86' lang='lat' dir='ltr'>cruciatus</span> <span class='ocrx_word' id='word_1_208' title='bbox 665 2077 919 2138; x_wconf 86' lang='lat' dir='ltr'>pertinent</span> <span class='ocrx_word' id='word_1_209' title='bbox 978 2075 1058 2124; x_wconf 84' lang='lat' dir='ltr'>vel</span> <span class='ocrx_word' id='word_1_210' title='bbox 1120 2077 1249 2123; x_wconf 88' lang='lat' dir='ltr'>certe</span> <span class='ocrx_word' id='word_1_211' title='bbox 1304 2091 1417 2123; x_wconf 89' lang='lat' dir='ltr'>cum</span> <span class='ocrx_word' id='word_1_212' title='bbox 1470 2074 1794 2124; x_wconf 83' lang='lat' dir='ltr'>occideretur:</span> 
     </span>
    </p>
   </div>
   <div class='ocr_carea' id='block_1_3' title="bbox 103 2191 459 2196">
    <p class='ocr_par' dir='ltr' id='par_1_3' title="bbox 103 2191 459 2196">
     <span class='ocr_line' id='line_1_27' title="bbox 103 2191 459 2196; baseline 0 0"><span class='ocrx_word' id='word_1_213' title='bbox 103 2191 459 2196; x_wconf 95' lang='lat' dir='ltr'> </span> 
     </span>
    </p>
   </div>
   <div class='ocr_carea' id='block_1_4' title="bbox 31 2251 1799 3020">
    <p class='ocr_par' dir='ltr' id='par_1_4' title="bbox 31 2251 1799 3020">
     <span class='ocr_line' id='line_1_28' title="bbox 223 2251 1794 2334; baseline 0.001 -31"><span class='ocrx_word' id='word_1_214' title='bbox 223 2264 338 2304; x_wconf 81' lang='lat'>4-5</span> <span class='ocrx_word' id='word_1_215' title='bbox 371 2251 492 2334; x_wconf 65' lang='lat' dir='ltr'>qaod</span> <span class='ocrx_word' id='word_1_216' title='bbox 522 2263 690 2316; x_wconf 77' lang='lat' dir='ltr'>fecerat</span> <span class='ocrx_word' id='word_1_217' title='bbox 711 2261 747 2304; x_wconf 92' lang='lat' dir='ltr'>L</span> <span class='ocrx_word' id='word_1_218' title='bbox 772 2262 884 2318; x_wconf 78' lang='lat' dir='ltr'>quid</span> <span class='ocrx_word' id='word_1_219' title='bbox 906 2261 941 2316; x_wconf 82' lang='lat' dir='ltr'>f.</span> <span class='ocrx_word' id='word_1_220' title='bbox 966 2261 1008 2304; x_wconf 82' lang='lat' dir='ltr'>R</span> <span class='ocrx_word' id='word_1_221' title='bbox 1031 2261 1229 2304; x_wconf 83' lang='lat' dir='ltr'>obscura</span> <span class='ocrx_word' id='word_1_222' title='bbox 1254 2260 1410 2305; x_wconf 89' lang='lat' dir='ltr'>adnot.</span> <span class='ocrx_word' id='word_1_223' title='bbox 1435 2275 1460 2303; x_wconf 92' lang='grc'>1</span> <span class='ocrx_word' id='word_1_224' title='bbox 1491 2273 1662 2316; x_wconf 86' lang='lat' dir='ltr'>quaere</span> <span class='ocrx_word' id='word_1_225' title='bbox 1686 2259 1794 2304; x_wconf 87' lang='lat' dir='ltr'>add.</span> 
     </span>
     <span class='ocr_line' id='line_1_29' title="bbox 104 2319 1795 2377; baseline -0.001 -13"><span class='ocrx_word' id='word_1_226' title='bbox 104 2320 155 2364; x_wconf 88' lang='lat' dir='ltr'>in</span> <span class='ocrx_word' id='word_1_227' title='bbox 185 2333 400 2377; x_wconf 84' lang='lat' dir='ltr'>marg.r.</span> <span class='ocrx_word' id='word_1_228' title='bbox 501 2325 527 2363; x_wconf 90' lang='grc'>6</span> <span class='ocrx_word' id='word_1_229' title='bbox 559 2321 672 2377; x_wconf 79' lang='lat' dir='ltr'>quia</span> <span class='ocrx_word' id='word_1_230' title='bbox 701 2320 737 2363; x_wconf 91' lang='lat' dir='ltr'>L</span> <span class='ocrx_word' id='word_1_231' title='bbox 769 2321 851 2376; x_wconf 77' lang='lat' dir='ltr'>qui</span> <span class='ocrx_word' id='word_1_232' title='bbox 879 2321 922 2364; x_wconf 84' lang='lat' dir='ltr'>R</span> <span class='ocrx_word' id='word_1_233' title='bbox 951 2320 1063 2376; x_wconf 79' lang='lat' dir='ltr'>quia</span> <span class='ocrx_word' id='word_1_234' title='bbox 1092 2334 1129 2373; x_wconf 87' lang='lat' dir='ltr'>r,</span> <span class='ocrx_word' id='word_1_235' title='bbox 1161 2319 1244 2362; x_wconf 86' lang='grc'>6611</span> <span class='ocrx_word' id='word_1_236' title='bbox 1275 2333 1306 2363; x_wconf 89' lang='lat' dir='ltr'>a</span> <span class='ocrx_word' id='word_1_237' title='bbox 1338 2319 1397 2363; x_wconf 85' lang='lat' dir='ltr'>ab</span> <span class='ocrx_word' id='word_1_238' title='bbox 1430 2319 1595 2364; x_wconf 85' lang='lat' dir='ltr'>eodem</span> <span class='ocrx_word' id='word_1_239' title='bbox 1626 2319 1795 2363; x_wconf 85' lang='lat' dir='ltr'>deleta.</span> 
     </span>
     <span class='ocr_line' id='line_1_30' title="bbox 197 2378 1734 2436; baseline 0 -14"><span class='ocrx_word' id='word_1_240' title='bbox 197 2383 222 2422; x_wconf 84' lang='grc'>7</span> <span class='ocrx_word' id='word_1_241' title='bbox 254 2380 408 2424; x_wconf 78' lang='lat' dir='ltr'>trunci</span> <span class='ocrx_word' id='word_1_242' title='bbox 438 2393 527 2424; x_wconf 92' lang='lat' dir='ltr'>om.</span> <span class='ocrx_word' id='word_1_243' title='bbox 554 2379 625 2424; x_wconf 86' lang='grc'>611.</span> <span class='ocrx_word' id='word_1_244' title='bbox 677 2381 683 2436; x_wconf 85' lang='grc' dir='ltr'>Ι</span> <span class='ocrx_word' id='word_1_245' title='bbox 733 2385 776 2424; x_wconf 84' lang='lat' dir='ltr'>et</span> <span class='ocrx_word' id='word_1_246' title='bbox 806 2393 894 2424; x_wconf 89' lang='lat' dir='ltr'>om.</span> <span class='ocrx_word' id='word_1_247' title='bbox 920 2379 991 2422; x_wconf 86' lang='lat' dir='ltr'>ed.</span> <span class='ocrx_word' id='word_1_248' title='bbox 1115 2383 1142 2423; x_wconf 91' lang='lat'>8</span> <span class='ocrx_word' id='word_1_249' title='bbox 1174 2380 1378 2435; x_wconf 76' lang='lat' dir='ltr'>inpresso</span> <span class='ocrx_word' id='word_1_250' title='bbox 1409 2378 1495 2422; x_wconf 85' lang='lat' dir='ltr'>LR</span> <span class='ocrx_word' id='word_1_251' title='bbox 1526 2379 1556 2422; x_wconf 90' lang='lat' dir='ltr'>i.</span> <span class='ocrx_word' id='word_1_252' title='bbox 1589 2379 1632 2422; x_wconf 87' lang='lat' dir='ltr'>ei</span> <span class='ocrx_word' id='word_1_253' title='bbox 1663 2379 1734 2422; x_wconf 88' lang='lat' dir='ltr'>ed.</span> 
     </span>
     <span class='ocr_line' id='line_1_31' title="bbox 34 2438 1798 2495; baseline 0 -14"><span class='ocrx_word' id='word_1_254' title='bbox 34 2454 35 2459; x_wconf 49' lang='lat'>¹</span> <span class='ocrx_word' id='word_1_255' title='bbox 105 2442 132 2481; x_wconf 83' lang='lat'>9</span> <span class='ocrx_word' id='word_1_256' title='bbox 165 2439 402 2483; x_wconf 75' lang='lat' dir='ltr'>abscondit</span> <span class='ocrx_word' id='word_1_257' title='bbox 430 2438 518 2482; x_wconf 89' lang='lat' dir='ltr'>LR</span> <span class='ocrx_word' id='word_1_258' title='bbox 549 2439 728 2483; x_wconf 86' lang='lat' dir='ltr'>abdidit</span> <span class='ocrx_word' id='word_1_259' title='bbox 759 2438 830 2483; x_wconf 85' lang='lat' dir='ltr'>ed.</span> <span class='ocrx_word' id='word_1_260' title='bbox 955 2442 1008 2482; x_wconf 90' lang='lat'>11</span> <span class='ocrx_word' id='word_1_261' title='bbox 1042 2439 1195 2495; x_wconf 77' lang='lat' dir='ltr'>inquit</span> <span class='ocrx_word' id='word_1_262' title='bbox 1224 2452 1312 2482; x_wconf 89' lang='lat' dir='ltr'>om.</span> <span class='ocrx_word' id='word_1_263' title='bbox 1338 2438 1410 2482; x_wconf 87' lang='lat' dir='ltr'>ed.</span> <span class='ocrx_word' id='word_1_264' title='bbox 1528 2442 1581 2481; x_wconf 83' lang='lat'>12</span> <span class='ocrx_word' id='word_1_265' title='bbox 1615 2438 1798 2482; x_wconf 79' lang='lat' dir='ltr'>dixerat</span> 
     </span>
     <span class='ocr_line' id='line_1_32' title="bbox 106 2496 1797 2556; baseline -0.001 -15"><span class='ocrx_word' id='word_1_266' title='bbox 106 2497 142 2541; x_wconf 83' lang='lat' dir='ltr'>L</span> <span class='ocrx_word' id='word_1_267' title='bbox 173 2499 295 2542; x_wconf 81' lang='lat' dir='ltr'>dixit</span> <span class='ocrx_word' id='word_1_268' title='bbox 323 2497 366 2540; x_wconf 81' lang='lat' dir='ltr'>R</span> <span class='ocrx_word' id='word_1_269' title='bbox 396 2498 467 2542; x_wconf 85' lang='lat' dir='ltr'>ed.</span> <span class='ocrx_word' id='word_1_270' title='bbox 575 2502 629 2542; x_wconf 84' lang='lat'>14</span> <span class='ocrx_word' id='word_1_271' title='bbox 661 2499 764 2556; x_wconf 81' lang='lat' dir='ltr'>quis</span> <span class='ocrx_word' id='word_1_272' title='bbox 794 2499 966 2542; x_wconf 80' lang='lat' dir='ltr'>exitum</span> <span class='ocrx_word' id='word_1_273' title='bbox 996 2497 1083 2540; x_wconf 90' lang='lat' dir='ltr'>LR</span> <span class='ocrx_word' id='word_1_274' title='bbox 1112 2498 1186 2542; x_wconf 81' lang='lat' dir='ltr'>hie</span> <span class='ocrx_word' id='word_1_275' title='bbox 1215 2499 1365 2542; x_wconf 79' lang='lat' dir='ltr'>eaeitus</span> <span class='ocrx_word' id='word_1_276' title='bbox 1394 2512 1418 2540; x_wconf 89' lang='lat' dir='ltr'>r</span> <span class='ocrx_word' id='word_1_277' title='bbox 1448 2497 1535 2551; x_wconf 87' lang='lat' dir='ltr'>ed.,</span> <span class='ocrx_word' id='word_1_278' title='bbox 1569 2496 1695 2552; x_wconf 87' lang='lat' dir='ltr'>quod</span> <span class='ocrx_word' id='word_1_279' title='bbox 1724 2509 1797 2540; x_wconf 88' lang='grc'>16-</span> 
     </span>
     <span class='ocr_line' id='line_1_33' title="bbox 105 2555 1734 2613; baseline -0.001 -13"><span class='ocrx_word' id='word_1_280' title='bbox 105 2556 232 2613; x_wconf 88' lang='lat' dir='ltr'>cepi,</span> <span class='ocrx_word' id='word_1_281' title='bbox 279 2557 392 2612; x_wconf 89' lang='lat' dir='ltr'>quia</span> <span class='ocrx_word' id='word_1_282' title='bbox 438 2555 558 2600; x_wconf 87' lang='lat' dir='ltr'>illud</span> <span class='ocrx_word' id='word_1_283' title='bbox 604 2559 653 2602; x_wconf 89' lang='lat' dir='ltr'>et</span> <span class='ocrx_word' id='word_1_284' title='bbox 695 2559 845 2601; x_wconf 89' lang='lat' dir='ltr'>metro</span> <span class='ocrx_word' id='word_1_285' title='bbox 899 2556 1165 2600; x_wconf 82' lang='lat' dir='ltr'>excluditur</span> <span class='ocrx_word' id='word_1_286' title='bbox 1210 2558 1258 2601; x_wconf 88' lang='lat' dir='ltr'>et</span> <span class='ocrx_word' id='word_1_287' title='bbox 1304 2555 1549 2600; x_wconf 86' lang='lat' dir='ltr'>intellectu</span> <span class='ocrx_word' id='word_1_288' title='bbox 1594 2556 1734 2599; x_wconf 83' lang='lat' dir='ltr'>caret.</span> 
     </span>
     <span class='ocr_line' id='line_1_34' title="bbox 31 2615 1795 2678; baseline -0.001 -19"><span class='ocrx_word' id='word_1_289' title='bbox 31 2651 45 2678; x_wconf 39' lang='grc' dir='ltr'><strong>λ</strong></span> <span class='ocrx_word' id='word_1_290' title='bbox 109 2619 283 2659; x_wconf 80' lang='grc'>17-18</span> <span class='ocrx_word' id='word_1_291' title='bbox 314 2621 535 2660; x_wconf 75' lang='lat' dir='ltr'>retentum</span> <span class='ocrx_word' id='word_1_292' title='bbox 565 2622 629 2661; x_wconf 85' lang='lat' dir='ltr'>tot</span> <span class='ocrx_word' id='word_1_293' title='bbox 657 2618 853 2661; x_wconf 77' lang='lat' dir='ltr'>saeculis</span> <span class='ocrx_word' id='word_1_294' title='bbox 883 2615 970 2659; x_wconf 83' lang='lat' dir='ltr'>LR</span> <span class='ocrx_word' id='word_1_295' title='bbox 1000 2621 1095 2660; x_wconf 83' lang='lat' dir='ltr'>tam</span> <span class='ocrx_word' id='word_1_296' title='bbox 1124 2616 1409 2660; x_wconf 77' lang='lat' dir='ltr'>diutwmum·</span> <span class='ocrx_word' id='word_1_297' title='bbox 1429 2615 1501 2660; x_wconf 85' lang='lat' dir='ltr'>ed.</span> <span class='ocrx_word' id='word_1_298' title='bbox 1632 2618 1686 2658; x_wconf 82' lang='lat'>19</span> <span class='ocrx_word' id='word_1_299' title='bbox 1718 2615 1795 2658; x_wconf 86' lang='lat' dir='ltr'>do·-</span> 
     </span>
     <span class='ocr_line' id='line_1_35' title="bbox 32 2674 1798 2732; baseline -0.001 -13"><span class='ocrx_word' id='word_1_300' title='bbox 32 2678 41 2707; x_wconf 13' lang='lat'>&#39;17</span> <span class='ocrx_word' id='word_1_301' title='bbox 106 2674 244 2720; x_wconf 71' lang='lat' dir='ltr'>lenda</span> <span class='ocrx_word' id='word_1_302' title='bbox 274 2675 362 2718; x_wconf 83' lang='lat' dir='ltr'>LR</span> <span class='ocrx_word' id='word_1_303' title='bbox 392 2675 464 2720; x_wconf 88' lang='lat' dir='ltr'>ed.</span> <span class='ocrx_word' id='word_1_304' title='bbox 497 2675 741 2720; x_wconf 74' lang='lat' dir='ltr'>dolemlum</span> <span class='ocrx_word' id='word_1_305' title='bbox 771 2688 869 2718; x_wconf 83' lang='lat' dir='ltr'>nos.</span> <span class='ocrx_word' id='word_1_306' title='bbox 928 2677 934 2732; x_wconf 92' lang='grc' dir='ltr'>Ι</span> <span class='ocrx_word' id='word_1_307' title='bbox 990 2676 1186 2719; x_wconf 76' lang='lat' dir='ltr'>cerneris</span> <span class='ocrx_word' id='word_1_308' title='bbox 1214 2674 1302 2718; x_wconf 87' lang='lat' dir='ltr'>LR</span> <span class='ocrx_word' id='word_1_309' title='bbox 1331 2687 1532 2720; x_wconf 76' lang='lat' dir='ltr'>cerneres</span> <span class='ocrx_word' id='word_1_310' title='bbox 1560 2688 1584 2717; x_wconf 89' lang='lat'>1·</span> <span class='ocrx_word' id='word_1_311' title='bbox 1612 2686 1798 2718; x_wconf 73' lang='lat' dir='ltr'>cernens</span> 
     </span>
     <span class='ocr_line' id='line_1_36' title="bbox 108 2733 1796 2792; baseline -0.002 -14"><span class='ocrx_word' id='word_1_312' title='bbox 108 2734 180 2778; x_wconf 77' lang='lat' dir='ltr'>ed..</span> <span class='ocrx_word' id='word_1_313' title='bbox 204 2748 310 2778; x_wconf 79' lang='lat' dir='ltr'>nos:</span> <span class='ocrx_word' id='word_1_314' title='bbox 343 2734 411 2778; x_wconf 83' lang='lat' dir='ltr'>sic</span> <span class='ocrx_word' id='word_1_315' title='bbox 441 2733 688 2792; x_wconf 83' lang='lat' dir='ltr'>intellego:</span> <span class='ocrx_word' id='word_1_316' title='bbox 722 2734 762 2778; x_wconf 89' lang='grc'>61</span> <span class='ocrx_word' id='word_1_317' title='bbox 793 2733 899 2790; x_wconf 82' lang='lat' dir='ltr'>quis</span> <span class='ocrx_word' id='word_1_318' title='bbox 924 2733 1039 2790; x_wconf 89' lang='lat' dir='ltr'>quid</span> <span class='ocrx_word' id='word_1_319' title='bbox 1061 2733 1185 2778; x_wconf 87' lang='lat' dir='ltr'>male</span> <span class='ocrx_word' id='word_1_320' title='bbox 1210 2733 1273 2778; x_wconf 79' lang='lat' dir='ltr'>sit</span> <span class='ocrx_word' id='word_1_321' title='bbox 1296 2733 1550 2778; x_wconf 87' lang='lat' dir='ltr'>dolendum</span> <span class='ocrx_word' id='word_1_322' title='bbox 1572 2733 1796 2787; x_wconf 82' lang='lat' dir='ltr'>cerneret,</span> 
     </span>
     <span class='ocr_line' id='line_1_37' title="bbox 43 2790 1798 2851; baseline -0.002 -14"><span class='ocrx_word' id='word_1_323' title='bbox 43 2822 47 2826; x_wconf 66' lang='grc'><strong><em>«</em></strong></span> <span class='ocrx_word' id='word_1_324' title='bbox 105 2805 202 2837; x_wconf 84' lang='grc'>11011</span> <span class='ocrx_word' id='word_1_325' title='bbox 233 2795 455 2850; x_wconf 77' lang='lat' dir='ltr'>speraret.</span> <span class='ocrx_word' id='word_1_326' title='bbox 578 2798 636 2838; x_wconf 84' lang='lat'>20</span> <span class='ocrx_word' id='word_1_327' title='bbox 667 2795 763 2838; x_wconf 86' lang='lat' dir='ltr'>iam</span> <span class='ocrx_word' id='word_1_328' title='bbox 793 2794 972 2849; x_wconf 77' lang='lat' dir='ltr'>iamque</span> <span class='ocrx_word' id='word_1_329' title='bbox 1002 2793 1090 2836; x_wconf 83' lang='lat' dir='ltr'>LR</span> <span class='ocrx_word' id='word_1_330' title='bbox 1120 2807 1204 2850; x_wconf 80' lang='lat' dir='ltr'>que</span> <span class='ocrx_word' id='word_1_331' title='bbox 1234 2806 1324 2837; x_wconf 90' lang='lat' dir='ltr'>om.</span> <span class='ocrx_word' id='word_1_332' title='bbox 1349 2792 1422 2837; x_wconf 87' lang='lat' dir='ltr'>ed.</span> <span class='ocrx_word' id='word_1_333' title='bbox 1458 2792 1466 2851; x_wconf 84' lang='grc' dir='ltr'>Ι</span> <span class='ocrx_word' id='word_1_334' title='bbox 1499 2792 1680 2849; x_wconf 76' lang='lat' dir='ltr'>deyente</span> <span class='ocrx_word' id='word_1_335' title='bbox 1710 2790 1798 2834; x_wconf 81' lang='lat' dir='ltr'>LR</span> 
     </span>
     <span class='ocr_line' id='line_1_38' title="bbox 109 2851 1799 2910; baseline -0.001 -14"><span class='ocrx_word' id='word_1_336' title='bbox 109 2853 340 2897; x_wconf 76' lang='lat' dir='ltr'>decedente</span> <span class='ocrx_word' id='word_1_337' title='bbox 368 2867 393 2896; x_wconf 90' lang='grc'>1</span> <span class='ocrx_word' id='word_1_338' title='bbox 423 2853 653 2908; x_wconf 70' lang='lat' dir='ltr'>deficiente</span> <span class='ocrx_word' id='word_1_339' title='bbox 683 2853 754 2896; x_wconf 85' lang='lat' dir='ltr'>ed.</span> <span class='ocrx_word' id='word_1_340' title='bbox 870 2856 926 2895; x_wconf 85' lang='lat'>21</span> <span class='ocrx_word' id='word_1_341' title='bbox 959 2857 1136 2910; x_wconf 64' lang='lat' dir='ltr'>regerat</span> <span class='ocrx_word' id='word_1_342' title='bbox 1164 2851 1253 2904; x_wconf 78' lang='lat' dir='ltr'>LR</span> <span class='ocrx_word' id='word_1_343' title='bbox 1278 2852 1355 2896; x_wconf 82' lang='lat' dir='ltr'>ed.</span> <span class='ocrx_word' id='word_1_344' title='bbox 1387 2855 1566 2896; x_wconf 76' lang='lat' dir='ltr'>rexerat</span> <span class='ocrx_word' id='word_1_345' title='bbox 1594 2865 1618 2894; x_wconf 87' lang='lat' dir='ltr'>r</span> <span class='ocrx_word' id='word_1_346' title='bbox 1647 2854 1799 2907; x_wconf 77' lang='lat' dir='ltr'>eyerat</span> 
     </span>
     <span class='ocr_line' id='line_1_39' title="bbox 45 2908 1736 2968; baseline 0.001 -17"><span class='ocrx_word' id='word_1_347' title='bbox 45 2946 58 2951; x_wconf 84' lang='lat'>..</span> <span class='ocrx_word' id='word_1_348' title='bbox 107 2912 222 2955; x_wconf 77' lang='grc'>1106.-</span> <span class='ocrx_word' id='word_1_349' title='bbox 322 2915 379 2954; x_wconf 79' lang='lat'>24</span> <span class='ocrx_word' id='word_1_350' title='bbox 406 2925 525 2968; x_wconf 65' lang='lat' dir='ltr'>&gt;quae</span> <span class='ocrx_word' id='word_1_351' title='bbox 555 2925 645 2956; x_wconf 89' lang='lat' dir='ltr'>om.</span> <span class='ocrx_word' id='word_1_352' title='bbox 677 2916 787 2957; x_wconf 80' lang='lat' dir='ltr'>swnt</span> <span class='ocrx_word' id='word_1_353' title='bbox 816 2911 920 2968; x_wconf 76' lang='lat' dir='ltr'>ipse</span> <span class='ocrx_word' id='word_1_354' title='bbox 950 2911 1177 2968; x_wconf 79' lang='lat' dir='ltr'>expunxit</span> <span class='ocrx_word' id='word_1_355' title='bbox 1206 2911 1260 2955; x_wconf 84' lang='lat' dir='ltr'>R.</span> <span class='ocrx_word' id='word_1_356' title='bbox 1289 2913 1297 2968; x_wconf 82' lang='grc' dir='ltr'>Ι</span> <span class='ocrx_word' id='word_1_357' title='bbox 1323 2910 1520 2956; x_wconf 72' lang='lat' dir='ltr'>viventis</span> <span class='ocrx_word' id='word_1_358' title='bbox 1549 2923 1639 2953; x_wconf 87' lang='lat' dir='ltr'>om.</span> <span class='ocrx_word' id='word_1_359' title='bbox 1663 2908 1736 2953; x_wconf 84' lang='lat' dir='ltr'>ed.</span> 
     </span>
     <span class='ocr_line' id='line_1_40' title="bbox 106 2970 887 3020; baseline 0.001 -7"><span class='ocrx_word' id='word_1_360' title='bbox 106 2973 165 3013; x_wconf 87' lang='grc'>25</span> <span class='ocrx_word' id='word_1_361' title='bbox 197 2971 468 3015; x_wconf 68' lang='lat' dir='ltr'>muciantwr</span> <span class='ocrx_word' id='word_1_362' title='bbox 494 2970 539 3014; x_wconf 81' lang='lat' dir='ltr'>R</span> <span class='ocrx_word' id='word_1_363' title='bbox 567 2972 822 3016; x_wconf 74' lang='lat' dir='ltr'>cruciatum</span> <span class='ocrx_word' id='word_1_364' title='bbox 851 2985 887 3020; x_wconf 71' lang='lat' dir='ltr'>t.</span> 
     </span>
    </p>
   </div>
   <div class='ocr_carea' id='block_1_5' title="bbox 198 3047 1441 3094">
    <p class='ocr_par' dir='ltr' id='par_1_5' title="bbox 198 3047 1441 3094">
     <span class='ocr_line' id='line_1_41' title="bbox 198 3047 1441 3094; baseline 0.002 -10"><span class='ocrx_word' id='word_1_365' title='bbox 198 3052 296 3085; x_wconf 81' lang='lat' dir='ltr'>Don.</span> <span class='ocrx_word' id='word_1_366' title='bbox 320 3052 478 3092; x_wconf 77' lang='lat' dir='ltr'>interpr.</span> <span class='ocrx_word' id='word_1_367' title='bbox 500 3053 613 3094; x_wconf 76' lang='lat' dir='ltr'>Vox-g.</span> <span class='ocrx_word' id='word_1_368' title='bbox 652 3053 727 3085; x_wconf 79' lang='lat' dir='ltr'>vol.</span> <span class='ocrx_word' id='word_1_369' title='bbox 750 3053 782 3085; x_wconf 88' lang='grc' dir='ltr'>Ι.</span> <span class='ocrx_word' id='word_1_370' title='bbox 1386 3047 1441 3087; x_wconf 83' lang='grc'>15</span> 
     </span>
    </p>
   </div>
   <div class='ocr_carea' id='block_1_6' title="bbox 27 2702 63 3226">
    <p class='ocr_par' dir='ltr' id='par_1_6' title="bbox 27 2702 63 3226">
     <span class='ocr_line' id='line_1_42' title="bbox 27 2702 63 3226; baseline 0 0"><span class='ocrx_word' id='word_1_371' title='bbox 27 2702 63 3226; x_wconf 95' lang='lat' dir='ltr'> </span> 
     </span>
    </p>
   </div>
  </div>
 </body>
</html>
