2014 3226
811 203 1113 249 AENEIDOS
1146 205 1208 248 IV
1745 211 1851 261 415

165 359 282 390 nam
322 342 596 390 defendisse
636 346 710 390 est
750 343 896 390 occisi
936 347 1141 391 mortem
1183 346 1435 406 praedam,
1466 351 1668 408 propter
1707 364 1853 409 quam

165 419 413 464 mactatus
461 419 556 475 est,
604 415 889 464 abstulisse:
946 434 1042 478 quo
1090 420 1139 464 in
1189 420 1320 466 facto
1367 419 1662 483 Pygmalion
1709 421 1854 468 homo

165 490 438 552 profundae
487 490 729 537 avaritiae
778 494 826 537 et
871 507 983 538 reus
1030 494 1267 541 remansit
1312 496 1360 540 et
1398 509 1598 555 pauper.
1669 509 1854 554 poenas

165 565 359 612 inimico
406 579 438 611 a
482 564 640 623 fratrc
684 566 864 623 recepi:
924 565 1034 625 ipsa
1080 566 1177 612 fuit
1225 582 1384 628 poena
1430 567 1644 614 deterior
1690 573 1744 615 ut
1784 571 1852 615 vi-

120 656 140 687 5
164 639 303 686 veret
348 653 436 685 nec
481 637 688 685 haberet
734 637 866 699 quod
912 655 1000 699 per
1046 639 1201 687 scelus
1250 656 1299 687 se
1348 641 1622 688 crediderat
1661 644 1854 702 quaesi·

165 713 308 759 visse.
388 711 559 759 definit
613 711 737 772 quid
791 713 856 759 sit
911 714 1065 759 statui
1121 717 1169 760 et
1217 714 1333 774 quid
1382 716 1447 762 sit
1493 715 1688 774 ulcisci,
1736 715 1852 777 quid

164 801 348 847 poenas
395 786 650 847 recepisse.
736 800 799 831 an
848 789 1082 847 putamus
1130 803 1240 834 eum
1291 803 1389 835 non
1446 788 1697 835 adflictum
1751 804 1853 836 esse

164 859 425 907 tormentis
466 859 635 920 animi,
676 859 808 921 quod
846 859 989 906 illum
1029 860 1207 920 ipsum,
1246 878 1306 907 ne
1347 862 1619 909 mercedem
1658 863 1853 910 sceleris

165 936 377 995 caperet,
417 934 603 980 femina
640 931 1011 995 praevenisset?
1073 935 1174 981 iam
1213 935 1350 981 venit
1389 935 1450 981 ad
1489 950 1687 983 causam
1727 951 1852 997 quae

98 1026 141 1057 10
166 1023 275 1055 eam
322 1007 515 1069 decepit
562 1010 611 1055 et
655 1007 784 1054 hanc
829 1023 965 1055 more
1018 1007 1223 1054 humani
1276 1009 1463 1071 ingenii
1509 1025 1606 1056 non
1661 1010 1853 1057 actibus

165 1082 266 1130 suis
304 1081 526 1143 inputat,
567 1081 652 1128 sed
691 1082 942 1129 fortunae:
991 1082 1128 1141 felix,
1167 1083 1258 1129 heu
1296 1084 1501 1130 nimium
1538 1084 1676 1142 felix,
1714 1085 1760 1131 si
1796 1084 1854 1130 li-

165 1159 270 1203 tora
303 1158 491 1203 tantum
520 1169 789 1215 numquam
820 1155 1114 1203 Dardaniae
1147 1157 1403 1215 (etim-<sent
1436 1160 1601 1204 nostra
1640 1158 1852 1205 carinae.

163 1229 380 1290 duraret,
417 1228 597 1290 inquit,
638 1229 790 1276 etiam
829 1244 958 1276 nunc
997 1231 1300 1291 prosperitas
1341 1232 1524 1290 nostra,
1557 1230 1598 1277 si
1630 1230 1722 1277 fati
1754 1232 1853 1278 mei

163 1318 267 1352 sors
315 1303 644 1351 Troianorum
697 1319 797 1351 non
850 1303 1139 1351 incurrisset
1193 1303 1460 1351 adventum
1515 1308 1564 1351 et
1614 1305 1656 1351 si
1702 1304 1852 1352 litora

96 1395 138 1427 15
162 1379 360 1425 tantum
411 1393 684 1438 numquam
738 1377 1022 1424 Dardaniae
1076 1378 1359 1440 tetigissent
1418 1382 1588 1425 nostra
1642 1378 1850 1425 carinae.

163 1451 285 1499 dixit
323 1454 367 1499 et
402 1465 456 1499 os
493 1453 718 1511 inpressa
757 1454 858 1499 toro
896 1453 1159 1498 moriemur
1196 1451 1394 1507 inultae,
1431 1451 1515 1498 scd
1555 1453 1835 1507 moriamur,
1854 1455 1940 1495 660

163 1526 247 1581 ait,
287 1527 369 1581 sie,
409 1526 478 1573 sic
515 1526 655 1572 iuvat
690 1526 762 1573 ire
792 1526 881 1573 sub
913 1526 1137 1573 umbras:
1175 1529 1290 1586 post
1320 1527 1640 1585 transactam,
1671 1526 1850 1586 inquit,

162 1598 376 1647 feliciter
414 1601 594 1660 vitam,
642 1602 757 1661 post
795 1601 1041 1647 statutam
1078 1599 1271 1659 urbem,
1312 1601 1427 1661 post
1463 1614 1646 1660 poenas
1685 1614 1850 1660 repor-

161 1675 295 1721 tatas
335 1689 393 1721 ex
431 1673 587 1721 fratre
629 1674 763 1721 solus
803 1673 945 1721 dolor
984 1675 1059 1720 est
1098 1672 1231 1734 quod
1267 1689 1346 1720 me
1383 1672 1437 1719 in
1475 1674 1724 1734 praesenti
1770 1672 1850 1720 de-

95 1764 138 1797 so
161 1747 359 1795 fendere
390 1763 490 1795 non
520 1749 678 1810 potui.
737 1748 923 1809 plurali
954 1762 1156 1795 numero
1189 1746 1314 1794 dixit
1343 1747 1611 1794 moriemur
1647 1746 1851 1805 inultae,

161 1822 242 1869 vel
289 1823 407 1884 quia
454 1836 566 1869 oum
611 1821 832 1870 vestibus
879 1821 959 1869 vel
1008 1822 1125 1883 quia
1172 1822 1325 1868 etiam
1372 1835 1483 1867 cum
1529 1820 1622 1867 soli
1660 1818 1851 1880 aliquid

161 1895 356 1943 faciunt
378 1898 468 1944 aut
498 1895 683 1957 dieunt,
706 1896 953 1958 pluralem
986 1895 1146 1943 solent
1178 1894 1273 1942 sibi
1303 1910 1560 1941 numerum
1585 1893 1849 1941 vindicare.

160 1968 260 2017 fixa
298 1985 415 2034 ergo
454 1970 579 2018 facie
617 1969 671 2017 in
709 1971 899 2030 torum,
942 1970 1080 2017 cuius
1121 1968 1279 2017 adhuc
1319 1967 1516 2015 adfectu
1555 1969 1707 2015 etiam
1748 1982 1848 2014 mo-

161 2044 322 2092 ritura
366 2044 651 2104 tenebatur,
698 2043 826 2091 dixit
872 2042 1067 2092 etiamsi
1111 2043 1301 2090 inultae
1355 2043 1615 2100 morimur,
1669 2042 1849 2101 tamen,

30 2181 34 2184 ῃ
93 2133 137 2166 25
163 2117 399 2179 quoniam
443 2118 536 2166 hoc
583 2118 802 2180 expedit,
848 2118 1142 2178 moriamur3
1204 2117 1295 2176 sic,
1342 2115 1411 2163 sic
1455 2117 1598 2163 iuvat
1642 2114 1715 2162 ire
1760 2113 1850 2162 sub

161 2191 381 2240 umbras:
428 2192 606 2241 melius
646 2195 742 2255 est,
780 2192 968 2254 inquit,
1006 2191 1219 2238 inultam
1256 2191 1385 2237 mori
1424 2205 1573 2251 quam
1611 2188 1851 2236 ultionem

64 2327 67 2329 Α
162 2281 396 2326 quaerere
435 2281 564 2328 quae
602 2267 864 2328 provenire
902 2281 1002 2314 non
1032 2265 1191 2327 possit
1221 2266 1272 2312 et
1302 2262 1624 2312 deterioribus
1657 2260 1849 2310 casibus

283 2427 304 2464 1
346 2427 412 2466 est
447 2423 558 2478 post
595 2426 776 2466 mortem
815 2422 1046 2477 transpos.
1079 2419 1150 2464 ed.
1305 2422 1329 2461 7
1362 2433 1427 2462 an
1458 2417 1545 2461 LR
1575 2422 1657 2461 aut
1686 2415 1758 2459 ed.

163 2484 218 2524 10
248 2481 368 2524 hanc
397 2480 484 2524 LR
513 2482 596 2526 hoc
626 2481 735 2524 edF.
883 2484 936 2523 13
967 2479 1061 2535 sati
1092 2478 1179 2522 LR
1207 2478 1323 2533 facti
1353 2477 1424 2521 ed.
1569 2479 1624 2519 16
1654 2475 1735 2518 hos
1763 2487 1846 2530 pro

160 2553 209 2584 os
231 2539 281 2584 L.
437 2544 492 2584 19
522 2540 618 2585 solo
649 2539 736 2583 LR
765 2540 890 2584 solus
917 2552 943 2581 r
973 2538 1045 2582 ed.
1197 2541 1252 2581 21
1285 2537 1354 2582 vel
1383 2536 1495 2592 quia
1524 2549 1625 2579 cum
1654 2532 1848 2578 vestibus

160 2599 298 2643 etiam
327 2598 416 2642 LR
453 2600 522 2644 vel
561 2613 648 2643 om.
675 2599 771 2654 ed.‚
811 2597 895 2642 sed
934 2596 1133 2641 alterum
1170 2595 1330 2654 potius
1366 2595 1435 2639 vel
1472 2594 1584 2651 quia
1621 2590 1847 2637 excidisse

158 2659 295 2714 patet
325 2657 544 2715 (alterum
575 2659 644 2703 vel
673 2658 771 2702 iam
799 2672 825 2701 r
853 2655 1081 2758 inseruit}
1229 2659 1284 2698 22
1310 2654 1539 2711 plwralem
1570 2651 1656 2694 LR
1678 2650 1746 2707 pl.
1776 2662 1846 2694 so-

159 2717 252 2762 lent
289 2716 332 2760 r'
372 2718 518 2762 solent
553 2719 663 2774 post
699 2717 936 2761 vindicem-e
975 2715 1037 2759 ad
1073 2748 1084 2758 .
1109 2714 1180 2758 ed.
1333 2717 1388 2756 23
1419 2712 1540 2767 facie
1569 2710 1655 2753 LR
1682 2710 1718 2764 f.
1749 2712 1848 2753 erat

119 2795 121 2797 ·
160 2775 231 2819 ed.
267 2775 275 2834 Ι
317 2777 370 2821 in
401 2780 550 2821 torwm
581 2776 618 2819 L
656 2777 710 2820 in
739 2781 837 2820 toro
867 2774 922 2819 R.
1073 2778 1132 2817 24
1162 2773 1372 2818 tenebant
1401 2770 1444 2815 R
1481 2783 1593 2814 corr.
1625 2782 1649 2811 r
1671 2788 1727 2805 =
1750 2766 1799 2811 L.
1835 2766 1843 2824 Ι

158 2835 203 2879 si
232 2848 319 2879 om.
347 2834 418 2879 ed.
572 2839 628 2879 26
659 2835 859 2879 inultam
897 2834 946 2891 (a
977 2845 1201 2890 superscr.
1232 2830 1255 2874 1
1283 2831 1425 2886 man.)
1456 2827 1492 2872 L
1530 2829 1583 2871 iot
1611 2826 1775 2871 ultima
1804 2825 1847 2869 R.

160 2906 274 2938 corr.
306 2908 332 2938 ι·
355 2916 411 2931 =
434 2893 470 2937 L
503 2908 571 2939 me
601 2894 799 2939 inultam
831 2892 903 2936 ed.
1056 2895 1111 2935 27
1137 2891 1285 2948 possit
1313 2889 1399 2933 LR
1430 2901 1479 2945 p.
1511 2892 1554 2931 et
1582 2900 1607 2929 r
1635 2885 1843 2952 ed3nos:

159 2951 209 2996 in
238 2952 454 3010 margine
486 2952 631 2997 aliam
660 2951 894 2996 medelam
923 2949 1170 3008 proposuit
1189 2949 1224 2993 r'
1252 2947 1314 2992 ad
1337 2959 1548 3005 quaerere
1577 2943 1845 3011 adscribens

162 3010 264 3067 „vel
295 3012 598 3069 quaerendo“‚
630 3023 752 3068 quse
783 3010 824 3054 si
853 3009 1008 3068 magis
1032 3009 1220 3067 placeat
1240 3006 1333 3062 via,
1356 3008 1640 3063 quaerentem
1667 3000 1843 3047 malm.
