2014 3226
810 163 1114 208 AENEIDos
1147 164 1189 207 11
1741 166 1845 217 221

158 305 332 351 Politis
380 303 618 366 sanguine
668 305 833 351 anima
882 320 1077 365 quoque
1125 320 1235 352 cum
1281 305 1389 366 ipso
1430 308 1722 366 consumpta
1762 310 1848 353 est.

159 393 266 426 ecce
306 379 507 425 fortuna
546 377 737 424 Priami
776 381 825 424 et
866 378 1047 438 fatum,
1088 378 1227 426 cuius
1268 394 1416 427 causa
1454 380 1642 427 factum
1683 383 1755 426 est
1796 382 1851 426 ut

158 451 292 498 filius
332 453 438 498 eius
478 451 698 498 letaliter
735 467 994 512 percussus
1034 453 1210 499 vicerit
1250 453 1498 500 valentem
1536 453 1752 513 hostem,
1793 456 1851 500 ut

159 529 272 573 ante
321 525 489 573 oculos
535 527 725 586 patrios
774 525 982 572 caderet.
1059 527 1134 574 hie
1172 528 1418 581 Priamus,
1463 541 1759 587 quamquam
1797 529 1852 574 in

114 619 132 647 ⁵
158 600 317 647 'media
370 601 472 646 iam
525 602 674 646 morte
727 602 932 655 tenetur,
987 614 1082 646 ‘non
1132 604 1288 647 tamen
1339 602 1573 648 abstinuit
1615 616 1702 649 nec
1750 602 1852 648 ‘coci

157 676 354 733 iraeque
382 675 621 733 pepercit.-
660 688 768 721 ecce
800 675 1005 721 inventa
1038 676 1111 720 est
1144 675 1397 735 quaesitae
1430 676 1604 722 mortis
1637 675 1851 723 occasio:

158 763 246 795 nec
285 747 503 808 Pyrrhus
542 748 709 809 potuit
740 747 936 795 Politen
976 750 1198 795 saucium
1237 750 1380 796 fortis
1422 753 1472 796 et
1509 749 1680 797 valens
1713 750 1854 810 sequi

159 822 427 884 fugientem
476 837 565 868 nec
613 838 702 882 per
747 822 899 884 longa
947 823 1112 883 spatia
1161 826 1437 870 currentem
1485 823 1613 870 alius
1656 838 1851 884 percus-

160 911 239 943 sor
286 897 497 957 excepit3
552 898 716 942 totum
763 897 895 943 enim
945 896 1146 942 fortuna
1198 900 1482 944 servaverat
1528 896 1750 958 Priamo,
1795 899 1855 943 ut

93 989 134 1020 1ο
160 983 331 1016 causa-s
370 970 544 1017 mortis
587 985 709 1030 quas
751 969 1019 1031 quaerebat
1058 971 1345 1018 incurreret.
1416 971 1626 1032 denique
1665 972 1853 1019 factum

161 1045 253 1102 est3
318 1060 434 1090 nam
489 1044 731 1091 excitatus
786 1044 924 1091 luctu
979 1047 1030 1091 et
1085 1045 1354 1092 acerbitate
1417 1046 1591 1093 mortis
1653 1045 1726 1092 fili
1778 1046 1853 1092 in-

161 1118 435 1165 manissimi
480 1117 638 1165 hostis
683 1119 842 1165 feram
879 1120 1114 1165 naturam
1150 1119 1428 1166 maledictis
1467 1120 1520 1165 in
1559 1135 1610 1167 se
1650 1118 1854 1167 durissi-

159 1192 252 1239 mis
284 1191 602 1253 provocabat.
665 1190 748 1252 [at
785 1193 870 1239 tibi
898 1206 996 1251 pro
1035 1193 1221 1248 scelere,
1261 1193 1509 1248 exclamat,
1534 1207 1628 1253 pro
1662 1194 1842 1241 talibus
1858 1197 1943 1236 535

21 1311 38 1334 ὁ
162 1264 326 1327 ausis]
372 1267 465 1320 dii,
504 1267 694 1327 inquit,
738 1268 882 1326 siqua
921 1270 990 1314 est
1027 1267 1157 1314 eaelo
1187 1269 1349 1326 pietas
1388 1282 1510 1326 quae
1549 1268 1671 1315 talia
1708 1270 1854 1321 curet,

27 1378 30 1382 -
94 1360 135 1391 15
151 1341 436 1400 persolvant
484 1344 646 1400 grates
700 1340 876 1400 diynas
930 1344 975 1388 et
1009 1343 1242 1400 praemia
1287 1342 1497 1389 reddant
1541 1342 1723 1388 debita:
1784 1341 1855 1388 dii

162 1414 270 1474 tibi,
308 1414 400 1462 hoc
441 1417 516 1462 est
553 1415 860 1476 praesenteS,
912 1414 976 1462 ad
1017 1431 1230 1476 quorum
1270 1431 1320 1463 se
1360 1414 1651 1478 suffragium
1690 1415 1854 1463 defen-

162 1487 446 1550 sionemque
503 1489 804 1549 contulerat,
860 1492 910 1536 et
963 1490 1007 1537 si
1060 1492 1134 1537 est
1186 1490 1240 1535 in
1295 1490 1432 1537 caelo
1479 1490 1649 1550 aliqua
1693 1490 1855 1550 pietas

162 1562 421 1610 numinum
463 1578 589 1624 quae
629 1562 818 1610 nefarie
854 1563 1117 1611 commissa
1147 1564 1411 1624 reciprocis
1442 1563 1716 1612 ultionibus
1747 1564 1855 1611 vin-

162 1637 342 1695 dicent,
380 1637 670 1698 persolvant
708 1637 899 1685 meritis
939 1639 1041 1684 tuis
1073 1637 1452 1685 detestabilibus
1484 1653 1718 1700 congrua.
1780 1638 1856 1684 111-

29 1723 41 1775 f
95 1729 139 1761 20
163 1711 286 1772 cipit
324 1712 425 1757 iam
463 1713 610 1759 unius
649 1711 772 1759 facti
811 1713 1020 1759 crimina
1057 1727 1332 1759 memorare
1365 1711 1582 1759 dilatans
1614 1711 1857 1759 invidiam

33 1787 40 1799 ''
164 1786 390 1846 quamvis
436 1787 490 1832 in
536 1785 692 1834 hostis
734 1801 1010 1847 personam.
1089 1788 1172 1846 qui
1208 1788 1317 1834 uati
1356 1800 1520 1834 eoram
1555 1801 1630 1834 me
1668 1800 1858 1834 cernere

163 1860 307 1907 letum
345 1861 500 1918 fecisti
539 1863 582 1907 et
609 1862 804 1920 patrios
841 1860 1048 1920 foedasti
1085 1861 1258 1919 funere
1296 1861 1482 1907 vultus:
1535 1859 1627 1908 hoc
1675 1876 1734 1907 ex
1780 1875 1856 1907 oc·

164 1935 359 1982 casione
406 1933 652 1981 obiciebat
689 1933 880 1995 Pyrrho
927 1950 1018 1996 pro
1057 1935 1284 1995 crimine,
1334 1935 1478 1995 quasi
1513 1933 1712 1981 Politen
1749 1935 1856 1995 ipse

164 2005 453 2068 distulisset,
492 2010 548 2055 ut
588 2009 703 2056 ante
744 2024 832 2055 ora
869 2010 1135 2070 parentum
1174 2007 1500 2068 occumberet,
1544 2010 1689 2069 quasi
1726 2007 1860 2070 quod

97 2099 140 2132 85
165 2096 306 2130 casus
346 2082 588 2130 attulerat
626 2081 817 2130 alienus
858 2083 1035 2144 culpae
1075 2081 1274 2130 deberet
1313 2081 1570 2144 adplicari.
1633 2083 1721 2144 qui
1750 2082 1860 2129 nati

165 2170 330 2204 coram
367 2171 446 2203 me
486 2171 684 2204 cernere
722 2157 882 2204 letum
918 2157 1086 2204 fecisti
1124 2159 1174 2204 et
1211 2157 1404 2218 patrios
1441 2155 1656 2204 foedasti
1686 2156 1859 2203 funere

164 2229 356 2277 vultus:
419 2245 519 2278 non
565 2231 737 2292 culpat
781 2230 996 2291 hostem,
1045 2230 1180 2292 quod
1218 2229 1414 2278 Politen
1451 2229 1635 2278 occidit
1681 2223 1859 2296 (stulte

287 2392 309 2430 1
347 2387 490 2442 polito
521 2386 608 2429 LR·
639 2386 783 2442 polite
818 2401 842 2429 1
880 2387 1060 2430 Politae
1099 2385 1194 2439 ed.‚
1235 2385 1319 2428 sed
1350 2389 1436 2429 663
1471 2386 1634 2442 politis
1671 2385 1768 2428 LR.

167 2450 195 2488 2
225 2445 462 2498 fortunam
493 2445 566 2489 ed
680 2449 707 2488 3
738 2446 898 2489 vieem't
925 2445 957 2488 i.
983 2458 1021 2488 e.
1054 2445 1296 2488 currendo.
1409 2448 1435 2488 5
1467 2450 1563 2489 tam
1588 2444 1680 2488 LR
1710 2449 1859 2489 tamen

167 2503 204 2547 L
225 2504 269 2548 Π
289 2517 414 2548 man.
446 2519 482 2549 r.
512 2510 518 2558 l
546 2505 778 2549 abstenuit
806 2503 893 2548 1013,
924 2517 1038 2548 corr.
1069 2519 1106 2548 r.
1230 2508 1256 2547 6
1289 2505 1496 2560 quaesita
1528 2503 1600 2548 6(1.
1724 2507 1749 2545 7
1781 2516 1861 2547 nec

165 2562 255 2606 LR.
281 2578 394 2608 nam
425 2564 547 2622 6(1.Ι
595 2564 724 2620 sequi
752 2563 840 2606 LR
870 2559 1081 2620 consequi
1110 2562 1196 2606 R.
1182 2578 1233 2620 ip
1235 2575 1297 2607 se.
1432 2567 1458 2606 8
1490 2566 1743 2607 currentem
1772 2561 1861 2605 LR

67 2643 82 2666 ,·
169 2623 280 2667 mdo
308 2637 333 2666 1
362 2636 550 2668 ewrrens
580 2623 652 2668 ed.
692 2624 699 2677 Ι
741 2624 867 2666 alius
897 2622 933 2666 L
965 2621 1115 2680 alius]
1142 2636 1249 2666 cum
1277 2635 1443 2666 rasura
1471 2622 1515 2666 R.
1545 2621 1690 2666 alium
1719 2635 1744 2664 r
1772 2621 1859 2665 ali-

78 2719 81 2721 >
167 2682 300 2727 euius
329 2682 402 2727 6(1.
495 2686 609 2726 8-9
637 2695 900 2750 percussore
930 2683 1122 2738 aceepit
1125 2680 1162 2725 L
1187 2695 1299 2726 -rem
1322 2696 1365 2725 a
1388 2681 1432 2724 R.
1455 2681 1794 2738 permansionem
1807 2695 1859 2724 a.

169 2739 243 2785 ed.
267 2754 509 2809 percussor
538 2741 712 2798 eaeeepit
739 2754 839 2784 nos.
979 2745 1036 2784 10
1066 2754 1183 2797 quas
1211 2739 1301 2784 LE.
1330 2755 1469 2797 quam
1497 2753 1535 2783 r.
1669 2743 1726 2783 13
1750 2753 1859 2795 pro·

84 2807 103 2813 ““
167 2800 345 2845 vocavit
370 2814 408 2844 1.
437 2803 444 2856 Ι
471 2805 594 2845 at—
611 2805 668 2844 14
699 2801 830 2844 ausis
858 2799 992 2844 deest
1020 2798 1071 2843 in
1094 2799 1196 2855 LR,
1220 2799 1303 2843 sed
1326 2798 1609 2856 explicatur·
1642 2798 1728 2842 tibi
1750 2799 1862 2855 post

91 2906 94 2907 ⁷
169 2859 324 2915 mqmt
351 2861 515 2904 contra
546 2861 749 2903 metrum
777 2858 977 2902 inseruit
1004 2858 1107 2914 LR,
1140 2857 1295 2903 delevi
1327 2873 1433 2902 cum
1462 2857 1534 2902 6(1.
1673 2860 1730 2902 18
1758 2857 1859 2901 oin-

170 2916 289 2962 diat
315 2917 391 2962 ed.
533 2923 588 2962 21
614 2931 862 2975 personam
892 2917 980 2961 LR
1010 2917 1082 2962 6(1
1107 2923 1339 2974 persona?
1475 2921 1532 2961 25
1563 2915 1746 2962 alienus
1773 2915 1875 2960 LR·

171 2976 362 3021 alterius
392 2976 464 3021 ed.
493 2976 501 3035 Ι
535 2978 752 3022 debuerat
781 2976 878 3021 LR
899 2976 971 3021 ed.
1003 2977 1180 3022 deberet
1208 2991 1305 3021 nos.

29 1827 40 1890 Ξ

28 1986 60 2226 Ξ

33 2227 61 2312 3

36 2358 63 2490 ἶ
