2014 3226
739 188 864 231 AEN
868 188 1042 231 EIDOS
1075 189 1095 232 l
1700 191 1724 240 1
1739 192 1760 240 1

74 333 241 379 utrum
281 328 484 390 aliquod
515 345 697 376 numen
729 329 807 375 vel
839 329 1001 390 ipsam
1031 329 1272 377 Iunonem
1304 329 1529 377 laesisset
1558 330 1765 389 Aeneas,

74 407 143 465 ut,
175 420 286 452 cum
318 403 456 450 nulla
490 405 618 450 esset
650 404 869 457 inventa,
903 402 1217 451 confirmaret
1249 403 1453 451 Iunonis
1487 405 1763 451 saevitiam.

73 478 278 538 ideoque
333 478 567 538 opposuit
613 476 860 540 insignem
905 478 1093 538 pietate
1143 478 1326 537 virum,
1383 480 1438 524 ut
1486 477 1766 526 ostenderet

74 552 383 599 innocentem
421 553 498 598 tot
536 551 734 598 volvere
776 565 917 598 casus
962 547 1229 614 [insignem
1268 553 1457 612 pietate
1495 553 1658 599 virum
1690 556 1767 599 tot

31 642 52 676 ο
76 625 208 673 adire
254 624 447 672 labores
494 623 756 686 inpulerit]
806 629 877 685 et,
926 626 1059 686 quod
1107 626 1204 672 fuit
1247 626 1472 688 gravius,
1519 626 1767 688 insignem

74 700 258 762 pietate
298 699 475 759 virum,
516 698 609 746 hoc
641 699 716 746 est
747 697 953 746 deorum
992 699 1234 747 cultorem
1266 702 1316 747 et
1347 701 1600 762 spectatae
1632 702 1765 747 vitae

72 773 332 821 hominem.
397 788 493 834 quo
533 771 642 820 loco
682 787 942 833 possumus
983 773 1204 821 conicere
1244 773 1365 835 quid
1403 773 1598 822 factura
1638 776 1768 822 esset

73 846 393 908 delinquenti,
428 846 625 908 quando
666 847 736 894 sic
770 846 962 894 adflixit
993 848 1261 895 innoxium.
1340 863 1465 909 quae
1499 849 1664 896 omnia
1698 849 1768 896 sic

72 922 124 968 in
161 937 314 967 unum
352 920 667 983 rediguntur3
712 936 827 967 nam
867 921 1031 981 irasci,
1064 935 1178 968 cum
1208 921 1455 969 irascendi
1487 937 1638 970 causa
1669 938 1769 970 non

25 1012 52 1044 ,ο
74 995 324 1057 suppetat,
382 997 432 1041 et
483 1010 584 1042 non
632 995 808 1042 satiari
854 995 1126 1043 innumeris
1173 995 1435 1044 tormentis
1491 997 1666 1044 alienis
1718 999 1768 1043 et

73 1067 378 1131 gravissimis
419 1068 615 1116 casibus
657 1069 868 1116 saevitia
909 1072 983 1117 est
1015 1086 1114 1117 non
1146 1070 1363 1117 ferenda.
1428 1070 1559 1131 quod
1600 1072 1769 1117 autem

73 1144 125 1190 111
162 1142 379 1189 themate
418 1144 590 1204 posuit
628 1158 804 1190 saevae
845 1159 1113 1191 memorem
1152 1144 1356 1191 Iunonis
1397 1144 1458 1191 ob
1498 1146 1641 1204 iram,
1687 1144 1766 1191 1110

73 1232 266 1278 quoque
306 1215 577 1264 confirmat.
656 1217 847 1264 interea
893 1217 986 1265 hoc
1033 1218 1241 1265 dicendo
1288 1219 1495 1266 instruit
1541 1219 1765 1266 homines

73 1289 135 1338 ad
179 1290 361 1338 bonam
407 1290 608 1338 vivendi
654 1291 914 1339 rationem.
992 1291 1176 1339 bonum
1221 1293 1353 1339 enim
1398 1294 1562 1340 virum
1608 1293 1767 1340 iustus

28 1381 52 1415 15
74 1364 212 1412 dolor
257 1363 402 1411 debet
440 1379 748 1412 commovere
790 1367 840 1412 et
878 1367 949 1413 sic
988 1381 1078 1414 nec
1116 1366 1169 1414 111
1212 1366 1402 1414 ultione
1442 1368 1508 1414 sit
1546 1366 1768 1414 inmode-

72 1440 208 1486 ratus
262 1453 351 1485 nec
405 1439 540 1500 ipsas
597 1440 826 1500 quamvis
887 1439 1045 1487 iustas
1108 1442 1402 1489 inimicitias
1465 1440 1653 1488 diutius
1716 1441 1768 1487 in

73 1513 236 1559 animo
283 1514 511 1559 retentet.
587 1513 681 1561 hoc
728 1513 986 1561 hominum
1033 1530 1187 1577 genus
1235 1515 1440 1562 meliore
1479 1516 1767 1563 testimonio

75 1585 338 1634 Sallustius
392 1588 716 1648 prosequitur
770 1590 819 1635 et
874 1589 1149 1636 contrarios
1205 1589 1398 1636 occulte
1451 1588 1768 1650 reprehendit

74 1659 236 1708 dicens
288 1653 421 1726 (Cat.
466 1662 519 1721 9,
562 1655 619 1725 5)
676 1664 755 1722 „et
811 1664 1015 1723 accepta
1068 1662 1254 1710 iniuria
1308 1664 1562 1726 ignoscere
1618 1679 1770 1724 quam

31 1751 54 1783 ο
75 1735 302 1796 persequi
361 1734 659 1782 malebant“.
749 1738 994 1798 quantum
1056 1752 1172 1800 ergo
1228 1736 1632 1799 reprehendenda
1695 1739 1770 1785 est

75 1807 211 1870 Iuno,
252 1824 379 1870 quae
418 1824 507 1856 nec
549 1810 741 1871 accepit
778 1810 976 1858 Aeneae
1016 1810 1255 1858 iniuriam
1293 1814 1343 1858 et
1391 1812 1462 1859 sic
1508 1814 1769 1872 persecuta

76 1883 149 1930 est
184 1883 521 1930 innocentem!
596 1885 750 1931 etiam
789 1883 875 1931 diu
914 1885 1206 1933 inimicitias
1247 1886 1411 1933 tenuit
1449 1886 1589 1932 nulla
1627 1901 1770 1947 prae-

76 1955 274 2004 cedente
315 1957 584 2005 offensione
624 1959 877 2020 susceptas
918 1974 1006 2006 nec
1046 1961 1123 2007 tot
1163 1961 1335 2020 poenis
1377 1961 1429 2006 et
1466 1959 1769 2008 cruciatibus

75 2030 283 2078 insontis
322 2033 488 2092 potuit
527 2033 717 2079 satiari.
796 2032 1022 2081 tantaene
1070 2035 1252 2081 animis
1299 2034 1581 2081 caelestibus
1629 2034 1771 2081 irae?

34 2117 57 2153 ε
75 2104 128 2151 111
173 2103 374 2152 deorum
421 2105 671 2154 mentibus
719 2106 900 2154 lenitas
949 2122 1007 2155 ac
1053 2107 1308 2156 miseratio
1356 2110 1407 2155 et
1448 2123 1662 2169 pronum
1710 2107 1772 2154 ad

76 2177 482 2226 benefaciendum
536 2181 710 2228 votum
757 2195 860 2228 esse
907 2182 1154 2230 convenit.
1230 2181 1345 2229 inde
1386 2181 1641 2246 Vergilius
1686 2181 1770 2229 ad-

75 2252 296 2314 miratur,
337 2267 447 2300 cum
487 2253 610 2301 dicit
648 2256 882 2302 tantaene
924 2256 1104 2304 animis
1145 2255 1441 2304 caelestibus
1480 2257 1608 2315 irae,
1651 2256 1772 2317 quia

77 2340 164 2373 nec
217 2326 403 2375 frustra
456 2328 607 2375 irasci
660 2327 842 2376 debent
896 2344 986 2376 nec
1048 2331 1431 2378 commotionem
1493 2345 1635 2378 suam
1695 2331 1771 2376 in-

38 2566 46 2570 ,.
197 2530 219 2569 1
253 2532 409 2571 utrum
439 2528 629 2584 aliquod
659 2528 746 2572 LR
775 2542 929 2572 verum
961 2529 1082 2585 quod
1121 2529 1193 2572 ed.
1362 2534 1388 2572 3
1421 2532 1529 2586 post
1559 2530 1774 2586 opposuit

35 2584 63 2633 «ζ...
81 2597 200 2640 quae
232 2588 490 2642 sequuntur
519 2600 669 2644 usque
701 2587 763 2630 ad
795 2593 821 2631 5
852 2589 1043 2645 yravius
1074 2601 1164 2633 om.
1198 2589 1294 2632 ed.:
1344 2602 1399 2632 ex
1440 2589 1611 2645 quibus
1651 2601 1771 2645 quae

78 2642 210 2688 uncis
239 2643 411 2689 inclusi
442 2659 528 2702 per
559 2645 933 2703 dittographiam
964 2646 1207 2704 irrepsisse
1238 2649 1386 2705 patet.
1556 2652 1583 2692 8
1616 2649 1772 2692 omnia

46 2704 59 2751 ξ’
79 2700 145 2747 nic
172 2701 209 2746 L
239 2705 395 2748 omnia
424 2709 468 2748 et
496 2705 563 2749 sie
593 2705 635 2748 R
665 2711 707 2750 et
737 2705 825 2750 del.
859 2720 895 2749 r.
1080 2711 1132 2749 11
1166 2707 1386 2751 saevitiae
1415 2707 1458 2750 si
1488 2706 1524 2749 L
1555 2708 1773 2751 saevitiae

77 2760 157 2819 ⁸ll
189 2761 232 2805 R
268 2764 461 2809 saevitia
499 2769 563 2809 est
599 2779 623 2808 r
661 2764 734 2808 ed.
920 2770 973 2808 15
1005 2770 1047 2810 et
1075 2766 1142 2810 sic
1171 2780 1252 2810 nec
1283 2766 1318 2810 L
1357 2771 1399 2810 et
1428 2767 1496 2811 sic
1525 2780 1582 2810 nc
1613 2766 1655 2809 R
1692 2779 1772 2810 nec

57 2823 167 2865 om.
198 2821 269 2866 ed.
298 2825 304 2877 Ι
332 2823 644 2868 inmoderatae
673 2823 761 2867 LR
790 2824 1052 2869 moderatus
1083 2825 1155 2869 ed.
1326 2829 1378 2868 17
1412 2825 1608 2870 retineat
1638 2825 1710 2869 ed.

41 2913 49 2922 1
82 2881 137 2923 18
160 2882 451 2936 persequitur
481 2881 552 2926 ed.
582 2885 588 2938 Ι
617 2883 813 2928 occultae
845 2883 932 2926 LR
963 2896 1078 2927 corr.
1110 2899 1136 2928 1·
1165 2883 1238 2928 ed.
1397 2888 1451 2927 19
1484 2889 1668 2940 accepta
1698 2885 1770 2928 in-

79 2936 208 3041 ἡονέα
244 2939 331 3041 ΙιΙὲ
363 2962 419 2978 =
453 2939 563 2985 Sall.
604 2942 688 2986 im'.
729 2956 821 2987 acc.
863 2941 933 2986 ed.
1119 2948 1174 2987 25
1206 2943 1441 2988 miseratio
1472 2942 1559 2986 LR
1595 2944 1771 2987 miscri-

54 3007 156 3040 οσον
188 3011 237 3042 ια
271 3012 297 3043 0
336 3034 344 3042 .
