2014 3226
203 182 312 234 496
675 181 906 225 DONATI
936 181 1216 224 INTERPR.
1249 182 1428 225 VERG.

203 323 437 384 suppetit,
470 336 770 383 nequeamus
802 337 1035 382 reparare
1066 320 1297 382 perdita?
1337 322 1466 369 hunc
1495 322 1743 371 adfectum
1768 324 1901 371 vide-

202 399 285 443 tur
324 411 382 443 ea
422 396 677 443 occasione
717 395 934 455 duxisse,
984 396 1102 456 quia
1149 395 1281 456 apud
1320 395 1567 443 Helenum
1607 397 1811 444 Troiani
1851 400 1901 445 et

205 471 405 517 Troiam
461 469 689 516 viderant
744 472 794 515 et
848 469 1025 517 Troiae
1081 471 1251 530 portas
1307 473 1635 532 agnoverant,
1692 469 1899 518 Simoim

206 559 402 605 quoque
443 545 492 590 et
530 543 807 602 Xanthum,
847 558 974 604 quae
1015 543 1354 590 conditoribus
1395 544 1496 591 suis
1539 544 1776 592 solacium
1817 545 1900 592 da-

205 618 348 678 bant,
397 619 437 664 si
477 633 575 664 non
622 617 989 679 magnitudine,
1037 617 1116 663 vel
1165 617 1583 678 appellationibus
1631 619 1901 666 nominum.
1946 634 1965 668 5

206 692 297 738 hoc
336 691 493 754 igitur
531 691 630 739 ista
670 691 922 738 doloribus
954 691 1093 738 velut
1131 690 1346 752 propriis
1393 691 1579 754 iungit,
1632 692 1764 753 quod
1803 707 1902 740 non

204 766 524 826 proveniente
565 766 667 812 otio
709 780 820 826 spes
852 765 992 813 nulla
1023 764 1313 813 subsisteret
1347 765 1499 813 etiam
1530 765 1651 827 ipsis
1684 765 1902 814 novandi

209 854 334 900 quae
390 838 608 886 Helenus
665 840 842 900 potuit.
928 853 1173 900 nusquam
1220 839 1371 886 semel
1416 840 1636 900 positum
1694 841 1902 903 singulis
1984 876 1985 879 ¹

209 913 353 960 debet
394 912 614 974 adiungi,
655 915 712 958 ut
751 913 817 960 sit
856 927 1102 974 nusquam
1133 912 1403 960 Hectoreos
1445 915 1619 971 amnis,
1659 929 1904 975 nusquam

205 987 475 1048 Xanthum,
516 1002 764 1048 nusquam
798 986 1006 1034 Simoim
1036 986 1228 1034 videbo.
1298 990 1472 1034 narrat
1502 988 1605 1034 iam
1637 987 1900 1035 consilium
1925 970 1987 1046 1οῇΙ

207 1077 349 1108 31111111
391 1053 465 1126 (et
510 1060 625 1107 huic
673 1060 813 1108 addit
861 1061 1210 1109 auctoritatem
1258 1062 1500 1122 expositio
1547 1055 1810 1127 personae)
1853 1065 1901 1108 et

210 1150 259 1182 se
300 1137 487 1182 sociam
518 1134 642 1182 facti
672 1135 893 1182 futuram
926 1135 1150 1196 spondet,
1190 1150 1250 1182 ne
1284 1135 1561 1183 excusando
1595 1137 1754 1196 partis
1787 1151 1900 1183 suas

117 1215 202 1254 635
222 1209 434 1256 aliarum
458 1223 721 1256 consensus
747 1211 1013 1256 averteret:
1044 1207 1192 1269 [quin
1217 1211 1342 1269 ayite
1374 1213 1415 1257 et
1445 1224 1631 1257 mecam
1654 1211 1902 1269 infaustas
1965 1205 1990 1282 j

207 1285 389 1330 exurite
418 1281 650 1343 puppis]
730 1284 863 1346 agite
903 1284 1005 1330 iam
1046 1282 1181 1343 quod
1221 1282 1352 1342 dico,
1391 1283 1580 1344 inquit,
1621 1287 1670 1331 et
1707 1299 1900 1331 mecum
1960 1283 1990 1343 .ἶῖ

208 1358 350 1405 navis
376 1358 498 1405 istas
524 1357 794 1404 commodis
818 1358 1000 1405 nostris
1025 1357 1252 1404 inimicas
1270 1357 1540 1418 incendite3
1564 1358 1698 1404 mala
1717 1358 1900 1419 quippe
1926 1346 1998 1419 185³·

206 1447 332 1492 quae
370 1432 592 1492 patimur
629 1432 874 1492 puppium
912 1431 1054 1479 nobis
1086 1431 1404 1479 incolumitas
1436 1432 1611 1491 nutrit,
1650 1433 1788 1494 ipsae
1827 1433 1900 1478 in-

206 1507 401 1552 faustae
433 1508 561 1566 sunt,
600 1506 823 1566 ipsarum
857 1507 930 1552 est
961 1506 1163 1552 fortuna
1195 1505 1424 1566 deterior,
1466 1505 1738 1553 abolendae
1771 1507 1901 1565 sunt,

205 1595 266 1626 ne
314 1594 403 1627 nos
450 1578 513 1626 ad
558 1579 836 1627 infeliciora
888 1581 1228 1627 transvectent
1275 1579 1452 1640 quibus
1499 1579 1639 1627 nulla
1691 1580 1901 1641 requies,

206 1654 371 1700 nullus
412 1653 556 1700 datus
597 1655 671 1701 est
709 1658 898 1714 portus.
976 1654 1069 1700 hoc
1115 1653 1397 1701 faciendum
1439 1651 1718 1701 Cassandra
1763 1669 1903 1701 man-

206 1727 347 1775 davit
386 1729 436 1775 et
473 1727 681 1788 monuit,
722 1742 833 1774 cum
874 1727 1175 1789 quiescerem
1215 1727 1475 1787 dormiens,
1514 1727 1789 1788 parendum
1829 1729 1904 1775 est
1967 1784 1970 1788 Ι

207 1802 429 1849 consiliis
471 1801 597 1862 eius,
639 1817 766 1862 quae
804 1801 929 1848 mihi
968 1801 1244 1863 conplenda
1291 1801 1538 1850 commisit
1585 1804 1636 1850 et
1679 1801 1905 1864 inplendi
1960 1787 2005 1834 7²?

209 1876 542 1923 substantiam
593 1875 742 1923 dedit.
834 1875 928 1923 hoc
979 1877 1054 1923 est
1104 1875 1235 1937 quod
1286 1875 1359 1923 ait
1409 1875 1575 1924 dicens
1621 1891 1740 1923 nam
1786 1876 1906 1923 mihi
1963 1871 1986 1924 ἒ.

213 1949 525 1998 Cassandrae
566 1964 661 2010 per
713 1963 938 1997 somnam
983 1951 1111 1998 vatis
1159 1951 1320 2010 imayo
1369 1949 1585 1998 ardentis
1632 1950 1752 1998 dare
1795 1951 1906 1998 visa

206 2025 364 2083 faces:
416 2024 493 2072 hie
530 2025 746 2083 quaerite
787 2024 1010 2080 Troiam,
1063 2025 1140 2072 hie
1186 2023 1357 2071 domus
1397 2027 1486 2079 est,
1525 2025 1704 2084 inqmlt,
1757 2024 1905 2071 vobis.

210 2113 240 2144 a
269 2112 480 2159 persona
512 2097 774 2145 consilium
806 2097 1018 2160 sumpsit
1050 2113 1178 2159 quae
1201 2099 1332 2145 vatis
1372 2096 1603 2145 adhibuit
1640 2111 1834 2157 nomen,
1874 2111 1904 2144 a
1955 2148 1958 2150 ,

206 2174 429 2232 tempore
456 2185 553 2232 quo
585 2171 853 2219 dormienti
883 2171 978 2219 sibi
1002 2171 1189 2219 dictum
1221 2186 1325 2220 esse
1357 2172 1569 2219 mentita
1593 2173 1690 2232 est3
1724 2172 1908 2233 quippe
1959 2173 1976 2198 ’

335 2346 356 2384 1
391 2342 605 2386 videntur
635 2341 722 2385 LR
753 2341 824 2386 ed..
857 2343 1038 2386 videtur
1068 2341 1110 2385 U
1141 2355 1238 2386 1103.
1387 2347 1411 2384 2
1445 2356 1499 2386 ea
1530 2341 1565 2384 L
1598 2347 1639 2386 et
1668 2341 1711 2384 R
1742 2357 1765 2384 r
1790 2363 1843 2377 =
1869 2341 1904 2384 L
1958 2190 1994 2423 Ξ

206 2415 266 2445 ex
297 2400 435 2455 edFI,
469 2400 551 2444 sed
584 2400 641 2444 cf.
667 2415 709 2444 v.
730 2405 816 2444 650
847 2402 1016 2446 ducens
1045 2406 1250 2457 tempore.
1375 2405 1492 2444 3—-4
1523 2402 1702 2446 simoim
1732 2413 1907 2457 quoque
1958 2412 1994 2456 κς

210 2460 247 2503 L
278 2465 320 2504 et
356 2460 525 2504 simoin
555 2473 728 2516 quoque
759 2459 813 2504 R.
913 2465 941 2504 4
972 2466 1183 2505 sanctum
1213 2459 1268 2505 R.
1378 2464 1404 2503 5
1435 2461 1504 2504 vel
1528 2460 1616 2503 LR
1646 2459 1722 2517 (cf.
1739 2474 1782 2504 v.
1803 2461 1905 2516 625)
1956 2462 1995 2525 9

209 2519 368 2563 saltem
398 2518 471 2563 ed.
602 2524 626 2562 7
659 2520 915 2564 subsisteret
945 2519 1033 2563 LR
1066 2524 1242 2567 extaret
1273 2519 1343 2564 ed.
1470 2524 1522 2562 11
1555 2519 1776 2575 expositio
1801 2532 1904 2575 per-
1958 2521 1994 2598 ἕξ

211 2592 327 2623 sona
358 2577 444 2621 LR
475 2592 582 2622 ·nae
612 2592 636 2620 1·
666 2579 873 2634 exposita
897 2592 1098 2635 persona
1129 2577 1200 2622 ed.
1304 2583 1358 2621 12
1390 2593 1436 2623 se
1468 2592 1555 2622 om.
1582 2577 1669 2620 LR
1701 2577 1807 2621 add.
1833 2576 1903 2621 ed.
1958 2579 1994 2634 15³³

305 2642 358 2680 13
392 2638 580 2693 quin—
599 2641 654 2680 14
677 2638 856 2693 puppis
893 2652 987 2682 non
1018 2637 1197 2681 habent
1226 2637 1314 2681 LR
1345 2637 1416 2682 ed.
1451 2637 1636 2692 addidi,
1677 2636 1789 2693 quia
1829 2649 1905 2680 ex-
1956 2638 2007 2699 ᾗ

210 2695 430 2752 plicatur.
548 2700 601 2740 18
634 2697 923 2741 transiectent
953 2697 1040 2740 LR
1070 2702 1371 2742 transvectent
1399 2710 1482 2740 nos
1514 2697 1741 2740 inducant
1773 2696 1844 2739 ed.

214 2759 271 2799 23
301 2761 426 2800 vates
455 2755 504 2799 L.
661 2759 719 2798 24
749 2756 876 2800 vobis
903 2755 1140 2800 lemmatis
1172 2755 1277 2799 finis
1308 2755 1358 2798 in
1391 2755 1478 2799 LR
1509 2756 1679 2799 iam—
1695 2768 1766 2799 res
1796 2753 1902 2798 add.
1951 2700 1997 2855 ᾗ

214 2814 410 2870 0(1.,30(1
440 2827 534 2858 non
567 2813 842 2871 explicatur.
936 2819 992 2858 25
1016 2828 1219 2872 persona
1249 2814 1336 2858 LR
1367 2830 1398 2859 a
1422 2829 1471 2870 p.
1495 2828 1520 2857 r
1542 2827 1765 2871 personae
1795 2812 1900 2881 0(1.Ι

208 2849 625 2988 ῗζὲἶῇείξῃέἓιὲἶ
644 2873 960 2986 εἶίῃῖᾏὲῗεῗῖ
973 2875 1481 2990 εἰίἓῗᾷἳῂῗῶαέῗ
1444 2874 1662 2976 1102231θὶ0
1667 2886 1809 2988 affl}
1833 2871 1989 2981 ἕὲ

305 2996 360 3035 26
393 3005 480 3047 quo
510 2991 599 3035 LR
630 2991 702 3035 ed.
735 2991 885 3048 quod?
