2014 3226
31 2953 43 3030 ner-zu
33 2927 35 2937 -

812 173 1115 217 AENEIDos
1147 175 1210 217 111
1754 177 1859 228 339

170 314 498 373 iuyeutemque
520 314 721 372 iusuper
744 311 955 360 Aetnam
980 315 1242 373 ‘inpositam
1264 316 1423 374 ruptis
1446 316 1698 372 flammam
1724 318 1850 374 erpi-
1866 319 1951 358 580

171 402 284 435 rare
309 388 526 442 caminis,
547 390 589 433 et
609 388 795 446 fessum
818 389 1034 446 quotiens
1058 391 1205 435 mutet
1227 389 1368 443 latus,
1393 390 1646 436 intremere
1677 403 1862 435 omnem

169 475 419 509 murmure
460 460 773 508 Trinacriam
820 464 862 508 et
907 462 1091 509 eaelum
1137 463 1382 509 subtexere
1425 464 1588 523 fumo:
1644 461 1861 509 eiusdem

171 535 362 582 Aetnae
409 535 561 582 etiam
608 533 850 597 originem
897 536 946 581 et
990 550 1132 582 casus
1164 536 1334 583 volens
1374 538 1523 597 poeta
1562 535 1861 595 subnectere,

128 623 146 655 5
173 610 407 670 quoniam
431 608 619 656 incerto
645 610 844 655 auctore
869 609 1066 669 prolata
1090 609 1385 656 videbantur
1400 609 1701 671 perindeque
1721 612 1862 656 erant

170 682 397 730 fabulosa
438 685 586 743 atque
626 682 953 742 incredibilia,
993 683 1128 729 fama
1169 686 1256 742 est,
1296 685 1474 745 inquit,
1523 700 1582 729 ne
1623 685 1675 730 in
1714 683 1859 731 rebus

168 757 370 803 incertis
419 759 467 804 et
513 757 737 804 fortassis
793 756 1164 817 inpossibilibus
1216 759 1321 818 ipse
1373 773 1422 805 se
1480 759 1623 818 quasi
1674 758 1861 804 eertum

170 831 423 878 auctorem
470 831 807 878 constitueret.
886 831 1059 877 inserit
1113 831 1215 877 iam
1269 831 1430 892 ipsam
1484 830 1708 878 fabulam
1762 846 1860 879 non

169 919 219 952 se
252 907 464 964 auctore,
497 907 551 951 ut
584 904 774 951 dictum
805 907 894 964 est,
926 903 1009 951 sed
1041 905 1175 951 fama
1207 905 1477 967 vulgatam.
1539 905 1860 965 Enceladum,

103 991 145 1024 ιο
167 978 347 1040 inquit,
374 977 640 1041 Gigantem
671 979 837 1026 ferunt
867 993 957 1039 pro
991 978 1251 1041 sacrilegio
1285 978 1418 1039 quod
1450 978 1711 1026 adversum
1744 979 1859 1026 deos

170 1067 279 1099 cum
321 1054 494 1100 ceteris
530 1051 828 1115 Gigantibus
869 1051 1137 1098 admiserat
1168 1053 1456 1100 semiustum
1488 1053 1694 1100 fulmine
1726 1053 1858 1100 Iovis

167 1127 383 1190 ingentis
422 1126 613 1174 Aetnae
661 1126 874 1173 molibus
922 1141 1026 1173 esse
1071 1126 1344 1173 subiectum
1383 1126 1682 1188 perindeque
1721 1142 1857 1173 mon-

166 1203 268 1247 tem
314 1202 479 1260 ipsum
524 1202 692 1264 ignem
738 1202 932 1247 ructare
979 1200 1201 1248 fulminis
1248 1216 1428 1261 poena,
1483 1201 1644 1247 facere
1693 1202 1860 1247 autem

167 1275 358 1321 motum
410 1276 595 1336 terrae,
650 1290 764 1322 cum
811 1274 941 1321 idem
990 1274 1266 1322 Enceladus
1317 1289 1577 1322 conversus
1623 1275 1675 1320 in
1722 1273 1859 1321 aliud

101 1360 142 1393 15
165 1348 298 1395 latus
355 1348 558 1396 alterius
613 1349 829 1396 voluerit
883 1349 989 1396 vice
1045 1348 1264 1396 adfectas
1318 1349 1439 1395 viris
1502 1350 1552 1395 et
1611 1347 1860 1396 tolerandi

167 1421 495 1470 substantiam
549 1438 794 1484 reparare.
872 1425 1053 1470 noctem
1105 1423 1244 1469 illam
1297 1424 1402 1469 teeti
1451 1422 1587 1469 silvis
1635 1423 1858 1469 iumam‘a

163 1499 381 1544 monstra
417 1499 715 1557 perferimus
759 1511 846 1543 uee
892 1510 1015 1556 quae
1059 1498 1270 1544 sonitum
1318 1497 1393 1544 det
1435 1510 1586 1544 causa
1624 1497 1854 1544 videmus.

164 1585 282 1618 uam
319 1584 470 1630 neque
506 1574 646 1618 erant
675 1573 919 1619 astrorum
950 1572 1084 1631 iyues
1114 1585 1201 1617 uec
1232 1571 1422 1618 lucidus
1454 1571 1622 1618 aethra
1651 1570 1841 1617 siderea
1859 1573 1947 1614 585

156 1645 317 1703 potue,
358 1645 557 1692 obscuro
595 1645 680 1693 sed
717 1645 890 1693 nubila
929 1645 1058 1692 eaelo
1098 1648 1140 1692 et
1177 1645 1347 1692 tunam
1379 1645 1432 1691 iu
1462 1645 1622 1690 nimbo
1654 1657 1750 1691 nox
1781 1645 1855 1691 m-

98 1731 141 1763 20
164 1721 391 1777 tempesta
429 1720 637 1767 tenebat:
676 1718 941 1779 faciebant,
979 1720 1160 1780 inquit,
1191 1717 1333 1766 nobis
1371 1717 1624 1765 horrorem
1664 1719 1855 1765 sonitus

164 1792 340 1852 silvae,
386 1809 484 1841 nox
529 1793 702 1840 nubila
747 1793 886 1840 nullo
934 1793 1117 1840 solacio
1167 1792 1246 1839 vel
1292 1792 1438 1839 lunae
1485 1791 1564 1839 vel
1617 1791 1856 1851 siderum,

164 1867 331 1914 omnia
370 1868 552 1929 quippe
593 1867 746 1914 nubes
787 1867 1090 1915 obtexerant.

272 1940 474 1989 Postera
517 1942 711 2002 iamque
756 1941 858 1989 dies
895 1943 1060 2001 primo
1113 1940 1340 2000 sumebat
1393 1954 1471 1987 eoo
1524 1942 1856 1998 umentemque

163 2028 348 2062 aurora
375 2016 491 2074 polo
530 2016 798 2064 dimoverat
834 2016 1074 2070 umbram,
1111 2029 1221 2062 ewm
1257 2014 1414 2062 subito
1454 2028 1477 2061 e
1514 2012 1651 2061 situi-5
1689 2015 1842 2061 macie
1859 2015 1946 2056 590

95 2101 138 2134 25
163 2089 374 2148 confecta
403 2103 634 2149 suprema
663 2091 816 2150 iynoti
845 2103 975 2136 nova
1003 2089 1166 2148 forma
1196 2089 1294 2135 viri
1323 2083 1699 2147 miserandaque
1723 2087 1855 2135 cultu

151 2163 374 2222 procedit
409 2163 703 2224 supplexque
739 2177 919 2212 manus
958 2163 1024 2211 ad
1062 2163 1207 2210 litora
1246 2161 1409 2210 tenebit.
1486 2177 1623 2222 mox,
1663 2162 1759 2221 ait,
1798 2163 1855 2208 ut

160 2235 246 2283 lux
278 2238 442 2298 coepit
473 2238 666 2299 exoriri,
698 2238 900 2286 emersit
931 2252 989 2283 ex
1021 2236 1159 2284 silvis
1191 2236 1355 2299 ignoti
1386 2250 1516 2282 nova
1546 2235 1708 2282 forma
1739 2235 1850 2283 viri.

160 2325 259 2357 non
297 2310 390 2358 hoc
421 2313 495 2359 est
525 2327 656 2360 nova
687 2312 849 2360 forma
881 2310 1012 2372 quod
1045 2311 1119 2358 est
1148 2309 1331 2373 ignoti3
1370 2325 1501 2358 nova
1532 2308 1663 2356 enim
1691 2309 1854 2356 forma

158 2449 207 2493 in
239 2451 494 2508 archetypo
527 2452 819 2496 occasionem
850 2450 1017 2495 erroris
1050 2449 1234 2494 dedisse
1266 2449 1450 2494 videtur
1489 2449 1618 2507 (inde
1649 2450 1736 2494 tibi
1765 2462 1850 2508 pro

158 2511 242 2554 ubi
271 2515 312 2564 ὅ,
339 2514 442 2566 795)
471 2513 737 2556 semiustum
766 2525 790 2554 r
818 2514 1062 2555 semustum
1094 2509 1164 2552 ed.

278 2574 303 2612 2
335 2575 486 2615 mutat
514 2571 586 2615 ed.
738 2574 766 2613 4
796 2583 928 2614 casus
959 2568 1046 2612 LR
1075 2582 1239 2613 causas
1270 2568 1379 2612 edF.
1531 2571 1558 2612 8
1590 2567 1852 2611 inser-etiam

159 2627 246 2672 LR
268 2630 429 2674 inserit
451 2631 547 2675 iam
568 2645 594 2674 r
615 2631 778 2674 inserit
799 2629 935 2673 etiam
960 2627 1030 2672 ed.
1125 2631 1150 2671 9
1176 2633 1403 2672 auctorem
1426 2626 1515 2670 LR
1538 2640 1653 2671 corr.
1670 2641 1694 2668 r
1718 2625 1789 2670 ed.

160 2691 216 2730 10
245 2687 451 2742 feceruut
479 2688 515 2732 L
546 2689 804 2744 infecerunt
832 2687 874 2730 R
911 2687 1236 2742 iuterfecerunt
1264 2700 1288 2729 r
1324 2686 1560 2741 finxerunt
1590 2684 1661 2729 ed.
1692 2684 1853 2738 ferunt

157 2761 255 2790 nos.
366 2752 420 2791 11
453 2750 716 2793 semiustum
746 2747 834 2791 LR
864 2750 1109 2791 semustum
1140 2745 1211 2788 ed.
1241 2746 1248 2802 Ι
1281 2746 1468 2801 flumine
1498 2743 1584 2788 LR
1615 2757 1728 2788 corr.
1754 2757 1789 2786 r.

132 2810 135 2812 ”
161 2810 216 2849 14
247 2810 400 2851 votum
430 2806 518 2850 LR
546 2812 647 2852 voto
677 2821 701 2850 r
732 2820 846 2850 corr.
875 2805 945 2849 ed.
997 2806 1002 2862 Ι
1059 2805 1238 2859 effectas
1268 2803 1355 2847 LR
1391 2805 1545 2859 effetas
1578 2817 1603 2846 r
1634 2802 1729 2846 edF
1768 2801 1851 2846 ad-

157 2865 299 2919 fectae
329 2879 426 2910 nos.
580 2871 635 2910 16
666 2865 927 2913 substantia
956 2877 1172 2920 superare
1204 2863 1275 2908 ed.
1314 2877 1349 2908 s.
1381 2863 1596 2918 superari
1624 2861 1695 2905 ed.
1729 2863 1848 2917 post.

250 2928 304 2968 17
337 2925 538 2970 vidimus
567 2925 667 2969 LR.
778 2927 833 2968 18
864 2928 1117 2970 castrorwm
1149 2922 1220 2967 ed.
1257 2923 1264 2979 Ι
1306 2922 1477 2967 sideria
1508 2920 1606 2964 LR.
1712 2923 1766 2964 19
1798 2921 1852 2964 in

158 2996 249 3027 om.
274 2983 345 3029 ed.
469 2988 524 3028 23
556 2997 639 3028 euo
670 2983 768 3028 LR.
894 2986 948 3026 27
981 2995 1004 3027 e
1033 2982 1174 3039 sylvis
1205 2981 1276 3025 ed.

1407 3053 1495 3096 22*
