2014 3226
744 216 1046 262 AENEIDOS
1079 219 1142 261 IV
1684 225 1792 275 403

103 361 259 406 tatem
299 373 461 405 meam
501 359 695 404 constat
725 360 774 404 te
807 360 1147 418 promeruisse.
1205 360 1274 406 sic
1305 360 1496 408 locutus
1530 365 1618 421 est,
1651 366 1794 423 quasi

103 432 286 494 potiori
325 430 530 478 inferior
570 431 804 479 obsecuta
843 431 1090 479 videatur.
1161 448 1246 480 nec
1293 449 1365 480 mc
1411 436 1682 484 meminisse
1715 438 1792 496 pi-

99 506 226 565 9ebit
277 505 497 560 Elissae,
559 505 676 551 dum
729 519 908 551 memor
964 507 1062 565 ipse
1116 508 1230 561 mei,
1286 508 1402 554 dum
1454 510 1657 567 spiritus
1708 510 1795 557 hos

104 581 226 639 reyit
256 582 417 626 artus:
456 581 506 626 et
538 577 775 639 quamdiu
808 580 990 639 vixero,
1023 580 1258 640 quamdiu
1291 597 1479 628 memor
1511 584 1607 630 mei
1639 582 1792 643 fuero,

58 668 79 701 5
102 653 193 700 hoc
241 655 314 700 est
362 667 508 700 sanus
556 654 607 699 et
653 652 858 700 consilio
907 667 964 699 ac
1011 669 1157 700 sensu
1201 655 1416 718 integro,
1466 671 1562 703 non
1600 656 1794 719 pigebit

102 741 190 773 nec
232 725 531 786 erubescam,
570 726 750 787 inquit,
788 726 1006 774 recolens
1047 727 1260 775 nominis
1303 728 1378 775 tui
1424 729 1790 778 beneficiorum-

103 816 196 862 que
250 801 553 848 memoriam.
630 800 730 847 ista
777 815 892 863 ergo
942 800 1159 848 habeant
1212 806 1493 863 separatam
1545 805 1791 852 rationem

102 889 256 923 suam.
312 888 407 934 pro
437 889 492 922 re
515 888 683 934 pauca
714 874 910 932 loquar:
951 874 1126 934 dicam,
1166 875 1347 936 inquit,
1386 878 1557 937 paucis
1596 893 1686 938 pro
1718 879 1791 925 rei

101 949 313 996 veritate
354 950 502 1010 atque
542 948 757 1006 iustitia3
813 948 998 996 veritas
1038 950 1167 995 enim
1207 949 1524 1011 multiloquio
1565 966 1662 998 non
1705 951 1790 999 ad-

37 1038 78 1070 10
102 1023 304 1083 seritur,
348 1038 459 1070 cum
497 1023 563 1070 sit
600 1023 712 1084 ipsa
750 1037 838 1083 per
877 1037 927 1068 se
967 1022 1243 1084 perspicua,
1283 1039 1440 1084 neque
1481 1039 1586 1086 ego,
1625 1026 1681 1072 ut
1717 1028 1790 1084 tu,

103 1096 444 1144 commorabor
481 1097 534 1143 in
573 1094 815 1157 plurimis.
880 1095 1057 1157 incipit
1094 1096 1196 1143 iam
1235 1096 1429 1144 obiecta
1467 1113 1678 1161 purgare
1710 1099 1789 1147 vel

99 1170 363 1218 refutando
404 1169 675 1217 excludere.
738 1184 889 1229 neque
929 1185 1009 1230 eqo
1047 1170 1172 1217 hanc
1206 1171 1495 1219 abscondere
1525 1172 1655 1230 furto
1686 1186 1790 1232 spe-

99 1246 224 1299 ravi,
256 1259 315 1292 ne
345 1245 488 1305 finye,
514 1245 686 1304 fuya-m
715 1258 802 1292 nec
833 1246 1050 1304 coniuyis
1080 1259 1313 1304 umquam
1333 1246 1591 1303 praetende·
1622 1247 1791 1294 taedas

25 1341 30 1345 ’
99 1321 188 1366 aut
223 1318 339 1366 haec
375 1320 430 1366 in
475 1317 674 1377 foedera
719 1319 853 1366 veni:
906 1333 1027 1378 non,
1076 1318 1166 1379 ait,
1215 1318 1407 1381 fugam,
1455 1318 1540 1366 sed
1586 1319 1788 1383 naviga-

34 1406 76 1440 15
100 1393 286 1440 tionem
332 1393 510 1454 paravi
557 1391 621 1439 ad
667 1391 834 1439 debita
881 1394 931 1439 et
977 1391 1226 1439 destinata
1272 1393 1568 1440 contendens
1606 1409 1693 1441 nec
1733 1396 1790 1440 ut

100 1468 157 1513 tu
197 1467 504 1514 matrimonii
541 1482 620 1513 me
659 1466 853 1529 legibus
892 1466 1043 1513 vinxi.
1121 1466 1212 1514 hoc
1250 1466 1460 1527 factum,
1506 1467 1622 1514 licet
1666 1467 1788 1514 ima-

100 1541 298 1603 ginaria
335 1540 474 1588 velut
511 1540 799 1601 nuptiarum
839 1540 1186 1600 sollemnitate,
1226 1540 1547 1602 praecessisse
1586 1541 1789 1600 fatetur,

100 1613 185 1662 sed
232 1615 454 1662 oratoria
499 1614 686 1662 virtute
731 1613 960 1662 dissolvit
999 1613 1234 1661 definiens
1274 1614 1393 1675 quid
1433 1615 1499 1661 sit
1535 1615 1788 1662 matrimo-

98 1688 259 1735 nium:
298 1689 495 1737 iunctus
536 1703 661 1749 sum,
697 1689 877 1750 inquit,
909 1687 1016 1747 tibi,
1050 1687 1134 1736 sed
1173 1688 1299 1735 illud
1336 1703 1434 1735 non
1473 1689 1638 1749 potest
1675 1702 1786 1735 con-

14 1778 77 1811 eso
99 1763 293 1824 iugium
324 1762 514 1823 vocari,
545 1777 645 1810 non
676 1763 809 1810 enim
840 1778 1031 1823 semper
1061 1762 1282 1809 mulieris
1316 1777 1371 1809 ac
1403 1762 1500 1810 viri
1527 1761 1788 1809 conventio

99 1836 474 1884 matrimonium
511 1836 647 1885 facit.
725 1835 864 1883 aliud
902 1838 1110 1884 vocatur
1149 1835 1280 1897 quod
1318 1836 1571 1899 gessimus.
1642 1835 1788 1896 quale

99 1911 230 1958 enim
269 1911 645 1958 matrimonium
685 1913 761 1958 est
798 1909 886 1957 ubi
916 1910 1080 1958 nullus
1112 1910 1255 1958 testis
1287 1909 1529 1967 interfuit,
1561 1909 1699 1956 nulla
1729 1925 1788 1956 ex

98 1999 232 2032 more
273 1984 603 2046 sollemnitaS,
642 1984 783 2032 nulla
819 1985 1011 2046 pactiO,
1048 1984 1179 2031 faces
1219 1983 1407 2043 nullae,
1454 1982 1592 2029 nulla
1630 1982 1787 2045 ipsius

97 2057 310 2107 foederis
359 2055 698 2107 consecratio?
774 2073 850 2106 me
893 2060 938 2106 si
982 2058 1092 2117 fata
1128 2058 1247 2105 meis
1276 2060 1564 2116 paterentur
1601 2057 1773 2104 ducere
1789 2059 1877 2099 340

32 2146 76 2181 ιε
97 2133 250 2181 vitam
303 2134 539 2196 auspiciis
593 2135 637 2180 et
687 2135 854 2193 sponte
906 2147 1014 2180 mea
1070 2144 1332 2191 conponere
1393 2144 1559 2186 curas,
1620 2130 1788 2177 urbem

101 2205 372 2254 Troianam
421 2208 646 2267 primun
706 2206 952 2266 dulcisque
1011 2219 1224 2254 meorum
1279 2205 1514 2264 reliquias
1573 2203 1785 2258 colerem,

97 2279 291 2328 Priami
344 2284 481 2347 tecta*
518 2281 622 2330 alta
674 2284 923 2329 manerent
969 2282 1011 2328 et
1055 2278 1268 2327 recidiva
1320 2293 1474 2326 manu
1514 2279 1788 2338 posuissem

40 2376 47 2398 ;
98 2353 340 2414 Peryama
384 2356 547 2403 victis:
607 2355 700 2403 hoc
747 2354 880 2416 quod
926 2354 1078 2412 facio,
1131 2351 1318 2414 inquit,
1372 2350 1503 2413 quod
1549 2352 1786 2415 navigare

99 2426 330 2491 dispono,
385 2444 485 2476 non
532 2430 608 2477 est
651 2428 926 2477 voluntatis
973 2442 1112 2475 meae
1158 2440 1247 2474 nec
1290 2425 1414 2472 mihi
1460 2424 1669 2472 liberum
1712 2427 1788 2472 est

218 2617 245 2658 3
275 2613 433 2658 heli-sse
462 2613 551 2658 LR.
589 2614 654 2671 (in
686 2613 722 2657 L
754 2612 903 2657 crucis
936 2611 1122 2668 signum
1152 2610 1419 2668 appositum
1452 2613 1501 2654 et
1535 2609 1640 2663 finit
1677 2606 1786 2651 sub-

41 2686 55 2726 a
99 2672 326 2729 seriptum
372 2674 467 2727 est,
514 2673 641 2730 quod
688 2671 801 2730 quid
850 2671 939 2714 sibi
985 2669 1100 2714 velit
1143 2670 1333 2727 nescio).
1524 2673 1550 2711 ὅ
1596 2679 1786 2711 accerume

98 2729 186 2775 LR.
215 2745 270 2777 ac
299 2746 435 2777 sensu
465 2747 489 2776 r
519 2732 591 2776 ed.
642 2734 651 2790 ι
705 2745 800 2776 non
833 2745 898 2775 me
921 2730 1097 2787 piqebit
1131 2728 1201 2773 ed.
1356 2732 1411 2771 13
1442 2741 1523 2771 nec
1550 2726 1669 2783 finqe
1698 2723 1786 2768 LR

99 2803 212 2834 corr.
242 2805 279 2835 r.
338 2792 346 2848 Ι
401 2805 544 2848 raeque
589 2791 724 2836 conia
755 2791 798 2835 is
843 2789 914 2834 ed.
1098 2791 1286 2832 15—16
1333 2792 1385 2831 ut
1430 2791 1481 2830 tu
1518 2783 1604 2828 LR
1713 2787 1786 2828 tas

99 2847 207 2893 add.
232 2849 341 2894 ch.
466 2855 521 2895 16
552 2851 686 2896 vinxi
759 2848 803 2892 R
832 2849 971 2893 iunxi
1002 2847 1073 2892 ed.
1197 2850 1252 2890 17
1282 2845 1578 2890 sollemnitate
1601 2842 1637 2886 L
1709 2841 1781 2886 ed.

99 2913 191 2953 ·tas
229 2907 300 2952 ed.
332 2911 452 2966 post.
512 2909 519 2968 Ι
576 2908 891 2966 praecessisset
927 2905 1018 2950 LR
1055 2906 1126 2950 ed.
1169 2919 1254 2951 —sse
1299 2917 1397 2948 nos.
1577 2906 1634 2945 20
1678 2913 1782 2946 eon·

98 2966 375 3069 iwnctiodcd.
559 2972 616 3012 23
647 2968 780 3013 nulla
803 2968 960 3023 pactio
991 2979 1080 3009 om.
1113 2964 1221 3008 edF.
1397 2966 1452 3006 26
1483 2961 1666 3006 colerem
1697 2958 1785 3003 LR.

98 3039 134 3070 c.
167 3031 209 3071 et
238 3039 263 3070 e
300 3062 310 3070 .

1342 3094 1429 3139 26⁸
