2014 3226
671 696 1044 752 AENEIDOS
1084 696 1305 750 LIBER
1344 698 1437 751 VI.

509 821 660 869 Deest
697 822 1048 883 interpretatio
1087 837 1318 869 versuum
1362 823 1592 869 1—157.
1984 883 1985 886 Ἴ

392 935 400 943 .
430 935 438 943 .
466 897 584 957 quia
622 911 767 957 quem
798 894 1094 958 perdidisset
1125 897 1174 942 et
1207 911 1352 956 quem
1384 898 1604 959 gemeret
1634 896 1900 945 nesciebat.
1982 923 1985 942 ;4

205 973 282 1018 cui
328 972 460 1029 fidus
498 969 709 1017 Achates
746 971 786 1016 it
823 983 976 1017 comes
1013 973 1058 1018 et
1083 970 1297 1029 paribus
1345 972 1476 1018 curis
1526 972 1725 1032 vestigia
1770 966 1903 1032 fiqit‘:
1983 964 1987 1050 ;

203 1044 312 1093 ibat
344 1060 455 1092 cum
485 1045 596 1106 ipso
621 1043 838 1092 Achates
869 1044 982 1107 pari
1010 1059 1130 1091 cura
1153 1058 1423 1106 possessus.
1478 1059 1591 1093 cum
1615 1060 1731 1093 vero
1754 1045 1900 1106 irent,
1974 1060 1987 1091 ι

119 1124 204 1163 160
220 1119 375 1168 multa
406 1120 532 1166 inter
562 1131 664 1166 sese
686 1119 824 1165 vario
849 1132 1066 1165 sermone
1087 1118 1322 1177 ferebant,
1353 1133 1492 1176 quem
1521 1119 1704 1166 socium
1737 1120 1900 1167 ewani-

205 1209 339 1242 mum
368 1195 517 1247 vates,
543 1192 670 1251 quod
694 1206 869 1251 corpus
890 1192 1194 1239 humandum
1219 1193 1417 1240 diceret:
1454 1193 1741 1240 tractabant
1770 1193 1902 1240 inter
1945 1171 1997 1263 ἢ

207 1283 256 1315 se
305 1268 416 1328 quis
463 1265 549 1313 ille
598 1268 726 1313 esset
771 1267 997 1313 mortuus
1045 1265 1125 1314 vel
1172 1267 1309 1313 cuius
1350 1281 1524 1327 corpus
1565 1266 1902 1328 sepeliendum

208 1341 404 1404 Sibylla
442 1341 786 1402 praecepisset.
862 1342 1105 1400 quantum
1142 1339 1222 1387 hic
1262 1340 1499 1388 laudatur
1535 1339 1655 1388 fides
1694 1340 1901 1388 Achatis
1985 1335 1987 1398 ᾖ

208 1418 258 1462 et
289 1413 532 1463 amicitia!
573 1413 775 1476 paribus
809 1413 940 1461 curis
975 1413 1216 1476 agebatur
1246 1415 1543 1476 tantumque
1573 1414 1902 1476 torquebatur
1983 1415 1988 1469 J·

208 1490 451 1551 quantum
505 1487 720 1546 Aeneas,
777 1487 839 1536 ad
894 1503 1040 1549 quem
1094 1489 1323 1549 specialis
1378 1489 1542 1537 luctus
1598 1491 1648 1536 et
1702 1489 1902 1536 amissio
1972 1476 1988 1542 ἓ,

208 1562 471 1611 necessarii
517 1560 812 1623 pertinebat.
891 1564 1032 1621 atque
1077 1562 1150 1609 illi
1189 1562 1440 1610 Misenum
1485 1564 1539 1610 in
1585 1563 1721 1610 litore
1765 1565 1902 1618 sicco,
1929 1563 1987 1614 10?

207 1637 260 1684 id
315 1638 390 1685 est
442 1637 495 1683 in
541 1636 728 1684 harena
778 1635 940 1684 litoris
989 1635 1104 1684 sicci
1159 1629 1259 1702 (est
1309 1636 1438 1684 enim
1487 1637 1537 1683 et
1581 1635 1737 1684 udum
1784 1635 1904 1684 litus
1980 1639 1982 1643 ’

208 1710 296 1759 ubi
334 1710 543 1773 pelagus
582 1702 921 1775 terminatur),
967 1713 1022 1757 ut
1066 1725 1255 1765 venere,
1303 1711 1465 1758 vident
1510 1711 1715 1771 indigna
1756 1714 1906 1758 morte
1972 1715 1979 1753 s

201 1788 527 1845 peremptum,
587 1784 839 1831 Misenum
895 1781 1156 1832 Aeoliden:
1220 1800 1335 1832 mox
1394 1786 1704 1847 agnoverunt
1759 1783 1907 1832 Mise-

210 1875 329 1906 num
390 1859 635 1906 iacentem
696 1858 798 1905 leto
859 1857 1135 1906 miserabili
1190 1859 1418 1907 occisum.
1496 1860 1751 1907 enumerat
1803 1858 1905 1906 iam
1966 1845 1987 1934 J

213 1948 338 1994 quae
376 1932 430 1980 in
467 1932 557 1980 illo
595 1933 704 1980 viro
745 1933 909 1979 essent
947 1931 1171 1980 dolenda.
1248 1932 1494 1980 Misenum
1531 1931 1787 1994 Aeoliden,
1830 1934 1904 1979 in-
1930 1935 1985 1991 ιεὲ,

213 2008 336 2068 quit,
374 2007 468 2054 hoc
508 2007 584 2054 est
621 2007 861 2090 sanguine
901 2007 1090 2068 optimo
1130 2006 1376 2069 genitum:
1417 2021 1525 2054 ecce
1558 2005 1654 2054 duo
1686 2006 1905 2070 indigna,
1982 2006 1987 2065 ἶ

211 2081 301 2129 leti
341 2095 494 2144 genus
535 2081 585 2127 et
623 2080 879 2143 sanguinis
918 2082 1063 2128 ratio.
1140 2094 1231 2140 quo
1270 2094 1369 2128 non
1405 2083 1740 2141 praestantior
1786 2081 1907 2128 alter
1982 2070 1987 2078 ’

126 2159 211 2199 165
229 2169 340 2203 aere
379 2156 500 2203 ciere
538 2155 669 2202 viros
706 2154 1017 2214 Martemque
1055 2154 1313 2219 accendere
1350 2157 1522 2203 cantu-.-
1559 2154 1751 2203 addidit
1783 2154 1907 2214 alia3

213 2244 329 2277 nam
375 2229 428 2276 in
473 2227 625 2276 tubae
665 2229 815 2275 cantu
852 2228 1018 2276 nullus
1056 2228 1265 2290 peritior
1302 2228 1419 2289 suit,
1459 2229 1625 2277 nullus
1663 2229 1796 2277 viros
1835 2229 1907 2276 sic

215 2301 527 2361 accendebat,
568 2317 679 2349 cum
717 2301 969 2350 veniretur
1009 2302 1069 2349 ad
1110 2316 1352 2364 campum.
1415 2301 1542 2350 dixit
1571 2304 1721 2363 viros,
1753 2317 1905 2364 quon·

189 2377 316 2423 ‘iam
376 2375 584 2423 inbelles
641 2378 691 2423 et
743 2375 910 2424 timidi
970 2375 1119 2424 nullis
1180 2375 1460 2424 hortatibus
1523 2377 1907 2425 commoventur.

214 2451 348 2499 viros
396 2464 513 2512 ergo
560 2448 704 2498 fortis
745 2449 975 2497 debemus
1015 2450 1259 2513 accipere,
1305 2464 1404 2498 non
1443 2449 1508 2497 ad
1546 2465 1688 2499 sexus
1727 2449 1904 2498 discre—

213 2524 415 2572 tionem.
493 2522 620 2570 dixit
673 2522 816 2584 haec,
871 2524 1082 2573 conserit
1135 2539 1329 2586 quoque
1382 2524 1503 2584 alia,
1549 2524 1773 2572 Hectoris
1815 2524 1911 2580 hic,
1981 2559 2001 2583 ἶ,

338 2683 359 2721 1
396 2679 509 2734 quia
540 2691 669 2734 quem
692 2677 735 2721 V
767 2693 806 2734 q.
831 2692 932 2722 cum
955 2678 1000 2722 H
1023 2692 1064 2735 q.
1089 2692 1189 2723 eum
1213 2678 1283 2722 ed.
1309 2692 1424 2735 quae
1447 2693 1574 2747 quem
1598 2677 1758 2722 Thilo.
1788 2678 1908 2723 haec

218 2737 279 2782 ad
309 2736 454 2782 verba
483 2735 728 2794 Vergilii,
733 2750 1004 2794 ,caecosque
1034 2737 1245 2782 volutat“
1277 2740 1365 2782 etc.
1396 2737 1631 2794 pertinere
1668 2739 1815 2795 patet.

218 2802 245 2842 2
277 2797 460 2854 ayathes
488 2795 533 2839 V
561 2795 704 2852 (infra.
733 2797 942 2854 achates).
1049 2800 1073 2840 ’1
1106 2797 1287 2841 achates
1309 2795 1353 2840 V
1383 2802 1475 2842 ·tae
1506 2797 1579 2841 ed.
1609 2797 1691 2841 -tis
1719 2810 1804 2840 nos
1836 2797 1911 2854 (ut
1985 2811 1987 2813 ’

217 2856 435 2901 Anchisia?
466 2857 583 2912 844).
715 2859 742 2898 8
769 2856 966 2911 paribus
990 2854 1033 2899 V
1062 2869 1179 2912 quae
1203 2870 1251 2912 p.
1279 2855 1350 2900 ed.
1393 2857 1401 2912 Ι
1449 2856 1704 2914 agebantur
1732 2855 1775 2899 V
1806 2853 1973 2913 (sed
1951 2858 1998 2870 “’

216 2915 573 3019 ιονςιαεὶἰὶιέἷειικι·)ξι
645 2918 702 2958 20
733 2927 943 2971 eampum
974 2913 1017 2958 V
1047 2913 1304 2971 conflictum
1335 2914 1408 2959 ed.
1512 2919 1565 2958 21
1599 2915 1776 2960 nullius
1803 2915 1907 2984 hor·

215 2974 382 3020 tatiani
501 2985 526 3018 e

864 3151 974 3222 s>
1074 3155 1078 3158 ⁴
1891 3155 1985 3226 ὲ
