2014 3226
758 174 1059 218 AENEIDOS
1090 175 1153 217 111
1699 178 1806 228 273

17 306 22 340 '⁴
116 316 189 361 ait
243 314 359 361 dare
414 313 655 361 classibus
710 316 927 374 austros,
982 318 1038 361 ut
1084 314 1146 361 ad
1195 316 1366 378 fugam
1414 317 1616 376 paratas
1665 318 1806 363 navis

0 387 1 396 ¹
114 388 379 435 efficerent.
455 387 572 435 dare
623 389 754 434 enim
805 391 1008 435 ventum
1059 390 1177 436 navi
1228 392 1302 437 est
1352 389 1550 438 flatibus
1601 388 1806 450 obicere,

112 465 171 510 ut
210 478 293 524 ag1
330 463 490 522 possit
529 462 663 509 auris
705 463 921 522 exceptis
961 464 1011 508 et
1050 462 1266 510 velocius
1307 479 1514 510 currere
1586 478 1694 522 emo
1734 465 1806 510 in-

112 540 395 583 stauramus
425 535 665 596 Polydoro
696 537 850 595 funus
882 539 924 583 et
956 538 1122 595 ingrens
1154 538 1399 596 ayqeritur
1431 537 1613 584 tunmlo
1645 538 1806 584 tellus:

32 602 37 684 1
66 626 86 658 5
111 613 242 657 stant
271 611 499 657 manibus
531 624 649 657 arae
680 610 914 656 caeruleis
944 614 1155 656 maestae
1186 611 1313 658 cittis
1345 614 1548 670 atraque
1582 625 1805 671 cupresso

31 694 36 757 ,ἰ
112 688 155 731 et
192 685 371 731 circum
400 684 590 731 Iliades
629 685 809 730 crinem
847 684 904 730 cle
941 697 1072 731 more
1102 685 1300 732 solutae.
1358 686 1618 742 inferimus
1647 686 1805 743 tepido
1838 690 1894 730 65

27 759 32 775 ”
108 759 392 817 spumantia
424 758 612 818 cymbia
644 758 764 804 lacte
793 759 1052 817 sanyue‘nis
1085 761 1127 804 ct
1156 760 1286 805 sacri
1318 762 1524 817 pateras
1563 760 1804 806 animam-

111 847 200 891 que
245 833 494 891 sepulchro
533 832 783 879 condimus
824 835 866 878 et
902 845 1085 890 mayna
1122 846 1406 891 supremum
1449 847 1559 879 voce
1605 835 1805 880 ciemus:

0 510 1 520 ³
31 508 35 554 Ι

110 906 235 953 laesi
272 921 441 954 manes
479 905 672 967 placari
712 904 983 952 debuerant
1022 906 1383 953 interveniente
1423 921 1675 954 sacrorum
1708 907 1803 954 sol-

44 997 87 1029 10
110 980 349 1027 lemnium
410 981 524 1027 ritu.
610 978 876 1027 accedebat
930 979 1061 1026 enim
1118 979 1179 1026 ad
1234 982 1565 1040 expiationem
1627 980 1804 1028 violati

111 1054 361 1115 sepulchri
415 1053 566 1100 etiam
619 1068 858 1114 personae
906 1054 1160 1113 meritum,
1209 1055 1328 1115 quia
1377 1054 1498 1101 civis
1544 1055 1707 1101 fuerat
1754 1057 1805 1101 et

18 1136 22 1154 ⁸
110 1127 287 1175 adfinis
318 1127 516 1174 Aeneae
554 1126 686 1174 filius
725 1129 855 1189 regis
897 1125 1127 1188 quodque
1158 1131 1419 1175 monuerat
1451 1131 1507 1175 ut
1539 1129 1803 1176 sceleratas

18 1197 22 1250 ἷ
108 1206 268 1250 terras
323 1203 373 1248 et
428 1216 634 1248 avarum
688 1201 808 1248 litus
865 1201 1069 1248 Troiani
1122 1201 1461 1262 relinquerent
1515 1206 1562 1249 et
1617 1204 1803 1263 apertis

22 1319 34 1325 -
108 1275 343 1337 periculis
383 1274 726 1322 liberarentur.
790 1291 907 1338 ergo
945 1275 1071 1322 talia
1111 1278 1229 1323 sunt
1268 1275 1488 1323 exhibita
1529 1292 1653 1337 quae
1692 1291 1803 1337 pos-

30 1366 85 1400 ·15
110 1352 219 1397 sent
258 1365 429 1397 curare
470 1349 605 1410 quod
635 1350 765 1397 male
796 1349 961 1396 fuerat
992 1352 1186 1412 gestum
1218 1351 1267 1396 et
1299 1365 1424 1411 quae
1455 1350 1610 1397 talem
1642 1365 1802 1397 sacro·

20 1465 23 1486 ζ
107 1441 219 1471 rum
274 1423 485 1485 speciem
540 1423 936 1471 demonstrarent
991 1439 1117 1484 quae
1172 1425 1326 1470 etiam
1374 1425 1546 1471 statim
1592 1425 1801 1471 mortuis

107 1497 327 1546 exhiberi
374 1497 644 1546 consuevit.
719 1497 814 1545 hac
860 1499 1116 1545 occasione
1162 1500 1312 1558 poeta
1360 1497 1529 1545 docuit
1570 1497 1802 1559 quemad-

107 1572 310 1620 modum
347 1571 535 1619 talibus
576 1572 736 1619 causis
775 1573 936 1633 possit
975 1572 1179 1620 occurri.

24 1645 38 1720 j
218 1647 346 1694 Inde
375 1647 460 1694 ubi
480 1647 652 1706 prima
681 1645 805 1704 fides
825 1646 1002 1706 pelayo
1025 1646 1320 1706 placataque
1346 1647 1475 1692 venti
1497 1645 1617 1693 dant
1639 1646 1802 1692 maria
1835 1650 1891 1689 70

24 1721 86 1770 ἴω
110 1723 153 1767 et
185 1719 307 1768 lenis
339 1722 580 1779 crepitans
611 1723 749 1767 vocat
779 1723 944 1768 auster
973 1721 1027 1767 in
1058 1720 1235 1767 altum:
1272 1735 1424 1766 unam
1461 1735 1566 1766 rem
1607 1719 1802 1780 copiose

107 1793 235 1841 dixit
280 1797 329 1842 et
375 1794 640 1842 ambitioso
687 1809 865 1857 genere
913 1809 1038 1855 quae
1084 1793 1396 1857 navigaturis
1451 1809 1508 1840 ex
1555 1793 1803 1840 sententia

107 1870 411 1929 occurrerat3
450 1884 568 1915 nam
604 1870 801 1930 tempus
838 1867 1071 1915 fiduciam
1110 1867 1276 1929 dabat,
1316 1882 1415 1928 quo
1449 1870 1497 1914 et
1527 1882 1662 1914 mare
1694 1866 1802 1927 pla-

106 1941 273 1990 cidum
311 1943 476 1990 fuerat
515 1944 565 1990 et
601 1941 751 1990 flatus
789 1943 862 1989 ita
899 1941 1179 2004 temperati,
1210 1943 1268 1988 ut
1299 1941 1508 1989 lenitate
1540 1941 1617 1990 sui
1648 1940 1799 1988 etiam

106 2016 292 2064 invitos
329 2017 524 2064 hortari
559 2016 841 2078 potuissent
879 2016 942 2063 ad
980 2015 1332 2079 navigandum.
1403 2015 1616 2076 denique
1654 2015 1800 2062 dedu-

29 2084 33 2094 ²
107 2093 222 2138 cimt
256 2092 375 2138 socii
411 2091 570 2146 navis,
610 2106 734 2152 quas
773 2091 999 2138 mansuri
1036 2089 1387 2148 subduxerant,
1427 2093 1470 2137 et
1507 2089 1653 2136 litora
1691 2102 1800 2136 con-

98 2164 259 2225 plent:
312 2167 362 2212 et
405 2163 688 2212 hominibus
735 2163 926 2212 scilicet
970 2167 1020 2211 et
1065 2162 1276 2210 navibus
1324 2161 1596 2225 opplebant
1633 2162 1800 2222 litora,

32 2295 34 2297 ¹
107 2237 343 2300 quoniam
381 2239 608 2286 omnibus
648 2237 863 2286 abeundi
901 2237 1069 2286 stabat
1106 2253 1207 2284 una
1245 2236 1506 2285 sententia.
1577 2237 1798 2296 provehi-

75 2333 80 2337 ·
105 2327 220 2360 mur
247 2316 399 2373 portu
438 2316 686 2371 terraeque
722 2313 958 2371 urbesque
994 2312 1243 2359 recedunt:
1289 2311 1388 2358 cito
1428 2309 1555 2358 dixit
1593 2311 1798 2373 naviga-

36 2402 38 2405 ·
105 2387 215 2434 tum
269 2389 319 2434 et
370 2385 424 2434 in
477 2386 638 2434 altum
689 2386 933 2448 producta
985 2385 1211 2448 navigia,
1264 2385 1317 2432 in
1362 2386 1560 2432 tantum
1606 2386 1664 2431 ut
1709 2398 1799 2431 nec

105 2461 240 2508 terra.
268 2459 380 2509 iam
416 2476 508 2508 nec
547 2459 697 2508 urbes
742 2459 1047 2508 viderentur.
1123 2472 1268 2507 sacra
1312 2459 1443 2506 mari
1488 2458 1661 2506 colitur
1703 2471 1799 2505 me·

105 2534 186 2582 dio
227 2535 511 2595 yratissima
556 2534 697 2582 tellus
737 2532 1007 2582 Nereidum
1050 2534 1199 2580 matri
1246 2535 1290 2581 et
1323 2532 1551 2592 Neptuno
1589 2529 1797 2591 Accam,

105 2622 254 2669 quam
303 2609 453 2669 prius
514 2609 782 2657 arcitenens
841 2621 955 2655 oras
1015 2609 1060 2655 et
1117 2607 1262 2654 litora
1323 2607 1505 2654 circum
1557 2608 1798 2653 errantem
1829 2608 1887 2648 ‘15

66 2756 71 2762 '
207 2754 254 2794 4
277 2763 408 2807 aqere
430 2749 517 2792 LE.
540 2749 776 2807 ayyeritwr
797 2763 833 2791 r.
911 2751 939 2792 8
961 2761 1210 2804 supernum
1234 2746 1321 2790 LR
1343 2759 1457 2790 corr.
1474 2760 1511 2789 r.
1590 2748 1645 2787 12
1669 2745 1798 2799 filius

77 2830 81 2833 ·
103 2806 195 2852 ῙιΒ,
215 2812 260 2853 et
278 2809 314 2863 f.
329 2807 440 2852 edF.
526 2812 581 2853 16
613 2808 940 2852 demonstraret
962 2805 1049 2849 LR
1065 2819 1179 2850 corr.
1190 2805 1301 2849 edF.
1389 2809 1442 2848 1⁷
1467 2804 1696 2850 consuevit
1710 2802 1797 2846 LR

105 2868 250 2912 -erint
269 2867 342 2912 ed.
371 2870 378 2924 Ι
403 2868 513 2912 haee
533 2866 622 2911 LR
642 2867 729 2911 hae
751 2881 775 2909 r
797 2865 869 2910 ed.
963 2869 1020 2909 23
1050 2866 1127 2909 sui
1148 2863 1237 2908 LR
1257 2878 1346 2909 sua
1369 2863 1479 2908 edF.
1572 2867 1628 2906 25
1659 2875 1795 2918 quam.

106 2925 193 2970 LR
223 2940 340 2983 quas
361 2926 433 2972 ed.
461 2926 470 2985 Ι
495 2926 684 2983 complet
705 2925 779 2970 ed.
870 2928 927 2968 28
958 2924 1132 2980 citoque
1161 2923 1363 2980 Lune
1394 2921 1484 2967 del.
1502 2921 1538 2965 L
1561 2921 1603 2965 11
1626 2934 1748 2965 man.
1773 2935 1798 2964 1·

75 3014 79 3021 ·
102 2999 245 3043 quam
274 2986 364 3030 cito
393 2985 465 3030 ed.
589 2989 645 3029 32
670 2985 809 3041 prius
838 2983 926 3028 LR
949 2984 1063 3040 pius
1092 2982 1231 3040 Verg.
1263 2981 1376 3026 libri
1406 2980 1631 3038 plerique.
1699 3024 1702 3027 ,

195 3066 615 3108 Don.intorprr..veg
649 3066 772 3100 voLI.
1384 3057 1439 3098 18
