2014 3226
756 168 1059 211 AENEIDOS
1091 169 1132 210 ΙΙ
1686 169 1790 219 20]-

104 309 322 357 diversos
367 308 525 356 hostis
573 309 787 368 venisse,
835 322 947 356 cum
993 308 1162 356 domui
1199 308 1390 356 Priami
1437 310 1591 356 soceri
1630 309 1706 355 sui
1747 312 1793 355 et

102 398 192 444 pro
225 398 283 430 ea
314 381 651 445 pugnantibus
684 384 885 443 cuperet
916 376 1221 449 subvenire)3
1262 386 1326 442 et,
1359 383 1401 430 si
1433 383 1539 430 fata
1569 383 1794 442 fuissent,

102 458 161 503 ut
206 455 452 514 caderem,
504 458 663 503 testor
711 449 792 521 (ut
838 457 904 503 sit
948 456 1091 504 Iliaci
1138 458 1326 504 cineres
1375 458 1425 504 et
1469 456 1670 503 flamma
1716 471 1793 502 ex-

102 532 262 577 trema
299 545 543 589 meorum,
587 545 676 577 vos
715 532 873 577 testor
912 531 982 577 sic
1021 530 1084 576 ad
1124 533 1371 578 certamen
1412 531 1589 591 exisse,
1629 533 1708 589 ut,
1751 530 1794 577 si

57 619 79 652 5
101 603 209 651 fieri
246 603 349 650 ullo
388 603 533 650 modo
575 605 842 665 potuisset,
889 604 1183 664 obtinerem,
1232 606 1308 652 sin
1355 620 1471 652 vero
1512 604 1648 651 aliud
1686 604 1794 652 fata

101 678 397 736 voluissent,
451 679 509 724 ut
559 677 805 738 caderem3
868 680 1133 739 utrumque
1181 679 1312 725 enim
1359 679 1467 726 viro
1515 678 1634 725 forti
1681 693 1792 725 con-

101 766 282 814 gruens
321 752 439 810 fuit,
488 753 752 812 utrumque
792 751 1083 815 gloriosum,
1124 755 1202 813 ut,
1243 754 1285 800 si
1322 755 1513 813 posset,
1563 753 1792 812 vinceret,

102 827 178 872 sin
231 840 347 873 vero
403 824 610 873 adverso
666 828 846 875 eventu
899 826 1077 873 fuisset
1131 828 1385 888 exceptus,
1440 842 1553 874 cum
1599 825 1792 887 patriae

100 899 333 963 genitalis
379 901 428 946 et
477 915 677 946 suorum
724 900 971 947 cineribus
1018 894 1290 966 interiret);
1351 902 1508 947 testor
1553 899 1792 947 meruisse

34 990 78 1020 ιο
99 988 263 1020 manu.
329 973 583 1035 aperiendi
620 974 799 1021 melius
830 973 978 1022 huius
1009 974 1107 1021 loci
1139 989 1291 1022 causa
1330 976 1619 1021 continuum
1660 973 1791 1021 dica-

99 1062 207 1094 mus
255 1046 586 1107 intellectum,
639 1047 711 1094 ibi
766 1049 816 1094 et
868 1048 1290 1109 pronuntiationis
1337 1050 1621 1095 invenietur
1666 1049 1791 1095 inte-

99 1122 278 1184 gritas:
310 1122 469 1168 testor
490 1136 594 1182 vos,
617 1120 763 1171 Iliaci
787 1123 974 1170 cineres
1000 1124 1049 1169 et
1071 1122 1273 1170 flamma
1305 1124 1523 1170 extrema
1554 1137 1790 1183 meorum,

96 1196 255 1242 testor
305 1196 359 1242 in
414 1210 591 1243 occasu
643 1198 809 1244 vestro
863 1211 962 1243 non
1015 1197 1241 1244 timuisse
1294 1211 1432 1243 arma
1479 1198 1529 1244 et
1572 1195 1791 1243 hostium

100 1269 247 1328 vices,
279 1271 329 1316 et
359 1283 471 1316 cum
503 1269 708 1318 alternis
739 1272 1039 1319 recentiores
1076 1273 1399 1331 occurrerent,
1442 1286 1596 1332 aeque
1635 1271 1791 1317 testor

12 1359 76 1390 ¹15
99 1358 199 1390 non
243 1344 469 1390 timuisse
508 1359 732 1407 pugnare
770 1345 851 1392 vel
889 1345 1039 1406 mori,
1093 1346 1164 1406 et,
1211 1346 1256 1392 si
1300 1345 1407 1392 fata
1452 1345 1684 1404 fuissent,
1733 1345 1792 1391 ut

99 1416 323 1464 caderem
364 1410 472 1483 (sic,
510 1419 692 1479 inquit,
730 1420 952 1480 processi
990 1383 1052 1466 ad
1091 1418 1297 1479 bellum,
1339 1434 1439 1466 non
1478 1420 1536 1466 ut
1572 1419 1789 1465 viverem

98 1490 442 1539 tantummodo
481 1507 656 1540 verum
694 1494 846 1541 etiam
886 1495 943 1540 ut
982 1493 1222 1554 caderem,
1256 1456 1299 1540 si
1336 1493 1429 1540 hoc
1467 1493 1574 1539 fata
1605 1492 1788 1540 voluis—

99 1557 254 1630 sent),
298 1565 476 1613 militis
523 1568 694 1614 autem
740 1566 904 1614 officio
942 1567 1169 1615 functum
1207 1568 1367 1615 testor
1403 1582 1480 1613 me
1519 1565 1787 1628 plurimum

97 1640 334 1687 meruisse
365 1639 458 1687 hoc
491 1642 566 1687 est
595 1640 862 1690 laborasse.
911 1642 1113 1702 cineres,
1144 1642 1325 1703 inquit,
1348 1640 1507 1701 Iliaci,
1542 1642 1596 1687 ut
1627 1642 1789 1688 osten-

30 1727 76 1767 to
98 1711 236 1760 deret
272 1728 372 1760 non
410 1714 706 1763 remansisse
744 1716 944 1776 praeter
982 1717 1208 1763 cinerem.
1274 1714 1463 1763 iuravit
1501 1715 1551 1761 et
1588 1714 1790 1762 flamma

98 1788 318 1834 extrema
345 1803 590 1836 meorum:
628 1791 847 1838 extrema
877 1789 1078 1837 flamma
1110 1792 1184 1838 est
1215 1805 1341 1850 quae
1372 1788 1462 1836 illo
1492 1803 1648 1850 usque
1678 1805 1788 1850 per-

99 1862 307 1921 severat,
331 1861 485 1909 donec
509 1864 576 1910 sit
599 1863 773 1924 aliqua
796 1862 1090 1924 substantia,
1117 1880 1216 1925 qua
1247 1878 1484 1912 conversa
1515 1864 1569 1909 in
1600 1863 1788 1910 cineres

98 1937 148 1982 et
191 1937 424 1983 materies
471 1937 621 1984 simul
665 1939 841 1985 interit
888 1939 938 1984 et
980 1939 1289 1986 consumitur
1325 1937 1622 1984 incendium.
1699 1952 1789 1998 per

95 2007 216 2062 haec
260 2010 419 2072 igitur
462 2010 663 2059 iurabat
700 2012 922 2073 Aeneas,
971 2013 1205 2073 quoniam
1247 2010 1395 2060 fidem
1431 2027 1598 2058 rerum
1635 2011 1788 2058 nullis

31 2096 75 2134 ⁸⁵
97 2085 296 2144 poterat
338 2083 550 2132 testibus
597 2085 894 2148 adprobare,
950 2102 1077 2148 quae
1129 2087 1398 2134 necessitas
1446 2100 1558 2132 cum
1604 2085 1788 2144 existit,

96 2157 199 2204 itur
229 2156 293 2205 ad
324 2173 383 2206 ea
415 2173 541 2219 quae
571 2161 817 2208 maximae
849 2163 966 2208 sunt
996 2161 1347 2220 venerationis,
1377 2161 1438 2206 ut
1468 2158 1603 2207 credi
1628 2160 1788 2220 possit

98 2229 230 2291 quod
282 2230 622 2281 deficientibus
676 2233 1016 2296 probamentis
1070 2233 1330 2282 adseritur.
1417 2233 1632 2281 adstruit
1683 2234 1788 2280 iam

73 2302 240 2353 —rebus
278 2306 559 2355 manifestis
593 2323 718 2369 quae
750 2308 1035 2372 collegerat,
1067 2323 1177 2356 cum
1209 2309 1414 2370 iuraret,
1444 2310 1503 2355 ut
1534 2307 1789 2355 evidenter

97 2378 326 2427 ostendat
370 2382 420 2427 et
467 2382 687 2429 animum
735 2398 876 2430 suum
925 2385 975 2430 et
1019 2382 1214 2430 labores
1259 2383 1511 2444 proprios,
1556 2380 1788 2429 firmabat

30 2459 77 2506 ἰο
95 2449 189 2501 hoc
225 2453 391 2514 ipsum
430 2453 635 2503 dicendo
675 2471 726 2504 se
765 2472 864 2505 non
903 2456 1098 2520 gladios
1135 2457 1362 2504 timuisse
1399 2456 1640 2517 hostium,
1686 2469 1787 2502 non

38 2597 49 2615 ,
217 2566 271 2607 11
298 2567 700 2620 pronuntiatzonis
730 2566 818 2610 LR
850 2567 1006 2612 -nibus
1037 2568 1107 2611 ed.
1142 2569 1216 2611 -ni
1245 2567 1317 2611 ed.
1343 2569 1463 2623 post.
1582 2570 1638 2610 ‘25
1671 2579 1787 2622 quae

68 2633 189 2669 nec.
205 2621 292 2665 LR
316 2625 427 2679 quia
457 2639 503 2671 n.
530 2625 601 2670 ed
695 2630 748 2669 27
783 2628 877 2670 iam
900 2625 988 2670 LR
1019 2632 1113 2670 tam
1137 2626 1209 2670 ed.
1303 2631 1359 2670 28
1391 2640 1507 2682 quae
1529 2625 1566 2668 L
1596 2639 1649 2669 ea
1671 2638 1786 2680 quae

32 2690 59 2734 εξ
95 2678 238 2726 RHO
262 2682 335 2727 ed.
428 2687 482 2727 29
514 2685 729 2740 firmabat
751 2685 840 2728 LR.
861 2685 1101 2742 firmatque
1123 2685 1166 2728 R
1191 2686 1294 2742 ipse
1323 2685 1523 2729 fortasse
1551 2684 1786 2739 firmabat-

95 2751 203 2840 ἕνα·
242 2740 429 2787 videtur
460 2742 585 2787 enim
617 2758 723 2788 cum
752 2758 868 2800 quae
897 2745 1133 2803 collegerat
1164 2745 1543 2802 coniungendum
1580 2755 1694 2788 esse.

125 2798 155 2840 0
170 2823 226 2831 -
244 2803 344 2854 208,
371 2806 393 2845 1
435 2816 529 2847 non
566 2804 652 2848 sub
688 2804 986 2848 recentiorum
1023 2805 1305 2849 succedentes
1333 2804 1422 2847 LR
1458 2817 1554 2847 non
1589 2801 1784 2869 hostium

97 2856 212 2902 vices
248 2835 344 2904 san?
375 2862 674 2907 recentiorum
711 2863 991 2908 succedentes
1019 2861 1058 2906 r'
1088 2865 1233 2909 armis
1269 2865 1379 2920 post
1407 2876 1491 2907 rec.
1524 2862 1684 2918 inepte
1713 2859 1784 2903 in-

59 2928 61 2930 ·
97 2916 244 2962 seruit
273 2918 344 2963 ed.
357 2919 599 3023 :dfortasse
622 2935 718 2966 non
739 2922 996 2967 subsidium
1017 2923 1316 2968 recentiorum
1336 2922 1603 2968 succedens?
1643 2933 1786 2975 neque

94 2986 181 3031 pro
209 2988 303 3021 non
334 2990 359 3021 e
