2014 3226
116 183 227 234 454
585 182 817 226 DONATI
848 182 1125 226 INTERPR.
1159 183 1336 227 VERG.

115 325 276 385 plenis
316 324 439 370 velis
481 324 616 370 venit
657 322 718 369 ad
757 325 963 381 terram,
1009 322 1092 370 sed
1133 338 1241 369 cum
1283 323 1444 370 adhuc
1482 324 1534 368 in
1575 323 1677 370 alto
1719 325 1807 384 est,

115 397 322 459 deponit
375 397 487 445 vela
542 399 590 443 et
644 397 901 458 navigium
957 395 1019 442 ad
1066 397 1185 444 litus
1232 397 1519 459 remigando
1566 397 1805 458 perducit.

116 471 369 532 quodquia
416 471 507 517 iste
556 486 651 517 non
693 469 868 516 habuit
907 485 1089 530 remos,
1130 471 1251 519 velis
1290 471 1449 531 plenis
1491 471 1626 518 subit
1664 471 1806 531 ostia,

114 545 247 606 quod
294 546 391 591 fuit
437 544 784 605 periculosum.
862 542 1135 603 Seryestum
1181 543 1376 592 Aeneas
1413 546 1656 603 promisso
1703 560 1806 591 mu-

111 633 226 666 ‘nere
279 619 448 665 donat:
512 634 621 664 cum
675 633 774 664 non
830 621 958 664 esset
1012 620 1216 665 meritus
1271 619 1546 679 praemium
1601 633 1805 678 sumere,
1853 636 1874 668 5

116 693 299 739 dicitur
340 691 614 753 accipiendi
653 707 823 751 causa,
864 708 924 738 ne
965 691 1160 739 Aeneae
1201 692 1440 739 iudicium
1481 692 1806 739 claudicaret:

115 769 371 821 servatam,
411 767 591 826 inquit⁷
633 767 688 812 ob
727 779 900 812 navem
939 766 1094 813 laetus
1132 768 1376 824 sociosque
1414 767 1657 814 reductos:
1708 782 1807 813 non

116 856 231 903 ergo
271 840 477 899 idcirco⁷
521 841 640 900 quia
679 840 860 886 meruit
899 854 1088 886 sumere
1129 840 1213 900 qui
1253 840 1549 888 novissimus
1590 841 1640 887 et
1679 840 1804 886 ludi-

114 914 306 962 briosus
360 916 586 974 venerat,
642 913 727 960 sed
783 913 901 974 quia
955 915 1069 974 post
1123 929 1326 975 gravem
1381 929 1548 962 casum
1598 914 1805 977 integris

113 989 315 1051 navigio
365 990 412 1034 et
460 988 605 1035 sociis
652 988 905 1034 remeavit.
984 987 1143 1035 laetus
1191 987 1348 1050 igitur
1393 988 1588 1035 Aeneas
1644 1003 1701 1034 ex
1748 1003 1804 1035 eo
1831 1005 1873 1037 10

112 1063 410 1123 promissum
458 1077 636 1109 munus
682 1076 739 1108 ac
778 1062 1091 1122 propositum
1131 1061 1279 1108 dedit.
1358 1063 1440 1108 om
1478 1077 1619 1109 serva
1659 1063 1806 1109 datur

111 1150 310 1195 operum
347 1136 468 1183 haut
504 1137 683 1195 tynam
723 1136 996 1190 Minervae,
1036 1135 1128 1182 hoc
1169 1137 1243 1182 est
1282 1151 1379 1183 non
1419 1137 1638 1183 nesciens
1679 1135 1805 1182 lani-

22 1214 108 1253 285
122 1209 310 1270 ficium,
358 1209 444 1257 sed
490 1209 674 1271 perita,
726 1208 902 1256 Cressa
944 1223 1119 1269 yemts,
1157 1209 1354 1265 Pholoe,
1397 1211 1670 1270 yeminique
1715 1210 1804 1257 sub

111 1284 253 1332 ubere
306 1285 436 1331 nati:
499 1285 664 1331 omnia
718 1285 939 1344 praemia
1002 1299 1113 1331 cum
1176 1283 1275 1330 suis
1330 1283 1560 1331 laudibus
1615 1285 1804 1345 posuit:

112 1358 365 1405 videamus
421 1357 629 1405 ancillae
684 1358 830 1404 istius
887 1356 1063 1418 quibus
1117 1357 1261 1405 rebus
1310 1359 1375 1405 sit
1423 1357 1653 1418 conpleta
1698 1358 1803 1404 lau·
1829 1375 1872 1408 15

112 1431 265 1492 datio,
306 1432 494 1479 scilicet
535 1447 660 1493 quae
700 1432 921 1479 mulieris
960 1446 1199 1492 personae
1240 1433 1558 1480 conveniant:
1599 1435 1648 1478 et
1679 1432 1804 1478 lani-

110 1505 299 1566 ficium,
345 1507 533 1567 inquit,
581 1507 790 1553 noverat
830 1507 879 1552 et
916 1505 1014 1552 fuit
1051 1505 1164 1566 plus
1205 1521 1356 1566 quam
1401 1506 1633 1566 fecunda3
1688 1521 1805 1552 nam

110 1579 232 1628 duos
287 1580 478 1627 ferebat
533 1579 596 1627 ad
649 1579 821 1639 ubera,
876 1595 998 1641 quos
1045 1595 1142 1626 uno
1189 1582 1341 1640 partu
1387 1582 1645 1650 genuerat3
1707 1579 1804 1627 fuit

110 1656 278 1701 autem
318 1652 505 1713 Cressa,
548 1653 690 1715 quasi
727 1654 821 1700 tali
858 1654 1058 1717 regione
1098 1654 1300 1700 veniens
1343 1669 1471 1714 quae
1510 1655 1803 1715 praecipuas

107 1728 318 1776 feminas
359 1728 592 1775 mitteret.
1828 1745 1870 1777 20

221 1802 328 1850 Hoc
356 1804 478 1862 pius
517 1801 710 1849 Aeneas
741 1802 887 1848 misso
927 1802 1207 1848 certamine:
1247 1802 1420 1865 misso,
1459 1817 1558 1848 non
1599 1801 1802 1849 dimisso

107 1875 236 1923 dixit
276 1878 420 1938 quasi
464 1876 660 1936 relicto,
710 1875 794 1922 sed
842 1875 1077 1923 confectis
1124 1875 1510 1922 liberalitatibus
1558 1875 1801 1936 expedito.

108 1949 259 1996 tendit
299 1953 607 2010 stamineum
659 1951 715 1997 in
761 1964 1010 2009 eampum:
1063 1949 1331 1997 transitum
1386 1950 1509 1996 facit
1556 1949 1620 1997 ad
1668 1948 1803 1996 aliud

105 2025 392 2072 certaminis
425 2039 580 2088 genus
619 2023 864 2085 descripto
904 2024 1154 2084 superiore
1188 2039 1299 2070 cum
1331 2023 1660 2071 admiratione
1698 2038 1800 2070 ma-

108 2113 221 2159 gna.
298 2098 391 2146 hoc
431 2100 560 2145 enim
600 2113 710 2145 cum
750 2099 878 2145 esset
916 2098 1045 2157 leve,
1093 2097 1288 2144 addidit
1334 2099 1381 2144 ei
1419 2099 1636 2161 gratiam
1674 2096 1799 2144 inse·
1825 2114 1868 2147 25

104 2170 260 2219 rendo
300 2173 465 2220 varios
506 2174 710 2220 eventus
742 2171 898 2233 ipsius
932 2172 1215 2219 certaminis
1257 2174 1307 2218 et
1343 2186 1483 2219 casus
1517 2171 1800 2232 aliquantos

105 2245 442 2306 describendo,
483 2248 720 2306 ceterum⁷
761 2246 803 2292 si
843 2245 1120 2306 simplicem
1160 2245 1541 2306 descriptionem
1579 2246 1801 2292 inmitte-

103 2321 186 2366 ret
235 2334 323 2366 nec
373 2319 505 2367 ullus
558 2321 790 2367 existeret
839 2333 980 2367 casus
1040 2321 1128 2366 aut
1178 2318 1282 2367 ulla
1333 2318 1606 2379 contentio,
1661 2318 1802 2366 nulla

106 2394 344 2440 existeret
375 2394 551 2456 gratia.
621 2395 804 2441 transit
835 2409 950 2456 ergo
984 2392 1046 2440 ab
1077 2393 1171 2440 hoc
1203 2393 1598 2454 spectaculorum
1622 2408 1799 2455 genere

104 2466 174 2514 ad
219 2468 529 2530 gramineum
576 2482 805 2528 campum
847 2467 939 2515 hoc
979 2469 1055 2515 est
1093 2482 1304 2514 vacuum
1344 2467 1404 2514 ab
1445 2468 1581 2515 omni
1619 2467 1800 2526 fructu,
1823 2481 1869 2515 ao

107 2556 169 2588 ne
209 2542 338 2589 esset
377 2540 575 2588 domino
622 2539 998 2600 detrimentum,
1045 2541 1089 2588 si
1127 2540 1270 2588 illum
1309 2541 1522 2602 populus
1555 2540 1800 2588 obtereret

107 2613 314 2676 pedibus
345 2615 460 2662 suis,
538 2629 676 2674 quem
707 2615 906 2662 collibus
929 2613 1144 2675 undique
1173 2615 1336 2663 curvis
1359 2615 1611 2674 cingebant
1632 2614 1799 2670 silvae,

229 2760 254 2800 3
287 2756 520 2812 quodquia
550 2754 636 2797 LR
675 2756 786 2811 quia
825 2768 926 2812 erqo
969 2753 1040 2798 ed.
1092 2755 1099 2811 1
1155 2755 1365 2799 habuerit
1394 2754 1512 2798 edFI
1543 2759 1696 2798 -uerat
1725 2753 1797 2797 ed.

101 2817 226 2871 post.
323 2819 347 2858 7
381 2815 526 2859 laetus
557 2827 644 2857 om.
664 2813 705 2856 R
729 2813 836 2857 add.
862 2813 911 2856 in
935 2827 1082 2870 marg.
1107 2827 1143 2856 r.
1239 2818 1265 2856 8
1298 2814 1467 2858 ideirco
1498 2813 1534 2856 L
1566 2813 1718 2869 inquit
1742 2813 1796 2856 R.

200 2878 255 2917 10
286 2874 498 2918 remearit
528 2873 636 2917 edF.
762 2877 815 2915 12
849 2873 1045 2927 lanificii
1077 2872 1147 2916 ed.
1264 2877 1319 2916 19
1350 2873 1567 2930 reliyione
1598 2871 1693 2915 HU
1725 2871 1796 2914 ed.
1939 2908 1946 2931 5

97 2945 223 2977 corr.
255 2933 328 2976 ed.
359 2934 479 2988 post.
602 2936 658 2975 26
692 2933 785 2987 ipsi
813 2931 862 2975 L.
907 2932 913 2987 Ι
963 2932 1232 2987 aliquantus
1261 2931 1297 2974 L
1331 2935 1417 2976 -tos
1446 2931 1489 2974 R
1520 2931 1694 2988 aliquot
1725 2930 1796 2974 ed.
1869 2987 1876 2992 ,
1943 2943 1948 2947 ·

197 2996 253 3036 31
286 2993 503 3050 obtegeret
531 2990 619 3035 LR
650 2991 720 3035 ed.
754 2991 966 3035 obtereret
994 3003 1092 3034 noe.
