<?xml version="1.0" encoding="UTF-8"?>
<!DOCTYPE html PUBLIC "-//W3C//DTD XHTML 1.0 Transitional//EN"
    "http://www.w3.org/TR/xhtml1/DTD/xhtml1-transitional.dtd">
<html xmlns="http://www.w3.org/1999/xhtml" xml:lang="en" lang="en">
 <head>
  <title>
</title>
<meta http-equiv="Content-Type" content="text/html;charset=utf-8" />
  <meta name='ocr-system' content='tesseract 3.04.00' />
  <meta name='ocr-capabilities' content='ocr_page ocr_carea ocr_par ocr_line ocrx_word'/>
</head>
<body>
  <div class='ocr_page' id='page_1' title='image "./interpretationes01donauoft_0598.png"; bbox 0 0 2014 3226; ppageno 0'>
   <div class='ocr_carea' id='block_1_1' title="bbox 200 172 1426 227">
    <p class='ocr_par' dir='ltr' id='par_1_1' title="bbox 200 172 1426 227">
     <span class='ocr_line' id='line_1_1' title="bbox 200 172 1426 227; baseline -0.009 0"><span class='ocrx_word' id='word_1_1' title='bbox 200 175 310 227; x_wconf 77' lang='lat'>548</span> <span class='ocrx_word' id='word_1_2' title='bbox 671 173 904 217; x_wconf 88' lang='lat' dir='ltr'><strong>DONATI</strong></span> <span class='ocrx_word' id='word_1_3' title='bbox 934 172 1214 216; x_wconf 85' lang='lat' dir='ltr'>INTERPR.</span> <span class='ocrx_word' id='word_1_4' title='bbox 1249 173 1426 216; x_wconf 86' lang='lat' dir='ltr'><strong>VERG.</strong></span> 
     </span>
    </p>
   </div>
   <div class='ocr_carea' id='block_1_2' title="bbox 202 312 1896 374">
    <p class='ocr_par' dir='ltr' id='par_1_2' title="bbox 202 307 1977 380">
     <span class='ocr_line' id='line_1_2' title="bbox 202 312 1896 374; baseline -0.002 -12"><span class='ocrx_word' id='word_1_5' title='bbox 202 315 381 362; x_wconf 89' lang='lat' dir='ltr'>habuit</span> <span class='ocrx_word' id='word_1_6' title='bbox 419 315 658 374; x_wconf 88' lang='lat' dir='ltr'>flammas,</span> <span class='ocrx_word' id='word_1_7' title='bbox 698 329 727 360; x_wconf 93' lang='lat' dir='ltr'>a</span> <span class='ocrx_word' id='word_1_8' title='bbox 767 313 1031 373; x_wconf 88' lang='lat' dir='ltr'>contrario,</span> <span class='ocrx_word' id='word_1_9' title='bbox 1080 314 1136 360; x_wconf 90' lang='lat' dir='ltr'>ut</span> <span class='ocrx_word' id='word_1_10' title='bbox 1174 313 1295 374; x_wconf 88' lang='lat' dir='ltr'>ipsis</span> <span class='ocrx_word' id='word_1_11' title='bbox 1337 312 1679 360; x_wconf 73' lang='lat' dir='ltr'>defenderetur</span> <span class='ocrx_word' id='word_1_12' title='bbox 1718 312 1896 374; x_wconf 89' lang='lat' dir='ltr'>quibus</span> 
     </span>
    </p>
   </div>
   <div class='ocr_carea' id='block_1_3' title="bbox 194 386 2012 671">
    <p class='ocr_par' dir='ltr' id='par_1_3' title="bbox 194 379 2012 671">
     <span class='ocr_line' id='line_1_3' title="bbox 201 386 2010 458; baseline -0.002 -22"><span class='ocrx_word' id='word_1_13' title='bbox 201 391 370 450; x_wconf 91' lang='lat' dir='ltr'>posset</span> <span class='ocrx_word' id='word_1_14' title='bbox 410 388 616 435; x_wconf 83' lang='lat' dir='ltr'><strong>absumi.</strong></span> <span class='ocrx_word' id='word_1_15' title='bbox 699 386 973 448; x_wconf 73' lang='lat' dir='ltr'>Geryones:</span> <span class='ocrx_word' id='word_1_16' title='bbox 1011 387 1134 434; x_wconf 87' lang='lat' dir='ltr'>haec</span> <span class='ocrx_word' id='word_1_17' title='bbox 1166 403 1361 447; x_wconf 89' lang='lat' dir='ltr'>quoque</span> <span class='ocrx_word' id='word_1_18' title='bbox 1393 387 1520 434; x_wconf 87' lang='lat' dir='ltr'>facie</span> <span class='ocrx_word' id='word_1_19' title='bbox 1552 387 1650 433; x_wconf 86' lang='lat' dir='ltr'>fuit</span> <span class='ocrx_word' id='word_1_20' title='bbox 1680 387 1898 435; x_wconf 86' lang='lat' dir='ltr'>humana</span> <span class='ocrx_word' id='word_1_21' title='bbox 1952 395 2010 458; x_wconf 84' lang='lat'><em>7</em></span> 
     </span>
     <span class='ocr_line' id='line_1_4' title="bbox 202 455 2009 524; baseline 0.001 -15"><span class='ocrx_word' id='word_1_22' title='bbox 202 478 293 524; x_wconf 88' lang='lat' dir='ltr'>pro</span> <span class='ocrx_word' id='word_1_23' title='bbox 336 462 530 523; x_wconf 80' lang='lat' dir='ltr'>capillis</span> <span class='ocrx_word' id='word_1_24' title='bbox 571 463 772 524; x_wconf 87' lang='lat' dir='ltr'>gestans</span> <span class='ocrx_word' id='word_1_25' title='bbox 822 461 876 507; x_wconf 89' lang='lat' dir='ltr'>in</span> <span class='ocrx_word' id='word_1_26' title='bbox 926 460 1090 522; x_wconf 92' lang='lat' dir='ltr'>capite</span> <span class='ocrx_word' id='word_1_27' title='bbox 1137 462 1422 521; x_wconf 87' lang='lat' dir='ltr'>serpentum</span> <span class='ocrx_word' id='word_1_28' title='bbox 1471 460 1686 507; x_wconf 91' lang='lat' dir='ltr'>turbam.</span> <span class='ocrx_word' id='word_1_29' title='bbox 1762 461 1898 508; x_wconf 88' lang='lat' dir='ltr'>Har·</span> <span class='ocrx_word' id='word_1_30' title='bbox 1952 455 2009 522; x_wconf 46' lang='grc' dir='ltr'>’μ’</span> 
     </span>
     <span class='ocr_line' id='line_1_5' title="bbox 194 521 2011 597; baseline -0.002 -13"><span class='ocrx_word' id='word_1_31' title='bbox 194 538 464 597; x_wconf 63' lang='lat' dir='ltr'>py‘iaequc:</span> <span class='ocrx_word' id='word_1_32' title='bbox 503 535 758 597; x_wconf 76' lang='lat' dir='ltr'>Harpyiae</span> <span class='ocrx_word' id='word_1_33' title='bbox 791 534 961 596; x_wconf 84' lang='lat' dir='ltr'>quales</span> <span class='ocrx_word' id='word_1_34' title='bbox 994 534 1194 595; x_wconf 81' lang='lat' dir='ltr'>fuerint,</span> <span class='ocrx_word' id='word_1_35' title='bbox 1237 550 1385 596; x_wconf 87' lang='lat' dir='ltr'>quam</span> <span class='ocrx_word' id='word_1_36' title='bbox 1417 534 1688 596; x_wconf 75' lang='lat' dir='ltr'>multiplici</span> <span class='ocrx_word' id='word_1_37' title='bbox 1717 536 1899 582; x_wconf 81' lang='lat' dir='ltr'>natura</span> <span class='ocrx_word' id='word_1_38' title='bbox 2007 521 2011 538; x_wconf 74' lang='grc'><strong>’</strong></span> 
     </span>
     <span class='ocr_line' id='line_1_6' title="bbox 205 604 2012 671; baseline -0.002 -14"><span class='ocrx_word' id='word_1_39' title='bbox 205 610 489 671; x_wconf 74' lang='lat' dir='ltr'>conpositae</span> <span class='ocrx_word' id='word_1_40' title='bbox 551 610 728 656; x_wconf 88' lang='lat' dir='ltr'>tertius</span> <span class='ocrx_word' id='word_1_41' title='bbox 783 608 909 655; x_wconf 92' lang='lat' dir='ltr'>liber</span> <span class='ocrx_word' id='word_1_42' title='bbox 971 608 1202 656; x_wconf 72' lang='lat' dir='ltr'>ostendit.</span> <span class='ocrx_word' id='word_1_43' title='bbox 1303 612 1346 655; x_wconf 91' lang='lat' dir='ltr'>et</span> <span class='ocrx_word' id='word_1_44' title='bbox 1396 610 1559 668; x_wconf 79' lang='lat' dir='ltr'>fornia</span> <span class='ocrx_word' id='word_1_45' title='bbox 1621 609 1900 668; x_wconf 75' lang='lat' dir='ltr'>tricorporis</span> <span class='ocrx_word' id='word_1_46' title='bbox 1959 604 2012 667; x_wconf 53' lang='lat' dir='ltr'>{ffi-</span> 
     </span>
    </p>
   </div>
   <div class='ocr_carea' id='block_1_4' title="bbox 111 681 1995 1630">
    <p class='ocr_par' dir='ltr' id='par_1_4' title="bbox 111 681 1995 1630">
     <span class='ocr_line' id='line_1_7' title="bbox 202 681 1965 745; baseline -0.001 -15"><span class='ocrx_word' id='word_1_47' title='bbox 202 685 432 731; x_wconf 80' lang='lat' dir='ltr'>umbrae:</span> <span class='ocrx_word' id='word_1_48' title='bbox 473 681 756 745; x_wconf 83' lang='lat' dir='ltr'>Geryonum</span> <span class='ocrx_word' id='word_1_49' title='bbox 794 682 1045 743; x_wconf 78' lang='lat' dir='ltr'>triplicem</span> <span class='ocrx_word' id='word_1_50' title='bbox 1083 683 1235 730; x_wconf 87' lang='lat' dir='ltr'>fuisse</span> <span class='ocrx_word' id='word_1_51' title='bbox 1282 682 1495 729; x_wconf 89' lang='lat' dir='ltr'>formam</span> <span class='ocrx_word' id='word_1_52' title='bbox 1541 683 1780 729; x_wconf 91' lang='lat' dir='ltr'>memoria</span> <span class='ocrx_word' id='word_1_53' title='bbox 1819 697 1900 729; x_wconf 85' lang='lat' dir='ltr'>ve-</span> <span class='ocrx_word' id='word_1_54' title='bbox 1952 694 1965 709; x_wconf 63' lang='lat'>²</span> 
     </span>
     <span class='ocr_line' id='line_1_8' title="bbox 111 756 1965 819; baseline 0.001 -17"><span class='ocrx_word' id='word_1_55' title='bbox 111 762 202 803; x_wconf 72' lang='lat'>290</span> <span class='ocrx_word' id='word_1_56' title='bbox 220 760 382 805; x_wconf 89' lang='lat' dir='ltr'>terum</span> <span class='ocrx_word' id='word_1_57' title='bbox 436 756 670 819; x_wconf 84' lang='lat' dir='ltr'>prodidit.</span> <span class='ocrx_word' id='word_1_58' title='bbox 757 757 957 815; x_wconf 74' lang='lat' dir='ltr'>corripit</span> <span class='ocrx_word' id='word_1_59' title='bbox 1016 757 1092 804; x_wconf 77' lang='lat' dir='ltr'>liic</span> <span class='ocrx_word' id='word_1_60' title='bbox 1145 756 1307 804; x_wconf 81' lang='lat' dir='ltr'>subita</span> <span class='ocrx_word' id='word_1_61' title='bbox 1367 756 1585 816; x_wconf 80' lang='lat' dir='ltr'>trepidus</span> <span class='ocrx_word' id='word_1_62' title='bbox 1638 757 1902 815; x_wconf 81' lang='lat' dir='ltr'>formidine</span> <span class='ocrx_word' id='word_1_63' title='bbox 1962 780 1965 794; x_wconf 57' lang='lat' dir='ltr'><em>e</em></span> 
     </span>
     <span class='ocr_line' id='line_1_9' title="bbox 205 830 1970 892; baseline -0.001 -14"><span class='ocrx_word' id='word_1_64' title='bbox 205 833 394 892; x_wconf 78' lang='lat' dir='ltr'>ferrum</span> <span class='ocrx_word' id='word_1_65' title='bbox 424 831 620 878; x_wconf 83' lang='lat' dir='ltr'>Aeneas</span> <span class='ocrx_word' id='word_1_66' title='bbox 649 832 959 891; x_wconf 75' lang='lat' dir='ltr'>strictamque</span> <span class='ocrx_word' id='word_1_67' title='bbox 991 831 1143 878; x_wconf 85' lang='lat' dir='ltr'>aciem</span> <span class='ocrx_word' id='word_1_68' title='bbox 1173 831 1473 878; x_wconf 80' lang='lat' dir='ltr'>venientibus</span> <span class='ocrx_word' id='word_1_69' title='bbox 1504 831 1668 891; x_wconf 83' lang='lat' dir='ltr'>offert:</span> <span class='ocrx_word' id='word_1_70' title='bbox 1706 830 1900 877; x_wconf 86' lang='lat' dir='ltr'>Aeneas</span> <span class='ocrx_word' id='word_1_71' title='bbox 1956 847 1970 870; x_wconf 70' lang='lat' dir='ltr'><em>s</em></span> 
     </span>
     <span class='ocr_line' id='line_1_10' title="bbox 203 904 1981 966; baseline -0.001 -14"><span class='ocrx_word' id='word_1_72' title='bbox 203 906 323 953; x_wconf 83' lang='lat' dir='ltr'>visis</span> <span class='ocrx_word' id='word_1_73' title='bbox 355 907 433 952; x_wconf 90' lang='lat' dir='ltr'>tot</span> <span class='ocrx_word' id='word_1_74' title='bbox 463 905 610 952; x_wconf 88' lang='lat' dir='ltr'>malis</span> <span class='ocrx_word' id='word_1_75' title='bbox 643 907 694 952; x_wconf 91' lang='lat' dir='ltr'>et</span> <span class='ocrx_word' id='word_1_76' title='bbox 723 904 986 966; x_wconf 88' lang='lat' dir='ltr'>repentina</span> <span class='ocrx_word' id='word_1_77' title='bbox 1026 904 1290 952; x_wconf 89' lang='lat' dir='ltr'>formidine</span> <span class='ocrx_word' id='word_1_78' title='bbox 1321 904 1554 952; x_wconf 86' lang='lat' dir='ltr'>turbatus</span> <span class='ocrx_word' id='word_1_79' title='bbox 1586 904 1902 951; x_wconf 87' lang='lat' dir='ltr'>vehementer</span> <span class='ocrx_word' id='word_1_80' title='bbox 1978 912 1981 932; x_wconf 76' lang='lat'>³</span> 
     </span>
     <span class='ocr_line' id='line_1_11' title="bbox 205 966 1981 1040; baseline -0.001 -13"><span class='ocrx_word' id='word_1_81' title='bbox 205 980 431 1028; x_wconf 87' lang='lat' dir='ltr'>strictam</span> <span class='ocrx_word' id='word_1_82' title='bbox 471 979 626 1026; x_wconf 86' lang='lat' dir='ltr'>aciem</span> <span class='ocrx_word' id='word_1_83' title='bbox 665 978 978 1026; x_wconf 85' lang='lat' dir='ltr'>venientibus</span> <span class='ocrx_word' id='word_1_84' title='bbox 1019 978 1257 1026; x_wconf 89' lang='lat' dir='ltr'>offerebat</span> <span class='ocrx_word' id='word_1_85' title='bbox 1288 977 1443 1040; x_wconf 84' lang='lat' dir='ltr'>gladii</span> <span class='ocrx_word' id='word_1_86' title='bbox 1476 978 1744 1025; x_wconf 87' lang='lat' dir='ltr'>aestimans</span> <span class='ocrx_word' id='word_1_87' title='bbox 1784 977 1898 1025; x_wconf 83' lang='lat' dir='ltr'>illas</span> <span class='ocrx_word' id='word_1_88' title='bbox 1946 994 1950 997; x_wconf 84' lang='grc'><strong>’</strong></span> <span class='ocrx_word' id='word_1_89' title='bbox 1979 966 1981 971; x_wconf 53' lang='grc'><strong>’</strong></span> 
     </span>
     <span class='ocr_line' id='line_1_12' title="bbox 205 1051 1898 1113; baseline -0.001 -12"><span class='ocrx_word' id='word_1_90' title='bbox 205 1055 364 1102; x_wconf 87' lang='lat' dir='ltr'>omnis</span> <span class='ocrx_word' id='word_1_91' title='bbox 403 1055 739 1100; x_wconf 87' lang='lat' dir='ltr'>monstrorum</span> <span class='ocrx_word' id='word_1_92' title='bbox 777 1053 962 1100; x_wconf 87' lang='lat' dir='ltr'>formas</span> <span class='ocrx_word' id='word_1_93' title='bbox 1002 1052 1193 1113; x_wconf 90' lang='lat' dir='ltr'>aliquid</span> <span class='ocrx_word' id='word_1_94' title='bbox 1241 1067 1448 1099; x_wconf 88' lang='lat' dir='ltr'>ausuras</span> <span class='ocrx_word' id='word_1_95' title='bbox 1489 1051 1685 1100; x_wconf 88' lang='lat' dir='ltr'>adversi</span> <span class='ocrx_word' id='word_1_96' title='bbox 1722 1053 1898 1100; x_wconf 87' lang='lat' dir='ltr'>facere.</span> 
     </span>
     <span class='ocr_line' id='line_1_13' title="bbox 207 1126 1902 1186; baseline -0.001 -11"><span class='ocrx_word' id='word_1_97' title='bbox 207 1131 247 1175; x_wconf 89' lang='lat' dir='ltr'>et</span> <span class='ocrx_word' id='word_1_98' title='bbox 284 1130 338 1175; x_wconf 85' lang='lat' dir='ltr'>ni</span> <span class='ocrx_word' id='word_1_99' title='bbox 376 1127 515 1175; x_wconf 82' lang='lat' dir='ltr'>docta</span> <span class='ocrx_word' id='word_1_100' title='bbox 554 1141 707 1175; x_wconf 80' lang='lat' dir='ltr'>comes</span> <span class='ocrx_word' id='word_1_101' title='bbox 745 1128 902 1174; x_wconf 80' lang='lat' dir='ltr'>tenuis</span> <span class='ocrx_word' id='word_1_102' title='bbox 939 1128 1043 1174; x_wconf 80' lang='lat' dir='ltr'>sine</span> <span class='ocrx_word' id='word_1_103' title='bbox 1083 1140 1279 1186; x_wconf 85' lang='lat' dir='ltr'>corpore</span> <span class='ocrx_word' id='word_1_104' title='bbox 1324 1128 1450 1174; x_wconf 81' lang='lat' dir='ltr'>vitas</span> <span class='ocrx_word' id='word_1_105' title='bbox 1489 1126 1748 1174; x_wconf 81' lang='lat' dir='ltr'>admoneat</span> <span class='ocrx_word' id='word_1_106' title='bbox 1783 1127 1902 1174; x_wconf 83' lang='lat' dir='ltr'>voli-</span> 
     </span>
     <span class='ocr_line' id='line_1_14' title="bbox 205 1200 1902 1261; baseline -0.001 -13"><span class='ocrx_word' id='word_1_107' title='bbox 205 1204 310 1250; x_wconf 90' lang='lat' dir='ltr'>tare</span> <span class='ocrx_word' id='word_1_108' title='bbox 348 1216 469 1249; x_wconf 85' lang='lat' dir='ltr'>cava</span> <span class='ocrx_word' id='word_1_109' title='bbox 508 1202 597 1249; x_wconf 82' lang='lat' dir='ltr'>sub</span> <span class='ocrx_word' id='word_1_110' title='bbox 636 1202 847 1261; x_wconf 74' lang='lat' dir='ltr'>imayine</span> <span class='ocrx_word' id='word_1_111' title='bbox 885 1201 1094 1260; x_wconf 77' lang='lat' dir='ltr'>formae,</span> <span class='ocrx_word' id='word_1_112' title='bbox 1133 1200 1304 1248; x_wconf 86' lang='lat' dir='ltr'>inruat</span> <span class='ocrx_word' id='word_1_113' title='bbox 1343 1204 1385 1248; x_wconf 89' lang='lat' dir='ltr'>et</span> <span class='ocrx_word' id='word_1_114' title='bbox 1428 1201 1620 1260; x_wconf 81' lang='lat' dir='ltr'>frustra</span> <span class='ocrx_word' id='word_1_115' title='bbox 1658 1202 1790 1260; x_wconf 81' lang='lat' dir='ltr'>ferro</span> <span class='ocrx_word' id='word_1_116' title='bbox 1829 1200 1902 1247; x_wconf 82' lang='lat' dir='ltr'>di-</span> 
     </span>
     <span class='ocr_line' id='line_1_15' title="bbox 204 1273 1901 1336; baseline 0 -14"><span class='ocrx_word' id='word_1_117' title='bbox 204 1276 415 1324; x_wconf 74' lang='lat' dir='ltr'>verberet</span> <span class='ocrx_word' id='word_1_118' title='bbox 465 1276 690 1323; x_wconf 78' lang='lat' dir='ltr'>umbras:</span> <span class='ocrx_word' id='word_1_119' title='bbox 740 1275 838 1322; x_wconf 91' lang='lat' dir='ltr'>nisi</span> <span class='ocrx_word' id='word_1_120' title='bbox 886 1274 1144 1321; x_wconf 89' lang='lat' dir='ltr'>turbatum</span> <span class='ocrx_word' id='word_1_121' title='bbox 1196 1273 1390 1336; x_wconf 80' lang='lat' dir='ltr'>Sibylla</span> <span class='ocrx_word' id='word_1_122' title='bbox 1441 1273 1689 1322; x_wconf 83' lang='lat' dir='ltr'>docuisset</span> <span class='ocrx_word' id='word_1_123' title='bbox 1737 1273 1901 1322; x_wconf 87' lang='lat' dir='ltr'>inanis</span> 
     </span>
     <span class='ocr_line' id='line_1_16' title="bbox 205 1348 1950 1411; baseline -0.001 -14"><span class='ocrx_word' id='word_1_124' title='bbox 205 1350 391 1398; x_wconf 87' lang='lat' dir='ltr'>formas</span> <span class='ocrx_word' id='word_1_125' title='bbox 425 1350 529 1397; x_wconf 90' lang='lat' dir='ltr'>sine</span> <span class='ocrx_word' id='word_1_126' title='bbox 562 1348 849 1411; x_wconf 89' lang='lat' dir='ltr'>corporibus</span> <span class='ocrx_word' id='word_1_127' title='bbox 891 1364 1009 1408; x_wconf 86' lang='lat' dir='ltr'>esse,</span> <span class='ocrx_word' id='word_1_128' title='bbox 1048 1351 1106 1395; x_wconf 92' lang='lat' dir='ltr'>ut</span> <span class='ocrx_word' id='word_1_129' title='bbox 1135 1364 1213 1396; x_wconf 91' lang='lat' dir='ltr'>res</span> <span class='ocrx_word' id='word_1_130' title='bbox 1246 1348 1356 1410; x_wconf 89' lang='lat' dir='ltr'>ipsa</span> <span class='ocrx_word' id='word_1_131' title='bbox 1386 1348 1657 1411; x_wconf 83' lang='lat' dir='ltr'>indicabat,</span> <span class='ocrx_word' id='word_1_132' title='bbox 1694 1350 1900 1410; x_wconf 89' lang='lat' dir='ltr'>paratus</span> <span class='ocrx_word' id='word_1_133' title='bbox 1940 1362 1950 1387; x_wconf 67' lang='grc' dir='ltr'>ι·</span> 
     </span>
     <span class='ocr_line' id='line_1_17' title="bbox 207 1422 1987 1487; baseline -0.001 -16"><span class='ocrx_word' id='word_1_134' title='bbox 207 1426 314 1471; x_wconf 90' lang='lat' dir='ltr'>erat</span> <span class='ocrx_word' id='word_1_135' title='bbox 344 1440 568 1487; x_wconf 84' lang='lat' dir='ltr'>pugnare</span> <span class='ocrx_word' id='word_1_136' title='bbox 599 1424 787 1471; x_wconf 87' lang='lat' dir='ltr'>frustra</span> <span class='ocrx_word' id='word_1_137' title='bbox 820 1425 870 1470; x_wconf 92' lang='lat' dir='ltr'>et</span> <span class='ocrx_word' id='word_1_138' title='bbox 899 1423 1099 1470; x_wconf 89' lang='lat' dir='ltr'>umbras</span> <span class='ocrx_word' id='word_1_139' title='bbox 1132 1422 1364 1484; x_wconf 89' lang='lat' dir='ltr'>adpetere</span> <span class='ocrx_word' id='word_1_140' title='bbox 1396 1423 1449 1469; x_wconf 88' lang='lat' dir='ltr'>in</span> <span class='ocrx_word' id='word_1_141' title='bbox 1481 1437 1690 1482; x_wconf 87' lang='lat' dir='ltr'>cassum,</span> <span class='ocrx_word' id='word_1_142' title='bbox 1727 1423 1901 1484; x_wconf 87' lang='lat' dir='ltr'>utpote</span> <span class='ocrx_word' id='word_1_143' title='bbox 1981 1425 1987 1478; x_wconf 73' lang='lat' dir='ltr'><em>J</em></span> 
     </span>
     <span class='ocr_line' id='line_1_18' title="bbox 205 1497 1995 1562; baseline -0.001 -18"><span class='ocrx_word' id='word_1_144' title='bbox 205 1497 523 1559; x_wconf 87' lang='lat' dir='ltr'>incorporeas</span> <span class='ocrx_word' id='word_1_145' title='bbox 563 1514 686 1560; x_wconf 87' lang='lat' dir='ltr'>quas</span> <span class='ocrx_word' id='word_1_146' title='bbox 727 1497 873 1544; x_wconf 87' lang='lat' dir='ltr'>ferire</span> <span class='ocrx_word' id='word_1_147' title='bbox 913 1512 1012 1544; x_wconf 92' lang='lat' dir='ltr'>non</span> <span class='ocrx_word' id='word_1_148' title='bbox 1052 1499 1231 1558; x_wconf 87' lang='lat' dir='ltr'>posset.</span> <span class='ocrx_word' id='word_1_149' title='bbox 1979 1503 1995 1562; x_wconf 65' lang='lat'>&#39;7</span> 
     </span>
     <span class='ocr_line' id='line_1_19' title="bbox 121 1569 1903 1630; baseline 0.001 -14"><span class='ocrx_word' id='word_1_150' title='bbox 121 1576 206 1616; x_wconf 81' lang='lat'>295</span> <span class='ocrx_word' id='word_1_151' title='bbox 321 1573 456 1619; x_wconf 81' lang='lat' dir='ltr'>Hinc</span> <span class='ocrx_word' id='word_1_152' title='bbox 492 1573 576 1620; x_wconf 82' lang='lat' dir='ltr'>via</span> <span class='ocrx_word' id='word_1_153' title='bbox 610 1572 839 1619; x_wconf 85' lang='lat' dir='ltr'>Tartarei</span> <span class='ocrx_word' id='word_1_154' title='bbox 870 1586 994 1630; x_wconf 78' lang='lat' dir='ltr'>quac</span> <span class='ocrx_word' id='word_1_155' title='bbox 1024 1572 1119 1630; x_wconf 79' lang='lat' dir='ltr'>fert</span> <span class='ocrx_word' id='word_1_156' title='bbox 1150 1569 1436 1619; x_wconf 73' lang='lat' dir='ltr'>Acherontis</span> <span class='ocrx_word' id='word_1_157' title='bbox 1467 1570 1534 1617; x_wconf 84' lang='lat' dir='ltr'>ad</span> <span class='ocrx_word' id='word_1_158' title='bbox 1563 1571 1750 1618; x_wconf 84' lang='lat' dir='ltr'>undas:</span> <span class='ocrx_word' id='word_1_159' title='bbox 1787 1570 1903 1618; x_wconf 86' lang='lat' dir='ltr'>hinc</span> 
     </span>
    </p>
   </div>
   <div class='ocr_carea' id='block_1_5' title="bbox 206 1644 1995 1707">
    <p class='ocr_par' dir='ltr' id='par_1_5' title="bbox 206 1644 1995 1707">
     <span class='ocr_line' id='line_1_20' title="bbox 206 1644 1995 1707; baseline -0.002 -13"><span class='ocrx_word' id='word_1_160' title='bbox 206 1646 290 1694; x_wconf 86' lang='lat' dir='ltr'>via</span> <span class='ocrx_word' id='word_1_161' title='bbox 329 1646 422 1693; x_wconf 92' lang='lat' dir='ltr'>hoc</span> <span class='ocrx_word' id='word_1_162' title='bbox 461 1649 536 1694; x_wconf 88' lang='lat' dir='ltr'>est</span> <span class='ocrx_word' id='word_1_163' title='bbox 582 1662 639 1693; x_wconf 86' lang='lat' dir='ltr'>ex</span> <span class='ocrx_word' id='word_1_164' title='bbox 685 1645 774 1693; x_wconf 93' lang='lat' dir='ltr'>illo</span> <span class='ocrx_word' id='word_1_165' title='bbox 821 1645 929 1693; x_wconf 91' lang='lat' dir='ltr'>loco</span> <span class='ocrx_word' id='word_1_166' title='bbox 978 1661 1126 1707; x_wconf 88' lang='lat' dir='ltr'>quem</span> <span class='ocrx_word' id='word_1_167' title='bbox 1173 1660 1323 1706; x_wconf 91' lang='lat' dir='ltr'>supra</span> <span class='ocrx_word' id='word_1_168' title='bbox 1370 1645 1632 1707; x_wconf 86' lang='lat' dir='ltr'>descripsit</span> <span class='ocrx_word' id='word_1_169' title='bbox 1680 1644 1903 1692; x_wconf 87' lang='lat' dir='ltr'>tenditur</span> <span class='ocrx_word' id='word_1_170' title='bbox 1990 1646 1995 1650; x_wconf 67' lang='grc'>’</span> 
     </span>
    </p>
   </div>
   <div class='ocr_carea' id='block_1_6' title="bbox 126 1719 1994 2670">
    <p class='ocr_par' dir='ltr' id='par_1_6' title="bbox 126 1719 1994 2670">
     <span class='ocr_line' id='line_1_21' title="bbox 206 1719 1990 1782; baseline -0.001 -14"><span class='ocrx_word' id='word_1_171' title='bbox 206 1736 363 1782; x_wconf 89' lang='lat' dir='ltr'>usque</span> <span class='ocrx_word' id='word_1_172' title='bbox 404 1720 467 1767; x_wconf 90' lang='lat' dir='ltr'>ad</span> <span class='ocrx_word' id='word_1_173' title='bbox 503 1719 715 1768; x_wconf 87' lang='lat' dir='ltr'>fluvium</span> <span class='ocrx_word' id='word_1_174' title='bbox 745 1719 1055 1767; x_wconf 86' lang='lat' dir='ltr'>Acherontis.</span> <span class='ocrx_word' id='word_1_175' title='bbox 1133 1719 1358 1767; x_wconf 79' lang='lat' dir='ltr'>turbidus</span> <span class='ocrx_word' id='word_1_176' title='bbox 1388 1720 1463 1766; x_wconf 76' lang='lat' dir='ltr'>hic</span> <span class='ocrx_word' id='word_1_177' title='bbox 1493 1733 1639 1766; x_wconf 85' lang='lat' dir='ltr'>caeno</span> <span class='ocrx_word' id='word_1_178' title='bbox 1670 1721 1903 1777; x_wconf 77' lang='lat' dir='ltr'>vastaque</span> <span class='ocrx_word' id='word_1_179' title='bbox 1988 1723 1990 1730; x_wconf 84' lang='grc'><em>’</em></span> 
     </span>
     <span class='ocr_line' id='line_1_22' title="bbox 207 1791 1993 1855; baseline -0.001 -13"><span class='ocrx_word' id='word_1_180' title='bbox 207 1795 438 1854; x_wconf 61' lang='lat' dir='ltr'>voragine</span> <span class='ocrx_word' id='word_1_181' title='bbox 479 1809 656 1855; x_wconf 74' lang='lat' dir='ltr'>yurqes</span> <span class='ocrx_word' id='word_1_182' title='bbox 703 1797 892 1842; x_wconf 77' lang='lat' dir='ltr'>aestuat</span> <span class='ocrx_word' id='word_1_183' title='bbox 937 1797 1078 1853; x_wconf 78' lang='lat' dir='ltr'>atque</span> <span class='ocrx_word' id='word_1_184' title='bbox 1123 1807 1311 1842; x_wconf 82' lang='lat' dir='ltr'>omnem</span> <span class='ocrx_word' id='word_1_185' title='bbox 1365 1791 1534 1855; x_wconf 76' lang='lat' dir='ltr'>Cocyto</span> <span class='ocrx_word' id='word_1_186' title='bbox 1583 1796 1767 1841; x_wconf 89' lang='lat' dir='ltr'>eructat</span> <span class='ocrx_word' id='word_1_187' title='bbox 1817 1794 1903 1840; x_wconf 75' lang='lat' dir='ltr'>Iza-</span> <span class='ocrx_word' id='word_1_188' title='bbox 1987 1791 1993 1850; x_wconf 76' lang='grc' dir='ltr'><em>ζ</em></span> 
     </span>
     <span class='ocr_line' id='line_1_23' title="bbox 207 1866 1902 1930; baseline -0.001 -14"><span class='ocrx_word' id='word_1_189' title='bbox 207 1883 404 1917; x_wconf 86' lang='lat' dir='ltr'>renam:</span> <span class='ocrx_word' id='word_1_190' title='bbox 447 1885 538 1930; x_wconf 90' lang='lat' dir='ltr'>pro</span> <span class='ocrx_word' id='word_1_191' title='bbox 587 1867 831 1930; x_wconf 84' lang='lat' dir='ltr'>qualitate</span> <span class='ocrx_word' id='word_1_192' title='bbox 869 1868 1066 1914; x_wconf 84' lang='lat' dir='ltr'>inferna</span> <span class='ocrx_word' id='word_1_193' title='bbox 1112 1868 1211 1914; x_wconf 86' lang='lat' dir='ltr'>fuit</span> <span class='ocrx_word' id='word_1_194' title='bbox 1255 1869 1436 1914; x_wconf 90' lang='lat' dir='ltr'>natura</span> <span class='ocrx_word' id='word_1_195' title='bbox 1483 1883 1641 1928; x_wconf 89' lang='lat' dir='ltr'>aquae</span> <span class='ocrx_word' id='word_1_196' title='bbox 1685 1866 1902 1926; x_wconf 83' lang='lat' dir='ltr'>turbida,</span> 
     </span>
     <span class='ocr_line' id='line_1_24' title="bbox 209 1941 1991 2004; baseline -0.001 -14"><span class='ocrx_word' id='word_1_197' title='bbox 209 1957 434 2004; x_wconf 89' lang='lat' dir='ltr'>caenosa,</span> <span class='ocrx_word' id='word_1_198' title='bbox 473 1942 638 1990; x_wconf 88' lang='lat' dir='ltr'>odoris</span> <span class='ocrx_word' id='word_1_199' title='bbox 676 1941 901 2004; x_wconf 87' lang='lat' dir='ltr'>pessimi,</span> <span class='ocrx_word' id='word_1_200' title='bbox 939 1943 1114 2003; x_wconf 90' lang='lat' dir='ltr'>utpote</span> <span class='ocrx_word' id='word_1_201' title='bbox 1155 1957 1280 2002; x_wconf 89' lang='lat' dir='ltr'>quae</span> <span class='ocrx_word' id='word_1_202' title='bbox 1318 1941 1601 1989; x_wconf 87' lang='lat' dir='ltr'>ructaretur</span> <span class='ocrx_word' id='word_1_203' title='bbox 1639 1957 1697 1989; x_wconf 88' lang='lat' dir='ltr'>ex</span> <span class='ocrx_word' id='word_1_204' title='bbox 1735 1956 1901 1988; x_wconf 88' lang='lat' dir='ltr'>caeno.</span> <span class='ocrx_word' id='word_1_205' title='bbox 1989 1995 1991 1998; x_wconf 86' lang='lat'>.</span> 
     </span>
     <span class='ocr_line' id='line_1_25' title="bbox 199 2008 1991 2077; baseline -0.001 -13"><span class='ocrx_word' id='word_1_206' title='bbox 199 2018 408 2077; x_wconf 84' lang='lat' dir='ltr'>portitor</span> <span class='ocrx_word' id='word_1_207' title='bbox 456 2017 547 2064; x_wconf 77' lang='lat' dir='ltr'>has</span> <span class='ocrx_word' id='word_1_208' title='bbox 595 2016 865 2064; x_wconf 77' lang='lat' dir='ltr'>horrendus</span> <span class='ocrx_word' id='word_1_209' title='bbox 920 2009 1076 2076; x_wconf 81' lang='lat' dir='ltr'>aquas</span> <span class='ocrx_word' id='word_1_210' title='bbox 1127 2018 1171 2063; x_wconf 91' lang='lat' dir='ltr'>et</span> <span class='ocrx_word' id='word_1_211' title='bbox 1222 2017 1431 2074; x_wconf 75' lang='lat' dir='ltr'>flumina</span> <span class='ocrx_word' id='word_1_212' title='bbox 1484 2019 1647 2063; x_wconf 85' lang='lat' dir='ltr'>servat</span> <span class='ocrx_word' id='word_1_213' title='bbox 1698 2014 1904 2063; x_wconf 77' lang='lat' dir='ltr'>terribili</span> <span class='ocrx_word' id='word_1_214' title='bbox 1987 2008 1991 2068; x_wconf 72' lang='grc' dir='ltr'>ξ</span> 
     </span>
     <span class='ocr_line' id='line_1_26' title="bbox 207 2088 1903 2152; baseline -0.001 -14"><span class='ocrx_word' id='word_1_215' title='bbox 207 2091 433 2149; x_wconf 81' lang='lat' dir='ltr'>squalore</span> <span class='ocrx_word' id='word_1_216' title='bbox 466 2089 685 2140; x_wconf 76' lang='lat' dir='ltr'>Charon:</span> <span class='ocrx_word' id='word_1_217' title='bbox 722 2091 991 2152; x_wconf 89' lang='lat' dir='ltr'>portitores</span> <span class='ocrx_word' id='word_1_218' title='bbox 1031 2089 1264 2138; x_wconf 82' lang='lat' dir='ltr'>dicuntur</span> <span class='ocrx_word' id='word_1_219' title='bbox 1303 2090 1390 2151; x_wconf 88' lang='lat' dir='ltr'>qui</span> <span class='ocrx_word' id='word_1_220' title='bbox 1429 2092 1601 2151; x_wconf 91' lang='lat' dir='ltr'>portus</span> <span class='ocrx_word' id='word_1_221' title='bbox 1637 2088 1903 2137; x_wconf 85' lang='lat' dir='ltr'>observant</span> 
     </span>
     <span class='ocr_line' id='line_1_27' title="bbox 208 2162 1991 2237; baseline -0.001 -26"><span class='ocrx_word' id='word_1_222' title='bbox 208 2163 408 2224; x_wconf 81' lang='lat' dir='ltr'>idcirco,</span> <span class='ocrx_word' id='word_1_223' title='bbox 446 2165 505 2212; x_wconf 92' lang='lat' dir='ltr'>ut</span> <span class='ocrx_word' id='word_1_224' title='bbox 541 2165 646 2212; x_wconf 89' lang='lat' dir='ltr'>sine</span> <span class='ocrx_word' id='word_1_225' title='bbox 685 2165 909 2227; x_wconf 86' lang='lat' dir='ltr'>ipsorum</span> <span class='ocrx_word' id='word_1_226' title='bbox 947 2164 1086 2212; x_wconf 89' lang='lat' dir='ltr'>iussu</span> <span class='ocrx_word' id='word_1_227' title='bbox 1123 2163 1292 2211; x_wconf 89' lang='lat' dir='ltr'>nullus</span> <span class='ocrx_word' id='word_1_228' title='bbox 1323 2165 1548 2211; x_wconf 89' lang='lat' dir='ltr'>transeat</span> <span class='ocrx_word' id='word_1_229' title='bbox 1585 2162 1637 2210; x_wconf 92' lang='lat' dir='ltr'>in</span> <span class='ocrx_word' id='word_1_230' title='bbox 1669 2163 1796 2210; x_wconf 89' lang='lat' dir='ltr'>alias</span> <span class='ocrx_word' id='word_1_231' title='bbox 1827 2179 1902 2210; x_wconf 87' lang='lat' dir='ltr'>re-</span> <span class='ocrx_word' id='word_1_232' title='bbox 1988 2199 1991 2237; x_wconf 63' lang='lat'>1</span> 
     </span>
     <span class='ocr_line' id='line_1_28' title="bbox 210 2236 1991 2303; baseline -0.002 -17"><span class='ocrx_word' id='word_1_233' title='bbox 210 2238 396 2300; x_wconf 86' lang='lat' dir='ltr'>giones.</span> <span class='ocrx_word' id='word_1_234' title='bbox 449 2238 527 2286; x_wconf 92' lang='lat' dir='ltr'>his</span> <span class='ocrx_word' id='word_1_235' title='bbox 550 2238 707 2303; x_wconf 87' lang='lat' dir='ltr'>igitur</span> <span class='ocrx_word' id='word_1_236' title='bbox 738 2239 880 2300; x_wconf 89' lang='lat' dir='ltr'>aquis</span> <span class='ocrx_word' id='word_1_237' title='bbox 905 2239 1011 2286; x_wconf 90' lang='lat' dir='ltr'>tam</span> <span class='ocrx_word' id='word_1_238' title='bbox 1043 2237 1279 2302; x_wconf 80' lang='lat' dir='ltr'>gravibus</span> <span class='ocrx_word' id='word_1_239' title='bbox 1312 2236 1476 2298; x_wconf 86' lang='lat' dir='ltr'>odore,</span> <span class='ocrx_word' id='word_1_240' title='bbox 1506 2240 1612 2285; x_wconf 89' lang='lat' dir='ltr'>tam</span> <span class='ocrx_word' id='word_1_241' title='bbox 1643 2236 1901 2285; x_wconf 87' lang='lat' dir='ltr'>horrendis</span> <span class='ocrx_word' id='word_1_242' title='bbox 1990 2248 1991 2275; x_wconf 70' lang='lat'><em>³</em></span> 
     </span>
     <span class='ocr_line' id='line_1_29' title="bbox 211 2310 1993 2374; baseline -0.001 -15"><span class='ocrx_word' id='word_1_243' title='bbox 211 2314 415 2373; x_wconf 89' lang='lat' dir='ltr'>aspectu</span> <span class='ocrx_word' id='word_1_244' title='bbox 452 2315 684 2374; x_wconf 87' lang='lat' dir='ltr'>praeerat</span> <span class='ocrx_word' id='word_1_245' title='bbox 721 2311 949 2361; x_wconf 87' lang='lat' dir='ltr'>sordibus</span> <span class='ocrx_word' id='word_1_246' title='bbox 980 2327 1074 2374; x_wconf 89' lang='lat' dir='ltr'>par</span> <span class='ocrx_word' id='word_1_247' title='bbox 1112 2314 1162 2359; x_wconf 91' lang='lat' dir='ltr'>et</span> <span class='ocrx_word' id='word_1_248' title='bbox 1199 2311 1340 2359; x_wconf 91' lang='lat' dir='ltr'>nulla</span> <span class='ocrx_word' id='word_1_249' title='bbox 1371 2327 1428 2359; x_wconf 85' lang='lat' dir='ltr'>ex</span> <span class='ocrx_word' id='word_1_250' title='bbox 1458 2313 1600 2373; x_wconf 85' lang='lat' dir='ltr'>parte</span> <span class='ocrx_word' id='word_1_251' title='bbox 1633 2310 1903 2371; x_wconf 85' lang='lat' dir='ltr'>dissimilis,</span> <span class='ocrx_word' id='word_1_252' title='bbox 1989 2326 1993 2371; x_wconf 97' lang='lat'>3</span> 
     </span>
     <span class='ocr_line' id='line_1_30' title="bbox 211 2385 1935 2449; baseline 0.001 -17"><span class='ocrx_word' id='word_1_253' title='bbox 211 2386 320 2434; x_wconf 92' lang='lat' dir='ltr'>loco</span> <span class='ocrx_word' id='word_1_254' title='bbox 367 2387 416 2433; x_wconf 89' lang='lat' dir='ltr'>et</span> <span class='ocrx_word' id='word_1_255' title='bbox 459 2385 746 2449; x_wconf 85' lang='lat' dir='ltr'>regionibus</span> <span class='ocrx_word' id='word_1_256' title='bbox 791 2387 968 2434; x_wconf 88' lang='lat' dir='ltr'>taetris</span> <span class='ocrx_word' id='word_1_257' title='bbox 1015 2388 1130 2447; x_wconf 89' lang='lat' dir='ltr'>apte</span> <span class='ocrx_word' id='word_1_258' title='bbox 1177 2387 1496 2447; x_wconf 86' lang='lat' dir='ltr'>conveniens,</span> <span class='ocrx_word' id='word_1_259' title='bbox 1551 2385 1660 2433; x_wconf 87' lang='lat' dir='ltr'>visu</span> <span class='ocrx_word' id='word_1_260' title='bbox 1708 2399 1935 2446; x_wconf 18' lang='lat' dir='ltr'>quoque.</span> 
     </span>
     <span class='ocr_line' id='line_1_31' title="bbox 210 2458 1994 2522; baseline 0 -14"><span class='ocrx_word' id='word_1_261' title='bbox 210 2458 450 2508; x_wconf 84' lang='lat' dir='ltr'>terribilis</span> <span class='ocrx_word' id='word_1_262' title='bbox 492 2458 700 2509; x_wconf 85' lang='lat' dir='ltr'>Charon.</span> <span class='ocrx_word' id='word_1_263' title='bbox 777 2461 1041 2522; x_wconf 86' lang='lat' dir='ltr'>exponitur</span> <span class='ocrx_word' id='word_1_264' title='bbox 1078 2460 1213 2508; x_wconf 88' lang='lat' dir='ltr'>visus</span> <span class='ocrx_word' id='word_1_265' title='bbox 1252 2460 1358 2507; x_wconf 91' lang='lat' dir='ltr'>eius</span> <span class='ocrx_word' id='word_1_266' title='bbox 1396 2461 1587 2506; x_wconf 87' lang='lat' dir='ltr'>metum</span> <span class='ocrx_word' id='word_1_267' title='bbox 1618 2458 1901 2508; x_wconf 81' lang='lat' dir='ltr'>videntibus</span> <span class='ocrx_word' id='word_1_268' title='bbox 1990 2510 1994 2522; x_wconf 64' lang='lat'>,</span> 
     </span>
     <span class='ocr_line' id='line_1_32' title="bbox 126 2532 1902 2598; baseline 0.001 -20"><span class='ocrx_word' id='word_1_269' title='bbox 126 2536 213 2578; x_wconf 83' lang='lat'>300</span> <span class='ocrx_word' id='word_1_270' title='bbox 231 2548 490 2598; x_wconf 87' lang='lat' dir='ltr'>spargens:</span> <span class='ocrx_word' id='word_1_271' title='bbox 539 2535 617 2582; x_wconf 89' lang='lat' dir='ltr'>cui</span> <span class='ocrx_word' id='word_1_272' title='bbox 654 2534 880 2594; x_wconf 84' lang='lat' dir='ltr'>plwrima</span> <span class='ocrx_word' id='word_1_273' title='bbox 924 2537 1080 2581; x_wconf 86' lang='lat' dir='ltr'>mento</span> <span class='ocrx_word' id='word_1_274' title='bbox 1119 2535 1320 2582; x_wconf 79' lang='lat' dir='ltr'>canities</span> <span class='ocrx_word' id='word_1_275' title='bbox 1357 2534 1543 2582; x_wconf 87' lang='lat' dir='ltr'>inculta</span> <span class='ocrx_word' id='word_1_276' title='bbox 1579 2534 1715 2580; x_wconf 90' lang='lat' dir='ltr'>iacet.</span> <span class='ocrx_word' id='word_1_277' title='bbox 1790 2532 1902 2580; x_wconf 81' lang='lat' dir='ltr'>bar-</span> 
     </span>
     <span class='ocr_line' id='line_1_33' title="bbox 211 2606 1905 2670; baseline -0.001 -15"><span class='ocrx_word' id='word_1_278' title='bbox 211 2607 350 2670; x_wconf 84' lang='lat' dir='ltr'>bam,</span> <span class='ocrx_word' id='word_1_279' title='bbox 397 2608 586 2670; x_wconf 86' lang='lat' dir='ltr'>inquit,</span> <span class='ocrx_word' id='word_1_280' title='bbox 634 2607 812 2655; x_wconf 89' lang='lat' dir='ltr'>habuit</span> <span class='ocrx_word' id='word_1_281' title='bbox 861 2623 1058 2669; x_wconf 86' lang='lat' dir='ltr'>canam,</span> <span class='ocrx_word' id='word_1_282' title='bbox 1111 2607 1380 2670; x_wconf 75' lang='lat' dir='ltr'>profixam,</span> <span class='ocrx_word' id='word_1_283' title='bbox 1433 2606 1688 2655; x_wconf 80' lang='lat' dir='ltr'>incultam.</span> <span class='ocrx_word' id='word_1_284' title='bbox 1772 2608 1905 2654; x_wconf 75' lang='lat' dir='ltr'>stamt</span> 
     </span>
    </p>
   </div>
   <div class='ocr_carea' id='block_1_7' title="bbox 217 2702 349 2706">
    <p class='ocr_par' dir='ltr' id='par_1_7' title="bbox 217 2702 349 2706">
     <span class='ocr_line' id='line_1_34' title="bbox 217 2702 349 2706; baseline 0 0"><span class='ocrx_word' id='word_1_285' title='bbox 217 2702 349 2706; x_wconf 95' lang='lat' dir='ltr'> </span> 
     </span>
    </p>
   </div>
   <div class='ocr_carea' id='block_1_8' title="bbox 114 2746 1990 3044">
    <p class='ocr_par' dir='ltr' id='par_1_8' title="bbox 214 2746 1981 2922">
     <span class='ocr_line' id='line_1_35' title="bbox 333 2746 1966 2805; baseline 0.001 -15"><span class='ocrx_word' id='word_1_286' title='bbox 333 2751 363 2790; x_wconf 83' lang='lat'>4</span> <span class='ocrx_word' id='word_1_287' title='bbox 393 2761 531 2804; x_wconf 73' lang='lat' dir='ltr'>quam</span> <span class='ocrx_word' id='word_1_288' title='bbox 554 2747 596 2791; x_wconf 92' lang='lat' dir='ltr'><strong>V</strong></span> <span class='ocrx_word' id='word_1_289' title='bbox 626 2751 669 2792; x_wconf 86' lang='lat' dir='ltr'>et</span> <span class='ocrx_word' id='word_1_290' title='bbox 698 2762 835 2804; x_wconf 75' lang='lat' dir='ltr'>quam</span> <span class='ocrx_word' id='word_1_291' title='bbox 867 2748 938 2792; x_wconf 86' lang='lat' dir='ltr'>ed.</span> <span class='ocrx_word' id='word_1_292' title='bbox 1053 2752 1079 2791; x_wconf 84' lang='lat'>6</span> <span class='ocrx_word' id='word_1_293' title='bbox 1109 2761 1358 2805; x_wconf 76' lang='lat' dir='ltr'>yeryonwm</span> <span class='ocrx_word' id='word_1_294' title='bbox 1387 2747 1609 2804; x_wconf 81' lang='lat' dir='ltr'>triplicem</span> <span class='ocrx_word' id='word_1_295' title='bbox 1637 2746 1780 2801; x_wconf 76' lang='lat' dir='ltr'>fuisse</span> <span class='ocrx_word' id='word_1_296' title='bbox 1809 2747 1903 2801; x_wconf 81' lang='lat' dir='ltr'>for·</span> <span class='ocrx_word' id='word_1_297' title='bbox 1963 2790 1966 2791; x_wconf 16' lang='lat'><em>⁷</em></span> 
     </span>
     <span class='ocr_line' id='line_1_36' title="bbox 214 2804 1903 2864; baseline -0.001 -13"><span class='ocrx_word' id='word_1_298' title='bbox 214 2821 337 2851; x_wconf 86' lang='lat' dir='ltr'>mam</span> <span class='ocrx_word' id='word_1_299' title='bbox 367 2806 410 2851; x_wconf 90' lang='lat' dir='ltr'><strong>V</strong></span> <span class='ocrx_word' id='word_1_300' title='bbox 440 2807 511 2850; x_wconf 84' lang='lat' dir='ltr'>ed.</span> <span class='ocrx_word' id='word_1_301' title='bbox 548 2806 873 2864; x_wconf 75' lang='lat' dir='ltr'>Geryonem—</span> <span class='ocrx_word' id='word_1_302' title='bbox 889 2808 1070 2862; x_wconf 78' lang='lat' dir='ltr'>forma?</span> <span class='ocrx_word' id='word_1_303' title='bbox 1205 2811 1258 2850; x_wconf 91' lang='lat'>11</span> <span class='ocrx_word' id='word_1_304' title='bbox 1292 2806 1472 2850; x_wconf 76' lang='lat' dir='ltr'>adversi</span> <span class='ocrx_word' id='word_1_305' title='bbox 1500 2810 1544 2855; x_wconf 82' lang='lat' dir='ltr'>et</span> <span class='ocrx_word' id='word_1_306' title='bbox 1575 2805 1616 2849; x_wconf 91' lang='lat' dir='ltr'><strong>V</strong></span> <span class='ocrx_word' id='word_1_307' title='bbox 1646 2805 1718 2850; x_wconf 86' lang='lat' dir='ltr'>ed.</span> <span class='ocrx_word' id='word_1_308' title='bbox 1750 2810 1792 2850; x_wconf 84' lang='lat' dir='ltr'>et</span> <span class='ocrx_word' id='word_1_309' title='bbox 1823 2804 1903 2850; x_wconf 76' lang='lat' dir='ltr'>do—</span> 
     </span>
     <span class='ocr_line' id='line_1_37' title="bbox 216 2862 1981 2922; baseline -0.001 -13"><span class='ocrx_word' id='word_1_310' title='bbox 216 2865 321 2910; x_wconf 84' lang='lat' dir='ltr'>levi.</span> <span class='ocrx_word' id='word_1_311' title='bbox 373 2867 380 2922; x_wconf 91' lang='grc' dir='ltr'>Ι</span> <span class='ocrx_word' id='word_1_312' title='bbox 434 2866 603 2921; x_wconf 81' lang='lat' dir='ltr'>faceret</span> <span class='ocrx_word' id='word_1_313' title='bbox 631 2866 685 2909; x_wconf 79' lang='lat' dir='ltr'>ni</span> <span class='ocrx_word' id='word_1_314' title='bbox 713 2864 769 2909; x_wconf 87' lang='lat' dir='ltr'>V.</span> <span class='ocrx_word' id='word_1_315' title='bbox 901 2870 956 2910; x_wconf 84' lang='lat'>15</span> <span class='ocrx_word' id='word_1_316' title='bbox 987 2867 1085 2910; x_wconf 85' lang='lat' dir='ltr'>sine</span> <span class='ocrx_word' id='word_1_317' title='bbox 1115 2865 1158 2909; x_wconf 95' lang='lat' dir='ltr'><strong>V</strong></span> <span class='ocrx_word' id='word_1_318' title='bbox 1190 2867 1243 2910; x_wconf 83' lang='lat' dir='ltr'>in</span> <span class='ocrx_word' id='word_1_319' title='bbox 1274 2865 1346 2908; x_wconf 86' lang='lat' dir='ltr'>ed.</span> <span class='ocrx_word' id='word_1_320' title='bbox 1469 2869 1523 2908; x_wconf 81' lang='lat'>17</span> <span class='ocrx_word' id='word_1_321' title='bbox 1556 2865 1833 2922; x_wconf 77' lang='lat' dir='ltr'>incorporeis</span> <span class='ocrx_word' id='word_1_322' title='bbox 1859 2862 1904 2908; x_wconf 87' lang='lat' dir='ltr'><strong>V</strong></span> <span class='ocrx_word' id='word_1_323' title='bbox 1975 2866 1981 2869; x_wconf 85' lang='grc'><em>”</em></span> 
     </span>
    </p>

    <p class='ocr_par' dir='ltr' id='par_1_9' title="bbox 114 2923 1990 3044">
     <span class='ocr_line' id='line_1_38' title="bbox 114 2923 1931 2982; baseline 0 -14"><span class='ocrx_word' id='word_1_324' title='bbox 114 2968 120 2975; x_wconf 71' lang='grc'>,</span> <span class='ocrx_word' id='word_1_325' title='bbox 218 2938 332 2968; x_wconf 88' lang='lat' dir='ltr'>corr.</span> <span class='ocrx_word' id='word_1_326' title='bbox 349 2923 422 2969; x_wconf 87' lang='lat' dir='ltr'>ed.</span> <span class='ocrx_word' id='word_1_327' title='bbox 515 2928 572 2968; x_wconf 84' lang='lat'>20</span> <span class='ocrx_word' id='word_1_328' title='bbox 595 2938 736 2982; x_wconf 77' lang='lat' dir='ltr'>usque</span> <span class='ocrx_word' id='word_1_329' title='bbox 759 2937 847 2968; x_wconf 91' lang='lat' dir='ltr'>om.</span> <span class='ocrx_word' id='word_1_330' title='bbox 867 2925 940 2969; x_wconf 86' lang='lat' dir='ltr'>ed.</span> <span class='ocrx_word' id='word_1_331' title='bbox 1030 2928 1087 2968; x_wconf 81' lang='lat'>23</span> <span class='ocrx_word' id='word_1_332' title='bbox 1111 2938 1168 2969; x_wconf 80' lang='lat' dir='ltr'>ex</span> <span class='ocrx_word' id='word_1_333' title='bbox 1189 2937 1329 2970; x_wconf 86' lang='lat' dir='ltr'>caeno</span> <span class='ocrx_word' id='word_1_334' title='bbox 1352 2923 1394 2967; x_wconf 96' lang='lat' dir='ltr'><strong>V</strong></span> <span class='ocrx_word' id='word_1_335' title='bbox 1418 2939 1448 2968; x_wconf 92' lang='lat' dir='ltr'>a</span> <span class='ocrx_word' id='word_1_336' title='bbox 1470 2938 1505 2969; x_wconf 90' lang='lat' dir='ltr'>c.</span> <span class='ocrx_word' id='word_1_337' title='bbox 1531 2923 1602 2968; x_wconf 88' lang='lat' dir='ltr'>ed.</span> <span class='ocrx_word' id='word_1_338' title='bbox 1696 2928 1752 2968; x_wconf 78' lang='lat'>26</span> <span class='ocrx_word' id='word_1_339' title='bbox 1783 2923 1904 2968; x_wconf 66' lang='lat' dir='ltr'>aliae</span> <span class='ocrx_word' id='word_1_340' title='bbox 1919 2937 1931 2967; x_wconf 74' lang='grc'>·,</span> 
     </span>
     <span class='ocr_line' id='line_1_39' title="bbox 215 2981 1990 3044; baseline -0.001 -16"><span class='ocrx_word' id='word_1_341' title='bbox 215 2983 259 3028; x_wconf 95' lang='lat' dir='ltr'><strong>V</strong></span> <span class='ocrx_word' id='word_1_342' title='bbox 283 2984 461 3029; x_wconf 76' lang='lat' dir='ltr'>alienas</span> <span class='ocrx_word' id='word_1_343' title='bbox 483 2983 591 3028; x_wconf 85' lang='lat' dir='ltr'>edF.</span> <span class='ocrx_word' id='word_1_344' title='bbox 685 2987 739 3027; x_wconf 80' lang='lat'>31</span> <span class='ocrx_word' id='word_1_345' title='bbox 771 2983 889 3038; x_wconf 78' lang='lat' dir='ltr'>facit</span> <span class='ocrx_word' id='word_1_346' title='bbox 908 2998 994 3040; x_wconf 87' lang='lat' dir='ltr'>pro</span> <span class='ocrx_word' id='word_1_347' title='bbox 1018 2985 1136 3029; x_wconf 79' lang='lat' dir='ltr'>iacet</span> <span class='ocrx_word' id='word_1_348' title='bbox 1163 2983 1212 3027; x_wconf 91' lang='lat' dir='ltr'>V.</span> <span class='ocrx_word' id='word_1_349' title='bbox 1304 2988 1360 3026; x_wconf 81' lang='lat'>32</span> <span class='ocrx_word' id='word_1_350' title='bbox 1392 2983 1615 3028; x_wconf 85' lang='lat' dir='ltr'>incultam</span> <span class='ocrx_word' id='word_1_351' title='bbox 1637 2982 1679 3026; x_wconf 93' lang='lat' dir='ltr'><strong>V</strong></span> <span class='ocrx_word' id='word_1_352' title='bbox 1710 2983 1803 3028; x_wconf 83' lang='lat' dir='ltr'>eti.</span> <span class='ocrx_word' id='word_1_353' title='bbox 1829 2981 1902 3027; x_wconf 70' lang='lat' dir='ltr'>ed.</span> <span class='ocrx_word' id='word_1_354' title='bbox 1930 3011 1932 3015; x_wconf 29' lang='grc' dir='ltr'><em>ν</em></span> <span class='ocrx_word' id='word_1_355' title='bbox 1985 3027 1990 3044; x_wconf 69' lang='lat'><em>7</em></span> 
     </span>
    </p>
   </div>
   <div class='ocr_carea' id='block_1_9' title="bbox 1909 0 2014 3226">
    <p class='ocr_par' dir='ltr' id='par_1_10' title="bbox 1909 0 2014 3226">
     <span class='ocr_line' id='line_1_40' title="bbox 1909 0 2014 3226; baseline 0 0"><span class='ocrx_word' id='word_1_356' title='bbox 1909 0 2014 3226; x_wconf 95' lang='lat' dir='ltr'> </span> 
     </span>
    </p>
   </div>
  </div>
 </body>
</html>
