2014 3226
155 137 224 183 εν)
618 131 848 174 DONATI
880 130 1159 173 INTERPR.
1193 129 1370 174 VERG.

192 173 219 185 -d

155 275 326 322 tulisse
367 274 555 331 oculos,
603 276 657 318 ut
698 271 894 333 singula
935 270 1279 317 consideraret.
1358 285 1447 316 nec
1490 269 1651 316 minus
1693 271 1843 316 etiam

155 348 282 395 illud
329 350 491 394 fuerat
539 346 812 407 cognitioni
850 344 1190 405 praecurrenti
1229 344 1580 404 necessarium,
1627 345 1683 390 ut
1732 359 1843 390 con-

156 423 346 468 diturus
388 422 539 467 etiam
577 422 683 480 ipse
725 418 983 465 civitatem
1021 434 1202 465 novam
1242 417 1522 465 adverteret
1561 421 1749 479 quanto
1795 417 1846 464 id

155 496 320 542 labore
355 495 614 541 constaret.
679 491 1022 539 considerabat
1054 493 1201 539 etiam
1237 491 1373 539 urbis
1401 492 1537 539 illius
1577 492 1843 551 fortunam,

157 584 280 630 quae
330 567 561 629 surgebat
607 567 799 628 ingenti
846 565 1126 613 substantia
1175 567 1224 611 et
1269 565 1638 626 pulchritudine
1683 566 1844 626 operis
1892 583 1911 614 5

157 660 210 689 ae
271 642 504 687 firmitate
567 640 772 686 visentis
834 639 1065 700 placebat
1127 639 1421 700 aspectibus.
1500 638 1844 699 artificumque

155 731 328 762 manus
381 715 511 761 inter
565 729 637 760 se:
707 715 850 760 tanta
906 714 1127 760 omnium
1182 714 1365 760 artium
1419 714 1471 759 in
1522 713 1611 760 illo
1658 713 1845 774 templo

156 791 385 836 venustas
434 787 654 846 extabat,
709 790 766 834 ut
819 787 1017 834 intuens
1064 787 1254 833 nullam
1302 787 1414 833 aliis
1461 787 1712 847 praeferre
1759 802 1846 848 po-

155 865 355 922 tuisset,
402 863 473 909 ita
523 877 689 908 omnes
738 862 927 921 pariter
972 877 1073 908 una
1120 862 1285 924 gratia
1329 862 1379 908 et
1416 862 1529 921 pari
1568 860 1846 908 subtilitate

156 936 427 983 certabant.
494 935 739 995 descripta
778 934 1122 997 magnitudine
1162 936 1324 996 operis
1365 937 1414 981 et
1451 933 1744 982 fortitudine
1785 933 1847 981 ad
1873 953 1915 984 10

156 1012 384 1058 ornatum
441 1012 490 1056 et
543 1009 964 1070 pulchritudinem
1017 1010 1220 1069 transit,
1276 1012 1334 1055 ut
1383 1010 1604 1069 picturas
1653 1024 1847 1070 quoque

155 1086 421 1131 enumeret.
485 1084 568 1130 sed
602 1083 828 1143 miratur,
861 1097 974 1130 cum
1007 1083 1157 1130 semel
1189 1083 1255 1131 sit
1285 1084 1518 1144 positum,
1550 1098 1650 1130 non
1682 1082 1847 1141 semel,

156 1158 239 1205 sed
287 1157 482 1218 saepius
531 1157 674 1204 debet
722 1156 915 1204 adverti
960 1157 1053 1204 hoc
1100 1156 1268 1204 modo:
1324 1156 1441 1203 dum
1480 1173 1607 1218 quae
1646 1157 1848 1204 fortuna

157 1234 223 1279 sit
253 1231 365 1278 urbi
396 1233 607 1278 miratur
648 1231 990 1291 artificumque
1022 1246 1198 1278 manus
1230 1231 1362 1277 inter
1394 1247 1444 1278 se
1475 1231 1700 1290 miratur,
1734 1246 1847 1292 ope-

154 1323 263 1352 rum
312 1306 530 1352 laborem
584 1306 810 1351 miratur.
897 1305 1026 1352 videt
1070 1305 1265 1352 Iliacas
1321 1318 1380 1352 ex
1433 1305 1603 1352 ordine
1647 1319 1848 1364 pameas
1873 1322 1915 1353 15

153 1378 398 1439 [bellaque
444 1381 546 1426 iam
591 1381 731 1439 fama
778 1382 926 1426 totam
970 1380 1170 1438 vulqata
1207 1393 1302 1438 per
1348 1377 1559 1439 orbems·
1614 1378 1731 1425 dum
1776 1379 1847 1425 la-

154 1453 351 1501 boriosa
391 1453 698 1500 diversorum
739 1468 943 1513 operum
976 1455 1025 1500 et
1057 1452 1388 1501 subtilitatem
1422 1453 1731 1515 singularum
1771 1468 1846 1499 ar-

155 1529 281 1574 tium
319 1527 532 1574 miratur
571 1529 619 1574 et
660 1527 781 1588 quid
816 1521 1051 1589 ageretur
1082 1527 1321 1587 explorat,
1356 1526 1570 1574 advertit
1601 1528 1849 1588 picturam

155 1603 515 1649 monstrantem
552 1600 732 1648 Iliacas
771 1616 965 1663 pugnas
1004 1600 1235 1662 bellaque
1285 1616 1497 1661 quorum
1545 1601 1713 1662 opinio
1761 1616 1850 1661 per

155 1677 315 1722 totum
363 1674 531 1721 orbem
577 1675 742 1722 fuerat
787 1675 1016 1738 vulgata3
1069 1691 1183 1722 nam
1224 1690 1323 1722 non
1362 1676 1704 1738 pingerentur,
1752 1675 1848 1721 nisi
1873 1692 1917 1723 20

158 1749 275 1808 quia
329 1750 481 1796 etiam
536 1748 599 1795 ad
651 1750 785 1810 ipsas
839 1748 999 1810 partis
1052 1749 1188 1796 fama
1237 1751 1460 1796 currente
1506 1751 1846 1810 pervenerant.

157 1822 242 1869 sed
297 1822 652 1870 consideranda
707 1824 782 1870 est
835 1824 996 1884 primo
1048 1823 1123 1871 vis
1171 1822 1394 1870 dicentis.
1472 1822 1623 1883 vidit,
1669 1811 1848 1884 inquit,

156 1911 348 1959 pugnas
390 1891 618 1957 bellaque
655 1897 791 1943 fama
829 1913 918 1957 per
954 1898 1118 1944 totum
1158 1897 1325 1944 orbem
1370 1896 1601 1959 vulgata,
1647 1899 1704 1943 ut
1749 1911 1848 1943 non

158 1969 318 2017 solum
370 1971 631 2016 interitum
678 1970 856 2018 Troiae
910 1972 1045 2018 totus
1101 1970 1233 2018 orbis
1285 1972 1619 2033 cognovisset,
1674 1985 1848 2017 verum

159 2044 311 2090 etiam
351 2044 460 2104 quis
500 2045 549 2090 et
582 2044 998 2104 quemadmodum
1030 2046 1080 2091 et
1111 2060 1208 2106 quo
1242 2047 1425 2091 eventu
1456 2046 1705 2092 certasset.
1767 2044 1849 2091 hic
1873 2060 1917 2093 25

158 2132 326 2164 versus
350 2118 740 2178 propositionem
763 2120 901 2166 tenet
931 2119 1127 2166 futurae
1161 2118 1529 2179 descriptionis3
1563 2120 1847 2166 ostensurus

159 2193 234 2237 est
287 2191 417 2237 enim
465 2191 587 2252 quid
633 2193 734 2238 sint
778 2208 997 2255 pugnae,
1054 2191 1174 2253 quid
1221 2193 1323 2239 sint
1368 2192 1521 2240 bella:
1583 2194 1848 2254 utrumque

159 2264 290 2310 enim
329 2266 578 2312 certamen
615 2265 796 2312 hostile
828 2265 1091 2329 significat,
1123 2265 1372 2314 diversum
1402 2267 1571 2313 tamen
1595 2264 1849 2328 Vergilius

159 2336 376 2384 ostendit
421 2354 446 2383 e
495 2337 688 2387 diverso
737 2354 911 2402 genere
950 2339 1071 2387 fieri.
1147 2339 1331 2386 bellum
1376 2341 1560 2402 quippe
1601 2341 1677 2388 est
1715 2338 1845 2401 quod
1967 2384 1970 2387 .

158 2412 290 2459 inter
333 2411 573 2472 plurimos
620 2412 830 2475 geritur,
878 2429 1046 2477 pugna
1093 2429 1219 2475 quae
1263 2415 1397 2461 inter
1442 2413 1563 2462 duos
1613 2413 1847 2476 agitatur.
1871 2429 1918 2462 30
1949 2456 1969 2468 .,

161 2483 222 2531 ad
262 2484 465 2532 eandem
503 2487 893 2547 propositionem
929 2488 1146 2548 pertinet
1183 2486 1392 2535 Atridas
1422 2487 1772 2547 Priamumque
1808 2490 1851 2534 et

158 2572 358 2605 saevam
402 2559 632 2607 ambobus
676 2558 936 2608 Achillem:
991 2561 1202 2623 denique
1251 2562 1383 2622 quod
1433 2560 1507 2608 ait
1552 2560 1709 2622 videt,
1755 2576 1846 2622 pro

160 2631 355 2693 saepius
387 2631 519 2680 dicto
551 2633 894 2694 accipiendum
925 2637 1013 2694 est,
1037 2638 1094 2682 ut
1125 2634 1192 2683 sit
1222 2634 1359 2683 videt
1380 2635 1560 2683 Iliacas
1593 2651 1653 2681 ex
1677 2633 1846 2682 ordine

281 2759 303 2798 1
338 2761 389 2799 ut
420 2769 507 2801 om.
529 2757 601 2801 ed.
696 2763 721 2800 2
753 2760 1007 2815 coquitione
1030 2765 1354 2816 praecurrente
1384 2759 1472 2803 LR
1503 2759 1574 2803 ed.
1674 2763 1727 2803 16
1761 2759 1846 2803 bel·
1946 2790 1963 2817 .5

161 2814 364 2916 laquea—b
381 2815 529 2916 mmm
560 2816 693 2860 deest
722 2816 895 2885 iata,
928 2818 1010 2861 sed
1042 2818 1317 2875 explicatur.
1411 2823 1465 2862 21
1499 2819 1636 2863 etiam
1667 2831 1755 2862 om.
1774 2818 1851 2862 ed.
1934 2804 1968 2876 ἒ

160 2934 216 2974 29
249 2877 291 2976 Ξι
312 2875 1844 2992 azimi&{035²Z12m322‘31zn'iq32‘33a'5‘312‘1512’1212252ffi1342201.
