2014 3226
796 151 1099 196 AENEIDOS
1130 152 1151 194 Ι
1754 154 1821 205 73

130 292 261 355 quod
300 308 360 339 ne
399 294 470 338 ita
511 294 597 351 sit,
646 292 714 339 sic
754 291 1176 353 pronuntiandum
1219 295 1314 352 est,
1362 296 1418 339 ut
1459 293 1708 354 Sychaeus
1749 293 1821 340 ita

129 370 185 413 ut
214 367 311 413 fuit
342 367 589 425 innoxius,
622 366 919 428 Pygmalion
958 382 1074 413 vero
1116 366 1401 414 sceleratior
1441 368 1554 414 aliis
1595 367 1821 414 omnibus

129 441 492 488 demonstretur
540 455 660 500 quos
708 440 760 486 in
807 439 999 487 facinus
1047 440 1232 501 inpulit
1270 440 1420 488 furor.
1500 441 1609 500 alii,
1656 442 1822 502 inquit

128 514 392 577 Vergilius,
433 516 474 561 si
514 514 566 560 in
606 515 812 561 crimina
852 514 1148 576 gravissima
1189 515 1483 575 ceciderunt,
1515 516 1655 562 furor
1689 516 1820 577 fecit,

86 607 104 639 5
128 589 219 636 hoc
266 590 340 635 est
387 603 526 634 amor
572 590 660 635 aut
706 588 901 635 insania
949 591 1039 635 aut
1087 589 1239 635 animi
1296 589 1456 649 dolor,
1513 592 1562 637 et
1614 591 1823 650 possunt

127 662 307 709 habere
346 664 544 710 veniam
584 663 720 722 facti,
760 661 1058 724 Pygmalion
1099 679 1214 710 vero
1255 663 1368 710 inde
1410 664 1696 711 sceleratior
1733 679 1822 726 per

129 736 339 784 aliorum
381 738 786 798 conparationem
826 736 1210 796 demonstratur,
1251 739 1368 798 quia
1407 738 1680 799 voluntate,
1724 754 1822 786 non

128 825 243 858 casu
293 813 380 857 aut
426 811 718 858 necessitate
759 811 918 858 scelus
959 810 1174 858 admisit.
1254 811 1387 872 quod
1425 812 1589 873 ipsum
1628 814 1684 859 ut
1722 828 1821 859 me-

127 886 221 933 lius
263 885 554 944 adstrueret,
593 884 765 946 paucis
807 886 1068 946 expressit,
1107 887 1165 932 ut
1203 885 1322 933 talis
1363 886 1686 948 perpetrandi
1723 901 1823 934 sce-

62 976 104 1009 10
126 958 242 1006 leris
282 959 467 1006 diceret
506 973 678 1006 causas
718 975 846 1019 quae
885 975 1024 1005 reum
1071 960 1342 1006 multorum
1392 960 1654 1007 criminum
1692 960 1823 1024 Pyg-

125 1033 392 1080 malionem
429 1033 698 1080 fortissime
738 1033 1029 1081 detinerent.
1092 1034 1173 1081 ille
1202 1033 1472 1094 Sychaeum
1509 1036 1675 1094 inpius
1713 1039 1825 1082 ante

126 1121 245 1155 aras
284 1111 426 1166 atque
465 1109 579 1155 auri
618 1122 786 1155 caecus
822 1121 1009 1155 amore:
1048 1107 1174 1155 dixit
1205 1124 1356 1155 unam
1389 1108 1591 1170 quidem
1624 1124 1821 1157 causam

126 1181 276 1229 fuisse
316 1197 442 1244 quae
482 1197 540 1230 ex
579 1181 703 1229 vitio
736 1184 945 1229 naturae
979 1181 1308 1243 descenderet,
1342 1182 1426 1229 sed
1459 1184 1538 1230 cui
1571 1183 1672 1229 alia
1706 1199 1823 1244 quo-

128 1271 222 1317 que
247 1256 455 1304 crimina
478 1257 808 1303 necterentur.
860 1271 1091 1318 namque,
1114 1258 1172 1303 ut
1197 1256 1466 1304 Sallustius
1493 1250 1624 1323 (Cat.
1655 1259 1737 1318 10,
1766 1251 1822 1323 4)

62 1345 103 1379 15
128 1330 213 1390 ait,
245 1330 490 1391 „avaritia
521 1329 683 1390 fidem,
715 1329 1018 1391 probitatem
1052 1332 1338 1392 ceterasque
1371 1332 1492 1379 artis
1525 1331 1680 1379 bonas
1713 1331 1824 1379 sub-

125 1404 299 1465 vertit,
354 1420 444 1466 pro
491 1406 553 1452 iis
602 1405 906 1465 superbiam,
962 1405 1331 1466 crudelitatem,
1387 1405 1502 1453 deos
1549 1405 1823 1469 neglegere,

127 1480 293 1526 omnia
338 1479 536 1527 venalia
582 1478 762 1526 habere
811 1477 1038 1526 edocuit“
1079 1481 1129 1526 et
1167 1483 1342 1527 cetera.
1423 1480 1665 1527 avaritiae
1707 1495 1823 1543 ergo

127 1552 392 1601 crudelitas
434 1568 595 1602 comes
636 1555 711 1602 est
748 1553 1054 1615 perfidiaque
1099 1554 1378 1614 coniuncta,
1418 1569 1545 1615 quae
1585 1569 1699 1602 cum
1738 1554 1824 1602 ho-

127 1628 310 1674 minem
338 1629 568 1688 tenuerit,
595 1627 727 1675 cedit
757 1627 872 1675 inde
910 1627 1148 1689 quicquid
1180 1627 1312 1676 inter
1342 1628 1566 1676 homines
1599 1631 1824 1676 sanctum

62 1716 106 1749 2⁰
131 1703 216 1748 est.
295 1717 394 1749 non
439 1704 606 1763 potest
653 1703 784 1748 0111111
833 1703 1048 1749 avaritia
1092 1701 1272 1749 habere
1322 1702 1454 1763 quod
1501 1704 1825 1764 concupierit,

129 1774 224 1822 nisi
271 1776 334 1822 ad
379 1776 433 1823 id
480 1776 661 1823 scelere
708 1778 996 1838 perpetrato
1042 1778 1335 1837 pervenerit.
1414 1775 1559 1824 huius
1600 1777 1826 1838 exempla

129 1849 323 1911 aliquot
360 1850 480 1898 locis
520 1853 671 1912 poeta
709 1853 878 1899 noster
915 1850 1138 1898 inseruit.
1204 1851 1442 1898 habemus
1481 1852 1535 1897 in
1574 1852 1826 1912 praesenti

126 1922 253 1971 libro
292 1924 650 1988 Pygmalionis,
689 1925 741 1971 in
779 1926 931 1972 tertio
972 1917 1091 1990 (55)
1126 1924 1518 1986 Polymnestoris
1560 1927 1646 1986 qui
1677 1924 1823 1987 Poly-

129 1997 303 2045 dorum
343 2001 548 2060 propter
586 2015 760 2046 aurum
803 1998 1132 2046 abiurandum
1164 2001 1378 2060 necavit,
1408 2001 1461 2046 in
1493 2001 1631 2048 sexto
1665 1992 1822 2065 (621)

64 2085 105 2118 25
130 2073 216 2133 qui
270 2074 472 2135 accepto
528 2087 647 2120 auro
701 2074 918 2135 patriam
973 2072 1199 2120 vendidit
1245 2077 1295 2121 et
1339 2074 1500 2120 multa
1547 2074 1648 2121 alia
1696 2089 1823 2135 quae

39 2156 46 2165 ‘
128 2145 248 2194 locis
295 2149 397 2194 suis
446 2147 641 2208 plenius
689 2162 1008 2209 exequemur,
1055 2149 1115 2194 ut
1154 2147 1474 2195 ostendamus
1512 2147 1564 2194 in
1604 2148 1824 2212 singula-

78 2224 81 2227 ⁴
127 2218 262 2268 ribus
303 2221 590 2270 criminibus
632 2223 756 2283 quot
795 2221 1005 2269 crimina
1042 2223 1307 2269 teneantur
1339 2221 1569 2269 admissa.
1631 2222 1824 2270 interea

126 2293 386 2343 redeamus
418 2295 481 2342 ad
513 2297 786 2343 tractatum
815 2298 1140 2357 praesentem,
1165 2296 1218 2342 in
1244 2311 1341 2357 quo
1365 2295 1492 2347 illud
1518 2297 1633 2344 ante
1658 2297 1825 2344 omnia

129 2368 427 2416 noscendum
468 2371 562 2430 est,
611 2370 737 2416 nihil
777 2385 880 2417 esse
919 2370 972 2418 in
1009 2369 1174 2431 prima
1212 2371 1515 2418 narrationis
1554 2372 1698 2432 parte
1736 2386 1823 2453 po-

63 2455 105 2489 eo
128 2442 278 2490 situm
326 2442 456 2505 quod
505 2459 607 2492 esse
647 2444 947 2505 superfluum
986 2443 1230 2492 videatur
1305 2444 1392 2491 ille
1431 2443 1710 2506 Sychaeum
1750 2446 1823 2490 in-

36 2538 57 2598 71
129 2515 239 2578 pius
294 2519 409 2564 ante
465 2533 576 2566 aras
632 2520 782 2579 atque
837 2519 947 2565 auri
1001 2532 1173 2566 caecus
1229 2533 1418 2566 3111010·
1479 2519 1718 2567 invitavit
1771 2519 1823 2564 in

37 2617 66 2663 3
131 2589 288 2638 scelus
334 2593 543 2639 naturae
590 2593 835 2654 pessimae
881 2591 1132 2640 hominem
1186 2592 1444 2654 opulentia
1495 2592 1688 2653 divitis3
1751 2593 1825 2640 ait

44 2830 60 2849 ᾗ
130 2787 216 2831 LR
246 2790 356 2834 aliis
385 2791 421 2834 L
452 2791 494 2835 H
517 2807 577 2836 m.
612 2791 693 2836 edI
718 2793 846 2836 alias
875 2791 972 2836 edF
1004 2792 1113 2836 talis
1143 2805 1240 2836 nos.
1337 2797 1390 2835 12
1424 2793 1604 2849 quidem
1635 2805 1723 2835 om.
1750 2792 1821 2835 ed.

51 2852 57 2870 ’·
222 2853 277 2892 16
308 2851 425 2894 artis
455 2851 597 2895 bonas
626 2850 714 2894 LR
745 2852 783 2896 b.
817 2866 860 2895 a.
894 2851 964 2895 ed.
1091 2855 1144 2895 19
1176 2856 1383 2895 tenuerat
1413 2851 1484 2895 ed.
1608 2855 1664 2893 23
1696 2851 1823 2895 Poli-

40 2885 57 2952 γ’
131 2908 593 3013 τηέειοτίεξέιΒἸωἎΕ
626 2910 696 2954 ed.
796 2915 971 2954 26—27
1004 2911 1058 2954 in
1086 2911 1404 2968 sinyularibus
1434 2910 1703 2955 criminibus
1733 2924 1820 2955 om.

131 2978 156 3009 e
193 3001 201 3009 .
413 2983 464 3012 m
513 2982 538 3012 0
575 3005 584 3013 .

40 2711 64 2817 ζ
250 2735 364 2774 1-2
397 2733 464 2776 ita
496 2737 548 2776 ut
577 2733 673 2788 fuit
702 2732 790 2776 LR
819 2733 964 2787 fuerit
994 2733 1065 2776 ed.
1176 2737 1201 2776 6
1233 2734 1350 2787 facti
1381 2746 1469 2776 om.
1495 2733 1567 2775 ed.
1675 2737 1701 2775 9
1734 2733 1824 2776 alis

40 2901 60 2952 ¹1

894 3121 919 3131 ‚e
