2014 3226
777 186 1080 231 AENEmos
1111 186 1134 231 1
1697 191 1796 242 131
1842 192 1872 214 υ

111 345 166 376 ex
202 327 377 389 quibus
403 326 667 389 Typhoeus
702 327 884 374 exarsit
915 328 1111 374 facilius
1143 330 1309 390 potuit
1340 333 1554 376 mentem
1587 330 1798 377 feminae

109 400 372 464 possidere.
441 403 490 448 et
522 401 647 447 illud
679 401 906 463 intellegi
937 403 1117 462 potest,
1149 401 1331 450 idcirco
1363 402 1496 450 Iovis
1530 405 1799 464 contempti

110 478 292 524 factam
326 490 429 522 esse
462 476 995 534 commemorationem,
1019 490 1079 521 ne
1113 476 1196 522 ille
1230 491 1280 523 se
1314 480 1567 524 excusaret
1598 482 1801 539 propter

108 550 358 598 Iunonem.
438 549 478 596 si
528 549 658 596 enini
706 551 1016 610 contemptus
1066 552 1142 596 est
1182 549 1448 611 aliquando
1487 551 1713 613 Iuppiter
1751 554 1801 599 et

66 643 84 674 5
108 624 280 671 Amori
335 622 652 686 subiugatus,
699 622 824 670 Iuno
878 623 1050 684 procul
1106 623 1255 671 dubio
1312 626 1559 672 contemni
1614 625 1800 686 debuit,

108 714 255 759 quam
304 697 587 745 inferiorem
635 697 787 744 fuisse
836 697 1108 744 constabat.
1186 698 1303 746 fecit
1350 714 1465 761 ergo
1515 699 1795 747 benivolum

107 770 311 819 dicendo
350 770 522 831 filium,
562 771 681 818 fecit
717 770 1004 819 benivolum
1045 770 1248 819 dicendo
1291 772 1421 833 quod
1460 774 1625 835 potior
1673 777 1799 822 esset

105 847 213 909 ipso
252 845 370 893 Iove
426 844 634 894 diversis
682 860 793 892 eum
842 844 1090 892 amoribus
1138 845 1457 908 exagitando,
1504 847 1624 894 fecit
1662 847 1797 894 beni-

104 920 272 968 volum
319 918 524 967 dicendo
576 918 803 981 potentia
849 934 959 966 mea
1007 922 1054 966 et
1102 919 1338 981 quicquid
1384 919 1565 969 virium
1619 921 1798 970 habere

42 1012 84 1044 ιο
106 1010 183 1042 me
214 995 338 1055 puto
370 1009 459 1055 per
489 996 539 1041 te
570 992 743 1053 habeo,
778 992 900 1040 arsit
939 992 1166 1041 incendio
1205 996 1293 1041 tuo
1333 994 1575 1056 Iuppiter,
1607 995 1797 1043 nullius

105 1067 249 1116 debes
273 1068 327 1115 in
353 1067 595 1116 desiderio
627 1083 737 1115 meo
771 1067 1190 1129 contemplatione
1222 1068 1456 1116 revocari.
1518 1085 1626 1116 ecce
1659 1069 1799 1117 addit

107 1143 225 1204 alia,
275 1141 453 1203 quibus
502 1158 614 1189 eum
662 1141 723 1188 ad
772 1141 1046 1203 conplenda
1096 1157 1223 1202 quae
1263 1142 1529 1190 necessitas
1571 1143 1798 1206 exigebat

103 1218 295 1264 ratione
332 1217 538 1277 pietatis
577 1218 792 1278 urgeret.
872 1215 935 1262 ad
972 1218 1038 1276 te,
1075 1216 1255 1278 inquit,
1297 1217 1544 1280 confugio,
1590 1219 1630 1264 si
1672 1219 1798 1266 esset

106 1291 230 1338 alter
270 1291 355 1352 qui
394 1293 592 1338 tantum
623 1289 747 1337 mihi
778 1288 978 1337 deberet
1011 1292 1097 1338 aut
1127 1291 1326 1337 tantum
1358 1293 1524 1352 posset
1557 1294 1796 1353 quantum

39 1381 80 1415 15
103 1367 159 1411 tu
198 1367 362 1426 potes,
405 1364 569 1427 ipsum
612 1379 922 1426 quaererem,
969 1379 1120 1425 nunc,
1170 1364 1289 1425 quia
1329 1364 1460 1413 solus
1501 1380 1550 1411 es
1592 1367 1677 1426 qui
1715 1365 1795 1412 de—

102 1439 216 1487 beas
255 1439 383 1486 velle
423 1441 472 1486 et
510 1438 669 1501 possis
710 1438 899 1501 inplere
941 1437 1071 1499 quod
1109 1438 1246 1499 volo,
1293 1454 1392 1486 non
1438 1440 1636 1486 tantum
1683 1455 1794 1488 con-

101 1513 240 1576 fugio
282 1512 344 1560 ad
383 1515 433 1560 te
474 1528 646 1561 verum
678 1513 831 1560 etiam
863 1512 1071 1574 supplex
1101 1514 1192 1560 tua
1222 1513 1427 1559 numina
1459 1528 1621 1575 posco.
1686 1529 1794 1561 ecce

103 1588 260 1636 omnis
299 1587 457 1650 partis
498 1588 703 1635 executa
742 1589 838 1647 est,
883 1587 1066 1649 quippe
1105 1589 1155 1634 et
1196 1585 1471 1635 admonuit·
1492 1588 1696 1649 pietatis
1735 1590 1795 1635 ut

102 1660 261 1708 filium
309 1663 358 1708 et
402 1661 602 1724 rogavit
647 1663 705 1708 ut
751 1660 917 1722 deum,
964 1662 1022 1707 ut
1068 1661 1203 1708 omni
1250 1676 1308 1708 ex
1353 1663 1495 1722 parte
1544 1663 1794 1710 coartatus

37 1751 80 1785 ιο
102 1751 199 1784 ιιοιι
233 1735 424 1784 deesset
455 1734 704 1797 obsequiis
743 1735 931 1783 matris.
996 1733 1116 1796 quid
1155 1737 1388 1796 putamus
1429 1735 1470 1782 ei
1513 1736 1674 1784 oneris
1716 1750 1792 1783 ac-

102 1809 316 1874 cessisse,
357 1825 465 1857 cum
506 1811 710 1872 rogatus
751 1810 826 1857 est
866 1808 927 1856 ab
968 1824 1026 1856 ea
1065 1824 1192 1870 quae
1234 1810 1532 1857 auctoritate
1571 1810 1792 1871 parentis

101 1882 268 1932 iubere
299 1881 571 1932 debuerat?
637 1883 722 1931 sed
752 1883 844 1931 hoc
876 1883 1141 1931 necessitas
1180 1881 1314 1944 fecit,
1345 1885 1404 1930 ut
1441 1883 1526 1930 ille
1566 1882 1792 1946 precibus

102 1960 151 2005 et
204 1957 566 2005 necessitudine
620 1959 877 2020 sanguinis
931 1955 1084 2004 flexus
1139 1956 1282 2004 rebus
1346 1957 1441 2005 rite
1505 1956 1791 2020 conplendis

103 2047 303 2094 operam
342 2031 497 2080 daret.
558 2034 760 2094 peracta
798 2031 1156 2094 principiorum
1195 2032 1338 2092 parte
1380 2047 1478 2092 qua
1508 2032 1627 2079 fecit
1657 2031 1790 2079 beni-

37 2118 79 2155 2⁵
101 2105 267 2154 volum
308 2107 662 2168 consequenter
700 2106 823 2154 facit
863 2107 1124 2165 attentum,
1158 2120 1257 2167 qua
1288 2105 1542 2153 occasione
1576 2104 1793 2153 ostendit

101 2182 260 2228 metus
308 2181 384 2228 sui
431 2194 626 2228 causas:
678 2180 850 2240 frater,
898 2180 1085 2241 inquit,
1132 2182 1188 2226 ut
1223 2178 1418 2227 Aeneas
1453 2181 1633 2242 pelayo
1681 2183 1792 2228 twus

101 2256 264 2302 omnia
302 2256 483 2302 circum
521 2255 665 2303 litora
702 2255 998 2314 iacteturque
1035 2253 1161 2301 odiis
1191 2253 1402 2301 Iunonis
1441 2254 1640 2314 iniquae
1677 2257 1789 2301 nota

49 2332 51 2334 ’
102 2328 197 2376 tibi.
288 2331 613 2390 posteaquam
665 2327 950 2376 benivolum
1002 2327 1124 2375 fecit
1177 2329 1226 2374 et
1279 2328 1552 2389 attentum,
1613 2329 1791 2390 incipit

51 2401 327 2491 docilem
338 2403 499 2451 facere
532 2401 794 2452 subiuncta
827 2402 1061 2451 continuo
1094 2402 1382 2450 narratione
1405 2401 1562 2450 totius
1587 2401 1791 2465 negotii,

64 2558 66 2562 ν
221 2533 243 2571 1
276 2534 317 2573 et
347 2529 514 2585 quibus
535 2507 623 2572 LR
646 2528 717 2573 ed.
743 2540 799 2573 ecc
829 2528 1191 2585 qu.r.1poterit
1221 2527 1292 2572 ed.
1399 2532 1424 2571 2
1456 2527 1683 2572 contemni
1703 2526 1790 2570 LR.

41 2619 61 2647 ψ’,
100 2588 341 2644 contempti
368 2602 393 2631 r
424 2587 496 2632 ed.
656 2592 682 2631 6
711 2587 857 2643 fuisse
886 2586 974 2630 LR
1003 2600 1093 2632 esse
1124 2586 1195 2632 ed.
1349 2590 1376 2630 8
1407 2601 1438 2631 a
1468 2587 1719 2631 maioribus
1747 2585 1791 2629 R·

44 2666 59 2693 ..ς
101 2645 538 2691 amoribusr=L
694 2645 1200 2691 19etomniRuto.
1232 2646 1411 2691 r=L.
1561 2649 1615 2689 26
1647 2649 1790 2689 metus

44 2698 67 2741 ’ἱ
99 2702 186 2748 LR
215 2706 396 2750 consilii
426 2706 497 2750 ed.
611 2719 776 2751 causas
806 2704 893 2748 LR
923 2719 959 2750 c.
992 2705 1146 2750 dicem
1177 2704 1247 2749 ed.
1295 2707 1329 2761 Ι
1351 2705 1503 2763 inquit
1533 2717 1622 2748 om.
1656 2703 1726 2747 ed.

52 2766 159 2820 ‚2⁷
188 2765 408 2821 iacteturq
410 2779 466 2809 ue
496 2764 533 2808 L
614 2779 697 2821 que
728 2778 815 2809 om.
843 2763 937 2808 ed.·
970 2777 1057 2808 nec
1087 2765 1226 2808 vacat
1255 2779 1352 2821 q‚ue
1384 2766 1439 2807 ut
1470 2762 1655 2808 Servius
1688 2762 1789 2819 opi-

49 2829 63 2885 ξ
101 2823 252 2878 natur,
275 2837 362 2868 nec
384 2825 581 2880 poetap
582 2823 689 2868 lura
710 2823 970 2868 inserturus
993 2822 1099 2878 fuit,
1122 2825 1178 2868 ut
1192 2779 1482 2867 Ribbeckius
1507 2821 1787 2879 suspicatur,

101 2893 186 2925 nec
215 2882 381 2926 vitium
412 2881 605 2940 aliquod
642 2882 839 2938 residet,
878 2884 933 2926 ut
963 2859 1200 2940 Wagnero
1231 2882 1438 2937 videtur,
1478 2880 1560 2926 sed
1590 2879 1711 2926 odiis
1741 2882 1788 2924 et

48 2948 154 2996 {ope
232 2954 258 2986 ο
287 2940 524 2998 particula
547 2941 896 2999 coniunguntur
917 2954 1045 2986 more
1070 2941 1197 2998 apud
1220 2943 1385 2999 poetas
1409 2917 1786 2996 fiequentissimo

102 3011 184 3042 mo
234 3013 316 3044 oco
347 3002 476 3046 mota
507 3000 582 3059 (cf,
615 3000 725 3046 Hor.
760 3014 900 3046 carm.
934 3005 975 3057 2,
1002 3004 1073 3056 19,
1097 3002 1184 3058 32).
1307 3004 1365 3044 29
1395 3000 1610 3045 continue
1639 2997 1711 3045 ed.

1374 3073 1431 3117 90

0 716 2 764 b
