2014 3226
223 153 292 203 26
683 150 913 194 DONATI
945 145 1224 192 INTERPR.
1260 149 1438 193 VEB-G.

218 293 354 339 venti
400 293 451 337 in
499 292 744 352 potestate
792 306 922 350 mea,
972 291 1232 351 praevenit
1280 292 1426 337 antea
1482 293 1529 337 et
1584 291 1657 337 ait
1710 291 1908 352 plenam

217 365 367 412 habes
414 367 466 410 in
506 367 677 411 ventos
725 364 979 410 licentiam
1027 366 1077 411 et
1122 363 1322 411 tenendi
1369 368 1417 410 et
1465 364 1763 423 dimittendi,
1814 366 1905 412 eri-

219 439 365 502 gendi
404 439 581 486 fluctus
623 440 671 485 et
709 437 943 498 placandi
980 439 1302 499 potestatem3
1358 453 1474 484 nam
1512 438 1607 485 tibi
1647 447 1755 485 eam
1795 438 1907 485 deo-

218 529 327 560 rum
374 514 595 559 omnium
645 514 693 558 et
739 512 996 558 hominum
1043 527 1126 558 rex
1174 513 1414 559 concessit
1459 513 1510 558 et
1547 511 1769 559 tradidit.
1847 528 1907 559 ne

217 586 400 634 diceret
447 586 628 632 Aeolus
676 585 831 632 habeo
881 585 1080 646 quidem
1125 587 1179 632 in
1227 587 1398 633 ventos
1445 587 1767 646 potestatem,
1822 585 1907 632 sed
1953 602 1972 634 5

217 676 312 706 non
367 660 490 706 mihi
544 660 660 706 licet
713 675 848 706 mare
899 659 1211 720 perturbare,
1269 659 1401 720 quod
1447 661 1521 707 est
1568 659 1906 707 subalterius

218 749 383 795 regnO,
430 734 612 780 idcirco
663 732 787 780 dixit
828 735 876 780 et
914 735 1214 794 potestatem
1263 734 1500 795 accepisti
1545 735 1598 780 in
1646 735 1818 781 ventos
1854 734 1908 781 'et

216 809 387 866 maria,
429 822 538 854 cum
570 807 784 854 volueris
818 807 1108 869 perturbare
1140 808 1357 855 inmissis
1390 808 1551 855 ventis
1583 808 1664 855 vel
1695 807 1907 872 placare,

217 896 327 927 cum
375 896 454 927 eos
502 882 779 928 retinueris.
872 883 1000 928 certe
1049 884 1099 928 et
1143 881 1270 928 illud
1325 881 1638 928 sentiendum
1693 884 1766 929 est
1819 897 1908 929 nee

215 957 405 1002 metuas
444 955 733 1015 Neptunum
772 955 863 1001 hac
902 957 955 1001 in
995 958 1157 1016 parte,
1207 957 1325 1016 quia
1364 956 1530 1016 potior
1567 958 1643 1003 est
1682 955 1909 1017 Iuppiter
1932 972 1974 1005 ιο

217 1030 302 1089 qui
333 1028 425 1075 tibi
456 1029 583 1075 hanc
615 1029 871 1076 licentiam
904 1029 1051 1076 dedit.
1115 1031 1294 1091 incipit
1326 1031 1429 1076 iam
1461 1029 1714 1077 insinuare
1747 1031 1909 1091 ipsam

214 1117 415 1149 causam
477 1102 642 1151 dicens
701 1117 819 1163 qens
880 1105 1101 1150 inimicia
1161 1104 1281 1151 mihi
1342 1104 1648 1164 Tyrrhenum
1708 1105 1911 1164 ‘naviyat

215 1190 393 1235 aequor
432 1177 587 1224 Ilium
627 1179 680 1223 in
717 1177 923 1224 Italiam
954 1181 1165 1236 portans
1204 1179 1442 1237 victosque
1471 1181 1702 1237 penates:
1741 1179 1908 1225 omnia

213 1251 534 1311 proponentis
576 1253 625 1297 et
663 1251 1005 1312 respondentis
1039 1251 1204 1299 studio
1237 1254 1588 1299 memorantur.
1656 1251 1737 1299 hic
1776 1253 1908 1299 enim

213 1340 310 1371 non
365 1325 642 1371 nominavit
686 1323 912 1385 Aenean,
967 1341 1027 1372 ne
1083 1325 1268 1372 diceret
1313 1325 1497 1372 Aeolus
1552 1341 1651 1372 non
1706 1341 1907 1387 possum
1933 1321 1978 1379 153

214 1398 404 1458 aliquid
443 1399 606 1445 moliri
647 1398 880 1446 adversus
920 1401 1152 1460 nepotem
1183 1399 1316 1447 Iovis
1358 1401 1444 1461 qui
1483 1400 1607 1446 mihi
1637 1401 1907 1461 imperium

214 1471 362 1518 dedit.
442 1473 514 1519 ait
561 1488 677 1535 ergo
730 1489 870 1536 gens,
927 1489 1053 1534 quae
1110 1474 1411 1536 generalitas
1466 1489 1644 1520 nomen
1692 1474 1904 1535 speciale

212 1547 500 1607 suppressit,
534 1546 664 1607 quod
702 1549 901 1607 poterat
939 1547 1162 1608 inpedire
1194 1547 1504 1596 desiderium.
1581 1547 1774 1594 addidit
1810 1549 1904 1594 ini·

212 1620 341 1666 mica
370 1620 531 1680 mihi,
578 1636 676 1667 non
717 1621 843 1667 dixit
883 1636 973 1684 ego
1014 1637 1122 1669 sum
1161 1622 1295 1668 illius
1335 1622 1563 1681 inimica,
1611 1621 1696 1669 sed
1742 1623 1906 1683 ipsam

214 1694 471 1740 constituit
508 1695 777 1754 inimicam,
819 1697 961 1756 quasi
995 1696 1252 1743 inferiores
1284 1696 1530 1757 potiorem
1562 1697 1902 1757 provocarent.

213 1768 446 1829 gravavit
483 1767 574 1815 hoc
614 1784 790 1831 genere
823 1769 1076 1831 Troianos⁷
1109 1771 1166 1816 ut
1206 1771 1359 1817 etiam
1389 1771 1495 1831 ipse
1525 1769 1709 1817 Aeolus
1740 1782 1906 1818 rerum

213 1840 512 1904 indignitate
550 1845 802 1902 permotus
834 1844 1144 1891 iracundiam
1176 1859 1317 1891 suam
1348 1844 1552 1891 Iunonis
1586 1845 1907 1892 commotioni

214 1908 545 1977 coniungeret.
622 1916 746 1963 mihi
785 1932 901 1964 vero
942 1917 1075 1978 quod
1114 1919 1207 1978 ait,
1247 1918 1340 1965 hoc
1380 1919 1455 1965 est
1492 1919 1707 1981 reginae,
1743 1919 1906 1966 sorori

213 1987 345 2034 Iovis
385 1990 436 2035 et
473 1990 695 2052 coniugi,
743 2006 870 2051 quae
910 1993 1077 2039 omnia
1114 2008 1205 2052 per
1241 2002 1517 2052 pronomen
1554 1991 1781 2056 intellegi
1819 2007 1902 2039 vo—

214 2061 311 2108 luit
358 2064 407 2108 et
453 2064 657 2124 propter
696 2063 1042 2127 adrogantiam
1081 2081 1181 2114 non
1220 2067 1441 2126 apertius
1480 2067 1613 2127 poni.
1693 2066 1903 2127 Tyrrhe*
1927 2071 1970 2121 §fl

213 2148 331 2182 num
377 2137 584 2200 navigat
631 2152 838 2198 aequor,
886 2139 966 2185 vel
1015 2139 1156 2200 quod·
1186 2140 1382 2186 facilius
1422 2141 1611 2187 moveri
1648 2141 1703 2187 in
1739 2141 1904 2201 perni-
1969 2147 1971 2149 ’

214 2209 338 2255 ciem
382 2211 732 2272 navigantium
777 2215 944 2273 posset
990 2213 1069 2260 vel
1118 2213 1249 2274 quod
1287 2207 1506 2261 vicinum
1545 2215 1673 2261 esset
1710 2213 1903 2261 Italiae.

213 2281 362 2329 Ilium
416 2284 468 2329 in
514 2282 712 2332 Italiam
767 2287 994 2346 portans:
1056 2289 1215 2334 omnis
1271 2298 1387 2349 opes
1443 2302 1556 2335 suas
1611 2300 1902 2349 omnemque
1952 2300 1969 2355 η·

213 2354 545 2404 substantiam
599 2371 763 2406 secum
816 2362 1042 2421 portans,
1099 2376 1224 2422 quae
1279 2362 1322 2409 si
1375 2363 1583 2423 perisset
1635 2377 1725 2423 per
1772 2361 1904 2409 idem
1948 2394 1969 2407 .-

212 2431 429 2491 tempus,
475 2433 650 2479 novari
689 2434 933 2494 posterius
972 2450 1071 2482 non
1117 2437 1298 2496 posset.
1375 2451 1436 2482 ne
1483 2451 1599 2483 vero
1646 2437 1903 2484 excusaret

212 2503 398 2551 Aeolus
431 2504 633 2551 deorum
665 2500 828 2566 causa,
858 2507 1038 2568 'quibus
1071 2508 1340 2572 cogebatur
1373 2509 1556 2556 inferre
1595 2503 1900 2569 violentiam,

214 2576 406 2624 addidit
459 2579 715 2640 victosque
763 2582 988 2641 penates:
1051 2582 1240 2630 scilicet
1285 2582 1573 2630 metuendos
1627 2598 1727 2630 non
1781 2597 1900 2644 esse,

334 2723 355 2760 1
389 2722 488 2762 m'ea
520 2732 609 2763 om.
644 2719 716 2763 ed.
891 2726 916 2764 6
944 2722 1218 2777 proturbare
1249 2724 1315 2779 (et
1345 2722 1486 2780 infra)
1517 2723 1605 2766 LR
1630 2724 1900 2779 perum-bare

214 2775 284 2818 ed.
335 2803 339 2806 -
380 2782 435 2820 14
460 2780 760 2833 proponentis
783 2779 870 2822 ΕΒ,
894 2780 1190 2837 οᾶμτθερίοἰὴ
1221 2782 1283 2825 ad
1313 2796 1358 2838 p.
1374 2786 1444 2835 25,
1460 2783 1565 2838 29.-1
1591 2787 1902 2827 memorantwr

213 2833 250 2876 Ι)
281 2842 495 2880 memorat
541 2850 647 2880 cum
684 2850 875 2882 rasurae
914 2839 1125 2896 vestigiis
1165 2839 1207 2882 R
1245 2845 1433 2901 -rantur
1462 2855 1497 2885 r.
1622 2845 1678 2885 18
1717 2838 1902 2886 addidit
1936 2855 1939 2881 3

213 2894 334 2937 em'm
364 2894 435 2938 ed.
604 2899 661 2939 25
687 2898 805 2952 pom·
835 2897 922 2940 LR
947 2900 1106 2954 posm't
1136 2899 1207 2942 ed.
1373 2902 1429 2942 30
1454 2900 1678 2956 potuisset
1706 2900 1778 2944 ed.

216 2955 268 2994 31
304 2967 443 2997 causa
476 2953 562 2997 LR
593 2954 674 2998 edI
703 2969 886 3000 eausam
921 2957 1029 3000 edF.
1390 2987 1393 2989 >
1612 2986 1616 2990 ·
1722 2984 1727 2988 ·
