2014 3226
784 163 1085 208 AENEIDOS
1118 164 1159 207 H
1722 166 1819 217 191

133 305 359 352 manibus
417 319 577 364 sacra,
633 303 868 364 portabat
922 306 971 350 et
1026 304 1143 351 deos
1197 305 1378 364 victos,
1434 307 1490 351 ut
1544 305 1826 352 ostenderet

134 379 403 426 humanum
444 377 687 424 auxilium
727 377 960 426 adversus
1002 393 1110 424 eam
1149 380 1252 425 vim
1292 393 1390 425 non
1422 378 1573 426 fuisse
1604 393 1822 426 necessa-

133 452 263 500 rium
317 453 396 499 cui
449 452 548 513 ipsi
602 466 798 512 quoque
846 450 917 498 dii
963 467 1052 512 pro
1100 467 1150 499 se
1197 453 1426 499 resistere
1481 453 1823 513 nequiverunt.

133 541 442 588 parvumque
496 527 728 586 nepotem
781 526 886 586 ipse
934 525 1111 572 trahit:
1176 526 1411 587 quoniam
1457 527 1694 588 fugientis
1743 527 1824 573 avi

91 618 110 650 5
133 599 358 662 passibus
415 615 515 647 non
568 598 770 646 valebat
823 614 1133 660 concurrere,
1187 599 1492 648 trahebatur.
1583 615 1824 662 cursuque

134 688 299 721 amens
355 673 418 720 ad
471 673 647 720 limina
700 673 884 720 tendit:
939 673 1062 719 tutis
1117 675 1339 721 exclusus
1388 673 1451 720 ad
1496 676 1665 721 intuta
1711 689 1823 722 con—

133 747 326 809 fugiens
365 747 563 807 plenam
602 746 883 794 testabatur
922 749 1206 807 amentiam,
1247 763 1356 795 cum
1391 763 1447 794 οο
1480 748 1675 811 fugiens
1716 764 1822 796 cur-

131 823 263 868 reret
292 820 378 867 ubi
410 836 522 868 cum
553 821 675 882 ipsis
708 820 803 868 diis
837 822 1082 882 potuisset
1119 822 1331 869 incendi.
1402 837 1492 882 quo
1525 837 1602 870 res
1631 837 1824 869 summa

133 896 243 950 loeo,
276 894 505 942 Panthu?
561 910 709 955 quam
730 895 1023 954 prendimus
1056 897 1248 943 arcem?
1301 897 1627 960 interrogatio
1660 896 1823 944 brevis

68 987 110 1018 10
131 985 221 1031 pro
259 969 453 1016 ratione
490 968 727 1031 temporis
768 971 986 1030 sumpta,
1028 971 1254 1030 quaesita
1294 970 1446 1018 etiam
1484 986 1573 1032 pro
1612 986 1824 1031 persona

132 1043 391 1105 fugientis,
447 1042 533 1104 qui
579 1058 629 1090 se
676 1058 734 1090 ac
781 1043 895 1090 deos
944 1046 993 1090 et
1045 1046 1277 1105 nepotem
1330 1044 1503 1091 hostili
1556 1045 1822 1092 violentiae

132 1116 418 1166 subtrahere
457 1116 702 1178 cupiebat,
733 1132 823 1179 pro
865 1118 968 1165 eius
1007 1133 1203 1179 quoque
1236 1133 1447 1179 persona
1489 1120 1575 1179 qui
1615 1119 1824 1166 adversa

130 1191 249 1238 licet
278 1193 470 1238 mature
501 1190 703 1238 volebat
734 1191 919 1238 audire.
982 1192 1056 1239 ait
1088 1207 1204 1256 ergo
1238 1207 1334 1252 quo
1367 1207 1444 1239 res
1478 1207 1667 1239 summa
1699 1193 1823 1252 loco,

130 1262 364 1312 Panthu?
423 1279 614 1312 summa
644 1280 810 1312 rerum
842 1267 917 1313 est
947 1265 1192 1314 malorum
1215 1267 1296 1313 vel
1318 1266 1560 1314 bonorum
1585 1268 1823 1314 concinna

66 1354 106 1388 15
131 1338 366 1400 definitio,
393 1355 492 1401 qua
524 1339 730 1387 celerius
762 1340 972 1401 exprimi
1001 1341 1197 1401 possint
1228 1340 1435 1388 adversa
1467 1341 1547 1388 vel
1570 1356 1820 1402 prospera.

130 1427 279 1474 quam
316 1412 601 1475 prendimus
641 1412 840 1461 arcem?
916 1413 1043 1461 arcis
1082 1416 1158 1462 est
1196 1414 1411 1462 secunda
1459 1414 1702 1475 defensio,
1746 1416 1821 1461 in-

131 1488 281 1534 venta
317 1486 518 1548 idcirco,
556 1489 615 1534 ut
653 1489 826 1535 evictis
865 1489 1021 1536 muris
1061 1487 1171 1550 ipsa
1210 1488 1454 1536 succedat.
1532 1491 1664 1536 recte
1704 1504 1821 1551 ergo

130 1562 410 1622 quaesitum
450 1563 524 1609 est
564 1577 713 1622 quam
751 1562 1039 1623 prendimus
1081 1560 1276 1610 arcem?
1331 1562 1534 1610 videbat
1573 1564 1704 1610 enim
1742 1563 1821 1609 fu-

130 1635 346 1698 gientem
383 1635 635 1682 Panthum
675 1637 803 1684 arcis
834 1637 1108 1684 munimine
1142 1651 1255 1684 cum
1283 1637 1406 1698 ipsis
1439 1636 1534 1684 diis
1568 1637 1822 1685 evidenter

64 1725 107 1757 20
130 1709 382 1757 exclusum
438 1711 488 1757 et
540 1709 728 1757 sciebat
779 1710 974 1758 nullam
1028 1726 1132 1758 esse
1187 1711 1340 1758 aliam
1393 1712 1591 1772 praeter
1644 1712 1820 1772 ipsam.

129 1785 337 1831 noverat
377 1799 572 1845 quoque
611 1799 670 1831 ex
708 1785 1045 1833 insinuatione
1084 1786 1357 1846 praeterita
1386 1784 1617 1832 Hectoris
1649 1784 1823 1833 hostili

130 1857 447 1905 multitudine
487 1858 588 1904 iam
626 1874 793 1906 muros
833 1873 936 1907 esse
975 1874 1241 1921 possessos.
1303 1861 1386 1906 vim
1419 1874 1475 1906 ca
1505 1861 1640 1919 fatus
1673 1874 1821 1914 eram,

126 1932 306 1990 gemitu
345 1946 454 1979 eum
491 1932 614 1979 talia
651 1933 833 1980 reddit:
871 1934 1000 1980 venit
1037 1948 1228 1980 summa
1267 1933 1382 1980 dies.
1444 1935 1625 1980 miram
1661 1934 1715 1980 in
1746 1949 1820 1980 re-

131 2005 414 2066 spondendo
463 2006 770 2055 celeritatem
822 2007 991 2068 posuit
1045 2008 1267 2055 extitisse
1321 2022 1412 2068 pro
1458 2007 1652 2055 ratione
1697 2009 1819 2055 tem-

53 2076 107 2126 ‘25
130 2077 264 2140 poris
319 2095 472 2142 supra
525 2079 658 2128 dicta
712 2083 762 2128 et
813 2096 904 2143 pro
954 2081 1147 2129 ratione
1192 2097 1536 2145 personarum,
1581 2082 1820 2146 fugientis

131 2152 320 2201 scilicet
358 2156 409 2201 et
447 2153 618 2201 audire
659 2155 927 2217 cupientis:
968 2157 1236 2216 antequam
1267 2157 1652 2219 interrogationi
1681 2171 1820 2203 meae

130 2225 291 2287 finem,
322 2227 501 2289 inquit,
532 2229 640 2289 feci,
674 2229 761 2277 1110
799 2230 956 2276 mixto
996 2229 1158 2277 verbis
1199 2231 1388 2293 gemitu
1425 2230 1551 2276 talia
1589 2229 1820 2277 reddidit.

73 2329 75 2331 -
131 2314 242 2348 cum
294 2301 715 2363 propositionibus
771 2303 996 2351 omnibus
1050 2303 1338 2366 responderi
1388 2305 1672 2365 conveniat,
1726 2304 1819 2351 hoc

130 2374 210 2421 vel
239 2375 452 2423 maxime
482 2375 592 2424 loco
622 2377 956 2439 praedicanda
993 2377 1309 2426 vehementer
1340 2380 1415 2425 est
1444 2379 1623 2439 poetae
1661 2378 1820 2425 nostri

65 2461 110 2495 ³0
133 2447 400 2514 artificiosa
438 2450 703 2499 subtilitas.
779 2451 935 2499 isdem
975 2451 1106 2499 enim
1145 2451 1308 2499 verbis
1348 2451 1616 2514 eademque
1658 2451 1818 2499 brevi-

51 2664 53 2666 .
248 2623 276 2661 4
307 2620 384 2664 avi
413 2620 456 2663 R
487 2626 570 2664 aut
600 2620 635 2663 L
668 2634 756 2664 om.
783 2622 854 2667 ed.
1015 2627 1040 2664 5
1074 2636 1302 2667 occurrere
1333 2622 1420 2666 LR
1451 2622 1522 2666 ed.
1556 2635 1819 2666 concurrere

131 2689 228 2721 nos.
351 2683 376 2721 6
408 2680 603 2724 eoeclusis
633 2680 704 2725 ed.
735 2684 741 2737 Ι
769 2682 924 2726 intuta
956 2680 1043 2723 LR
1073 2695 1167 2725 non
1197 2687 1298 2726 tuta
1330 2682 1400 2726 ed.
1519 2686 1574 2724 10
1598 2695 1687 2737 pro
1714 2694 1816 2736 per-

130 2748 243 2780 sona
271 2736 308 2779 L
338 2751 422 2793 pro
453 2751 542 2782 om.
566 2738 609 2781 R
640 2739 747 2783 add.
780 2755 814 2783 r.
985 2745 1037 2783 11
1072 2746 1113 2785 et
1142 2746 1343 2797 ‘nepotem
1374 2740 1461 2783 LR
1492 2754 1547 2784 ac
1576 2755 1621 2784 n.
1655 2739 1726 2784 ed.

134 2798 188 2837 13
219 2800 396 2841 mature
426 2797 513 2840 LR
543 2799 741 2843 celeriter
772 2799 843 2843 ed.
992 2804 1046 2844 14
1077 2813 1230 2844 ‘rerum
1259 2799 1347 2843 LR
1378 2814 1448 2844 res
1477 2814 1511 2842 1.
1548 2799 1555 2856 Ι
1589 2799 1818 2843 malarum

130 2853 203 2900 vel'
228 2854 450 2900 bonarum
481 2856 552 2900 ed.
648 2861 702 2901 15
728 2859 876 2914 possit
897 2858 952 2901 R.
1054 2863 1109 2903 16
1134 2873 1237 2904 ares
1258 2858 1294 2902 L
1317 2873 1352 2903 x
1376 2871 1600 2915 superscr.
1626 2857 1669 2901 11
1691 2871 1814 2901 man.

132 2925 221 2956 arx
245 2912 292 2957 ‘R
321 2913 392 2958 e'd.
427 2917 548 2960 areis
577 2930 661 2960 nos
693 2916 769 2974 (cf.
801 2918 950 2962 somni
980 2919 1098 2974 269).
1210 2922 1266 2962 19
1298 2919 1420 2962 arcis
1450 2917 1701 2961 munimine
1730 2916 1817 2959 LR

131 2971 189 3015 ab
219 2974 322 3017 a'rce
351 2972 422 3018 ed.
545 2978 601 3018 27
634 2976 786 3032 inquit
804 2990 905 3020 om.
931 2975 1003 3022 ed.
