2014 3226
201 165 311 217 424
612 196 614 198 ·
669 164 901 208 DONATI
931 164 1209 207 INTERPR.
1243 164 1421 208 VERG.

202 308 350 354 vento
400 306 629 366 aquilone
676 321 849 352 revera
897 305 1121 352 exclusus
1163 307 1257 364 est,
1298 304 1382 352 sed
1420 320 1519 352 non
1558 305 1652 364 ita,
1691 307 1748 351 ut
1786 305 1894 367 ipso
1970 343 1971 346 ¹

202 383 423 440 tempore
464 379 527 425 ad
565 378 766 425 Italiam
803 379 1048 439 tenderet,
1088 381 1208 426 tunc
1241 380 1371 424 enim
1405 393 1712 440 quocumque
1745 381 1894 426 vento

201 455 253 500 in
294 453 570 514 quamlibet
610 453 734 500 caeli
772 454 967 514 partem
999 452 1162 499 fuerat
1193 452 1498 514 fugiendum.
1563 452 1771 513 denique
1801 453 1894 500 hoc
1986 445 1989 487 3

205 529 270 586 ei,
310 529 367 574 ut
405 526 505 573 iam
546 526 781 587 diximus,
820 526 867 572 in
913 526 1124 572 secunda
1163 526 1435 574 monitione
1474 526 1766 573 mandatum
1806 528 1894 586 est,
1988 566 1989 570 ,

203 617 301 647 11011
341 603 397 647 ut
435 602 530 647 iret
570 600 632 647 ad
664 599 880 660 Italiam,
913 599 998 647 sed
1037 602 1094 646 ut
1131 601 1404 646 inminente
1438 600 1718 648 discrimine
1753 615 1895 662 opor-
1963 594 1989 617 '³

203 678 321 721 tune
354 673 587 721 flantibus
619 674 780 721 ventis
812 675 1020 736 fugeret.
1084 677 1355 735 oportunus
1389 675 1556 721 autem
1596 675 1760 721 fuerat
1797 690 1897 721 non

205 749 266 795 ad
307 747 530 807 Italiam,
579 747 663 794 sed
711 748 775 794 ad
822 749 1019 810 fugam,
1067 750 1116 794 et
1155 763 1265 794 cum
1304 747 1571 809 unicuique
1611 764 1699 810 per
1737 749 1897 795 maria

203 824 406 884 propter
451 821 727 884 ingruentis
773 822 897 869 mali
943 823 1287 869 necessitatem
1325 821 1617 884 fugiendum
1657 823 1751 883 est,
1798 837 1898 869 non

206 912 301 956 quo
342 895 570 955 voluerit,
604 895 687 942 sed
729 911 826 957 quo
866 897 1087 956 potuerit
1117 896 1338 959 navigat.
1401 895 1749 959 intellegamus
1782 911 1898 959 ergo
1974 919 1980 963 ζ

203 970 382 1017 fluctus
424 969 654 1031 aquilone
697 971 830 1017 atros
869 970 954 1031 qui
985 969 1128 1016 flaret
1158 970 1208 1015 in
1241 971 1494 1030 praesenti
1527 972 1576 1016 et
1609 969 1899 1032 suffragium

204 1043 419 1105 fugienti
459 1043 722 1103 sufficeret,
760 1059 861 1090 non
901 1045 987 1105 qui
1026 1043 1194 1091 flasset
1234 1043 1517 1104 aliquando.
1590 1045 1631 1090 si
1672 1045 1803 1091 enim
1843 1059 1899 1090 ex
1970 1039 1982 1079 ⁵·

208 1116 523 1179 Carthaginis
563 1118 710 1164 litore
751 1117 814 1165 ad
853 1117 1053 1164 Italiam
1094 1133 1194 1164 non
1234 1117 1446 1165 ducebat
1485 1117 1676 1178 aquilo,
1722 1117 1899 1179 perdu-

206 1191 347 1238 cebat
386 1194 554 1238 tamen
595 1207 904 1252 quocumque
937 1191 1224 1254 fugientem.
1289 1191 1465 1238 similis
1498 1192 1634 1239 locus
1669 1194 1756 1251 est,
1790 1207 1900 1239 011111
1975 1243 1985 1262 »

206 1266 398 1312 Aeneas
439 1266 634 1328 fugeret
671 1266 908 1327 harpyias
950 1259 1023 1331 (3,
1051 1259 1182 1331 268)
1224 1265 1465 1326 „tendunt
1503 1266 1614 1313 vela
1653 1266 1782 1326 noti,
1823 1266 1899 1312 fu·
1972 1274 1978 1315 ’.

206 1341 368 1402 gimus
416 1339 762 1400 spumantibus
808 1339 954 1387 undis
1004 1355 1103 1400 qua
1149 1355 1347 1387 cursum
1399 1342 1673 1401 ventusque
1725 1339 1900 1403 guber-
1966 1338 2005 1386 ’.Ὗ

205 1415 448 1474 natorque
497 1412 750 1461 vocabat“.
829 1429 946 1461 nam
985 1416 1034 1461 et
1071 1413 1176 1461 illic
1225 1412 1523 1474 dimisimus,
1569 1413 1755 1475 inquit,
1804 1429 1901 1475 quo
1960 1436 1962 1440 v

205 1487 527 1535 tendebamus
583 1490 633 1535 et
685 1488 868 1535 ivimus
923 1503 1022 1550 quo
1069 1487 1344 1549 potuimus,
1398 1488 1492 1536 hoc
1539 1490 1614 1535 est
1661 1486 1901 1535 evidentis
1974 1487 1982 1546 ζ’

205 1560 414 1622 periculi
452 1563 588 1609 metu
621 1562 992 1625 ,navigabamus
1029 1562 1083 1608 in
1117 1577 1226 1608 eam
1257 1563 1451 1623 partem
1483 1562 1635 1609 maris
1667 1562 1720 1608 in
1753 1576 1903 1622 quam
1975 1558 1992 1611 ².

206 1650 295 1682 nos
350 1651 448 1682 non
503 1635 764 1689 consilium
819 1635 1052 1696 ducebat,
1112 1635 1196 1683 sed
1250 1635 1553 1699 gubernator
1607 1638 1656 1683 et
1710 1637 1900 1683 ventus.
1966 1695 1967 1698 Ἴ

207 1711 350 1769 item,
406 1724 517 1756 cum
571 1709 812 1756 inminere
860 1708 1098 1771 Cyclopes
1154 1712 1493 1770 cernerentur,
1542 1711 1614 1756 ait
1662 1703 1736 1775 (3,
1771 1702 1901 1774 682)
1955 1706 2007 1748 ιζ

209 1783 536 1844 „praecipites
576 1787 739 1832 metus
779 1799 891 1831 acer
930 1785 1037 1847 agit
1076 1799 1385 1845 quocumque
1415 1784 1643 1831 rudentis
1676 1786 1902 1831 excutere
1980 1783 1986 1819 '·

210 1861 258 1904 et
303 1858 466 1904 ventis
511 1857 766 1905 intendere
814 1858 926 1906 vela
981 1857 1249 1906 secundis“.
1327 1873 1426 1905 non
1481 1857 1706 1905 secundis
1761 1859 1904 1919 quasi
1964 1871 1967 1922 g

209 1930 272 1978 ad
310 1931 513 1978 Italiam
553 1931 859 1992 ducentibus,
899 1931 984 1979 sed
1023 1931 1248 1980 secundis
1290 1932 1351 1979 ad
1390 1932 1614 1993 pericula
1652 1930 1903 1994 fugienda.
1955 1932 1975 1986 ξ’

210 2006 374 2067 potest
413 2007 464 2051 et
502 2006 587 2067 sic,
625 2009 682 2053 ut
720 2009 1019 2067 usurpatum
1060 2006 1125 2054 sit
1165 2008 1215 2053 et
1254 2005 1502 2067 aquilonis
1542 2007 1741 2053 nomine
1784 2005 1904 2053 alte·
1959 2028 1972 2061 μ

207 2080 312 2126 rius
360 2078 459 2126 dici
506 2079 776 2139 debuisset,
825 2079 971 2128 sicuti
1012 2081 1061 2127 et
1100 2095 1250 2142 supra
1297 2072 1371 2145 (4,
1406 2073 1536 2145 562)
1578 2081 1747 2141 posuit
1786 2094 1904 2140 „nec
1934 2078 1987 2151 ’,ᾦ

211 2152 450 2214 zephyros
505 2153 646 2202 audis
702 2154 891 2216 spirare
946 2152 1227 2215 secundos“,
1281 2153 1374 2202 hoc
1426 2155 1500 2202 est
1549 2156 1745 2214 ventos,
1805 2169 1905 2200 non

212 2227 343 2273 enim
389 2226 538 2274 multi
584 2229 700 2276 sunt
747 2228 964 2289 zephyri.
1043 2229 1093 2275 et
1132 2229 1231 2276 ano
1271 2228 1380 2275 1000
1430 2221 1504 2294 (1,
1539 2221 1669 2293 391)
1715 2228 1788 2276 ait
1827 2229 1906 2288 „et

209 2301 263 2347 in
309 2301 474 2347 tutum
519 2301 674 2349 versis
723 2301 1038 2363 aquilonibus
1088 2301 1303 2363 actam“3
1357 2317 1475 2348 nam
1521 2304 1571 2348 et
1615 2301 1721 2349 illic
1766 2317 1904 2349 usur·

210 2374 350 2435 patio
391 2375 526 2422 facta
566 2377 641 2422 est
672 2377 886 2423 nominis
919 2378 969 2423 et
998 2377 1209 2435 numeri,
1240 2377 1301 2423 ut
1331 2392 1431 2424 uno
1463 2375 1704 2423 vocabulo
1736 2390 1904 2423 omnes
1955 2367 2006 2435 ,fs

212 2447 623 2511 significarentur,
664 2449 783 2510 quia
820 2448 1023 2498 remotis
1061 2450 1224 2497 ventis
1266 2465 1387 2511 quos
1423 2449 1608 2497 Aeolus
1648 2449 1906 2498 inmiserat
1945 2473 1961 2485 >1
1959 2473 1994 2554 ..χ

336 2624 358 2661 1
392 2618 621 2662 exclusum
653 2618 741 2661 LR
773 2619 843 2663 ed.
877 2621 1087 2665 emolu-sus
1117 2626 1182 2664 est
1214 2633 1298 2663 nos
1339 2615 1542 2676 (excludi
1578 2633 1661 2676 pro
1703 2617 1905 2663 amoveri

212 2679 267 2719 ut
298 2681 339 2730 4,
366 2679 483 2734 237).
577 2682 603 2720 2
635 2683 764 2722 vento
795 2677 883 2721 LR·
914 2684 956 2723 et
987 2679 1058 2724 ed.
1152 2684 1177 2723 9
1210 2679 1449 2737 naviyavit
1479 2678 1707 2722 ed..17
1739 2678 1951 2722 ibimus
2000 2726 2002 2731 ,

213 2735 299 2779 LR
332 2749 445 2780 corr.
473 2736 543 2779 ed.
660 2741 717 2780 24
747 2751 813 2782 sw
843 2737 931 2780 LR
960 2740 1027 2782 sie
1057 2739 1258 2796 intelleyi
1288 2737 1359 2782 ed.
1403 2737 1410 2796 Ι
1460 2741 1502 2781 et
1532 2738 1764 2793 aquilonis
1793 2736 1836 2780 R
1865 2740 1952 2787 et

212 2809 300 2838 om.
320 2794 368 2838 L.
398 2794 405 2853 Ι
433 2796 624 2840 alterius
646 2795 734 2839 LR
758 2795 830 2840 ed.
857 2798 936 2852 (sc.
954 2799 1140 2854 nomen)
1173 2799 1290 2842 alter
1312 2801 1470 2841 ventus
1500 2811 1524 2839 r
1554 2797 1753 2841 fortasse
1780 2796 1908 2840 recte
1999 2805 2003 2826 ³

214 2854 270 2897 cf.
304 2853 440 2898 infra.
541 2859 597 2898 25
631 2855 725 2898 diez·
755 2855 977 2900 debuisset
1007 2856 1094 2899 LR
1124 2857 1166 2900 d.
1193 2870 1295 2900 cum
1326 2856 1368 2900 d.
1403 2855 1475 2900 ed.
1577 2859 1750 2898 25—26
1781 2868 1906 2899 noev-
1955 2843 1970 2862 ”
1999 2871 2004 2886 1

211 2916 332 2967 feros
361 2912 404 2956 R
435 2927 536 2957 -rus
567 2913 602 2956 L
633 2927 715 2957 nec
745 2916 922 2971 zefgjros
950 2929 985 2957 r
1102 2919 1158 2958 26
1188 2916 1414 2960 secundus
1445 2914 1580 2973 LR.1
1607 2920 1766 2959 ventus
1795 2860 2004 2960 1-1.ὶῖ

215 2976 273 3014 ⁴28
299 2973 493 3016 ventosis
515 2985 599 3028 pro
628 2974 762 3017 versis
778 2973 877 3017 LR.
972 2978 1028 3016 30
1053 2976 1133 3030 qui
1155 2988 1239 3030 pro
1264 2989 1373 3030 qma
1390 2973 1480 3029 111
1507 2915 1630 3018 collus
1647 2973 1688 3016 R
1711 2971 1903 3018 eulusL.
1932 2928 1988 3226 ἓ
