2014 3226
202 177 310 229 330
667 175 900 219 DONATI
930 174 1212 217 INTERPR.
1245 174 1423 218 VERG.

202 333 419 365 amorem
465 317 594 363 hunc
639 315 824 362 habent
866 314 1195 361 intellectum:
1251 316 1370 375 quia
1407 331 1529 376 puer
1569 330 1617 362 es
1659 315 1709 361 et
1749 329 1891 375 spero

200 394 248 438 te
298 391 381 437 diu
430 392 700 448 victurum,
746 389 932 450 poterit
979 389 1094 449 apte
1142 403 1245 436 esse
1294 390 1475 435 amoris
1520 390 1617 435 mei
1656 388 1892 435 diuturna
1971 383 1989 440 ἐ

110 471 197 511 490
216 466 467 512 memoria.
546 477 571 510 0
610 463 730 510 mihi
767 462 872 509 sola
909 463 1003 509 mei
1041 475 1188 521 saper
1226 461 1542 521 Astyanactis
1579 463 1753 522 imaya
1823 463 1892 510 300

200 538 379 593 oeulos,
434 539 502 584 sic
555 538 636 584 ille
687 550 887 591 manus,
943 538 1013 583 300
1066 550 1155 583 ora
1204 536 1390 595 ferebat
1436 539 1478 582 et
1520 549 1652 583 nume
1698 535 1892 594 aequali

200 616 349 660 tecum
393 613 666 670 pubesceret
713 623 856 657 aevo:
910 609 1206 658 miserabilis
1254 625 1350 657 vox
1394 610 1497 656 eius
1540 625 1664 670 quae
1702 609 1777 655 fili
1815 609 1893 658 sui
1937 626 1958 660 5

200 685 574 733 similitudinem
627 683 828 731 videbat
881 685 935 730 in
981 683 1211 732 Ascanio.
1290 686 1368 743 tn,
1415 685 1605 744 inquit,
1660 683 1793 731 solus
1840 699 1892 731 es
1968 673 1971 678 ⁵

199 761 285 819 qui
320 758 394 804 fili
424 760 523 805 mei
555 757 934 805 similitudinem
964 760 1156 819 portas,
1197 758 1408 819 denique
1444 757 1604 818 qualis
1635 759 1693 804 tu
1725 758 1891 806 oculos
1973 761 1977 810 ἦ

198 833 347 880 habes
397 834 445 879 et
491 847 665 880 manus
712 832 830 879 talis
878 833 1030 879 etiam
1075 832 1161 878 ille
1207 831 1405 891 habuit,
1461 833 1531 879 sic
1585 831 1681 878 fuit
1731 832 1890 879 omnis

198 908 349 953 facies
399 907 501 953 eius
547 907 605 952 ut
649 907 762 966 tua,
811 908 947 954 aetas
989 922 1183 966 quoque
1225 905 1496 952 consimilis
1536 907 1703 953 tecum
1739 905 1891 966 pube-

198 983 365 1039 sceret,
406 981 449 1028 si
486 981 539 1026 in
577 980 670 1027 hoc
708 982 905 1041 tempus
943 980 1205 1028 mansisset
1243 979 1516 1027 incolumis.
1581 979 1700 1026 dum
1738 979 1892 1042 gemit
1915 995 1987 1027 ιο,

196 1054 270 1100 fili
323 1053 632 1114 memoriam,
689 1053 807 1100 dum
861 1054 1053 1101 dolores
1114 1069 1226 1102 suos
1286 1053 1567 1101 miseranda
1612 1068 1730 1101 voce
1778 1069 1891 1115 pro-

198 1130 442 1189 sequitur,
488 1127 712 1189 prodidit
758 1143 958 1176 causam
997 1127 1317 1175 liberalitatis
1359 1143 1497 1187 8113ος
1554 1126 1893 1174 arbitrabatur

197 1203 328 1248 enim
376 1218 501 1263 quae
547 1203 692 1249 tanta
739 1201 1023 1250 conferebat
1069 1203 1116 1248 ei
1162 1202 1250 1263 qui
1287 1201 1611 1262 Astyanactis
1659 1202 1891 1248 similitu-

197 1276 363 1323 dinem
407 1276 559 1323 ferret
605 1292 704 1324 non
751 1291 801 1323 se
849 1275 1064 1324 extrario
1113 1275 1318 1335 donare,
1367 1274 1452 1323 sed
1490 1274 1607 1323 filio.
1684 1276 1770 1322 1003
1810 1289 1891 1335 eye

196 1351 468 1410 diqrediens
507 1350 722 1398 lacrimis
762 1351 978 1409 adfabar
1016 1351 1218 1397 obortis:
1261 1365 1367 1412 ego,
1399 1350 1580 1411 inquit,
1610 1362 1890 1397 recessurus
1915 1347 1986 1397 15*

197 1439 226 1471 a
266 1424 454 1472 civibus
493 1424 635 1471 bonis
678 1440 733 1471 ac
767 1425 1030 1487 religiosis,
1063 1423 1125 1471 ab
1156 1424 1233 1472 his
1267 1425 1354 1485 qui
1384 1425 1524 1470 iuxta
1555 1439 1634 1470 me
1667 1438 1723 1470 30
1754 1438 1890 1471 111008

194 1500 300 1544 tam
351 1498 582 1546 liberales
637 1499 919 1547 extitissent
972 1514 1072 1545 non
1125 1499 1270 1559 potui
1324 1497 1459 1545 abire
1516 1499 1622 1544 sine
1674 1496 1889 1559 pectoris

195 1586 384 1632 morsu,
424 1588 540 1619 113111
581 1574 826 1633 quantum
863 1573 1102 1620 maeroris
1136 1573 1293 1619 animi
1324 1587 1544 1635 gererem
1574 1571 1892 1619 testabantur
1970 1592 1975 1602 ι

195 1646 327 1693 001111
379 1647 479 1693 11101
532 1645 731 1694 obortas
784 1647 1016 1695 lacrimas
1076 1646 1272 1708 ingenti
1330 1645 1559 1693 ubertate
1614 1645 1888 1692 fundentes.
1980 1708 1982 1714 Ι

196 1720 394 1768 obortas
442 1720 589 1781 dixit,
637 1720 826 1768 scilicet
870 1737 971 1769 non
1013 1722 1210 1768 coactas
1251 1723 1338 1767 aut
1378 1734 1490 1767 cum
1529 1719 1701 1781 aliqua
1739 1718 1891 1766 flendi
1914 1734 1959 1767 20

196 1794 499 1856 cogitatione
544 1794 780 1856 prolatas.
857 1796 989 1843 inter
1035 1794 1169 1857 ipsas
1215 1796 1385 1841 tamen
1433 1794 1665 1841 lacrimas
1718 1793 1888 1841 huius-

195 1867 330 1915 modi
374 1868 536 1915 verbis
584 1867 781 1917 adfatus
827 1870 1096 1930 utrumque
1135 1883 1265 1930 sum,
1311 1868 1404 1915 hoc
1445 1869 1520 1915 est
1557 1866 1802 1915 Helenum
1841 1868 1891 1914 et

195 1940 596 1990 Andromachen:
633 1944 778 1992 000000
815 1943 976 2004 felices
1014 1943 1188 2002 quibas
1228 1945 1296 1990 est
1328 1943 1532 2002 fortuna
1553 1943 1758 2001 peracta
1787 1942 1891 1988 iam

106 2022 193 2062 495
210 2029 315 2063 saa.
377 2030 465 2063 nos
504 2018 607 2064 alia
647 2032 703 2066 ex
741 2019 855 2066 aliis
883 2019 951 2065 000·
969 2018 1076 2076 fata
1107 2030 1362 2065 vocamur·
1398 2016 1534 2063 00003
1556 2017 1709 2075 parta
1739 2016 1888 2074 quies‘,

195 2090 387 2136 nullam
416 2092 570 2137 maris
601 2105 780 2151 aequor
810 2091 1059 2139 arandwm
1090 2105 1216 2139 arva
1243 2103 1397 2150 neque
1419 2087 1674 2137 Ausoniae
1702 2103 1890 2148 semper
1913 2070 1989 2151 1101

195 2163 411 2211 cedentia
454 2165 580 2212 retro
627 2166 922 2224 quaerenda.
1000 2166 1210 2225 effiyiem
1253 2164 1443 2212 Xanthi
1485 2164 1775 2222 Troiamque
1820 2164 1890 2210 00-
1981 2141 1988 2212 i

196 2237 331 2292 detis,
371 2252 519 2297 qaam
556 2243 743 2287 vestrae
780 2240 934 2298 fecere
962 2253 1156 2294 manae,
1189 2238 1470 2286 melioribus
1499 2240 1608 2298 opto
1639 2237 1890 2296 auspicii-3,

197 2313 240 2358 et
283 2325 407 2370 quae
450 2313 602 2371 fuerit
643 2315 807 2361 minus
853 2313 993 2361 obvia
1043 2312 1208 2362 Grais.
1294 2313 1537 2374 optimam
1583 2312 1889 2360 occasionem

195 2385 344 2446 poeta
404 2386 625 2447 repperit
687 2403 785 2448 qua
846 2386 1074 2436 definiret
1135 2386 1259 2448 quid
1319 2387 1386 2434 sit
1442 2385 1654 2433 feliciter
1706 2384 1886 2432 vivere.

195 2458 407 2506 feliciter
453 2461 527 2506 est
572 2460 760 2522 vivere,
806 2461 994 2522 inquit,
1040 2476 1239 2508 manere
1286 2461 1502 2508 otiosum
1547 2460 1600 2506 in
1642 2474 1741 2507 uno
1779 2458 1888 2506 loco
1947 2459 1956 2474 ”
1975 2463 1990 2500 Ἃ

196 2535 245 2580 et
283 2531 492 2581 adversa
530 2533 760 2582 fortunae
798 2534 1009 2582 ulterius
1046 2550 1147 2582 non
1185 2535 1375 2582 timere.
1443 2531 1735 2581 admiianda
1774 2547 1888 2580 con-

195 2607 358 2668 ceptio
406 2605 658 2669 dictionis3
712 2608 907 2660 Aeneas
955 2610 1087 2656 enim
1123 2609 1378 2656 fortunam
1415 2620 1558 2656 suam
1596 2621 1800 2670 gravem
1838 2608 1889 2654 et
1948 2668 1950 2671 v

315 2753 341 2792 3
381 2750 424 2793 ei
453 2762 580 2806 ppar
609 2748 652 2791 R
689 2750 777 2793 mei
809 2763 946 2806 super
975 2765 1011 2793 r.
1164 2754 1190 2792 ὅ
1223 2749 1334 2806 quia
1365 2747 1408 2791 R
1445 2761 1560 2804 quae
1589 2761 1625 2791 r.
1779 2751 1806 2790 6
1837 2747 1890 2790 000
1947 2738 1951 2739 ’

195 2809 400 2854 Ascanio
416 2834 472 2841 —-
492 2812 516 2851 ‘1
543 2811 704 2864 portas
735 2821 824 2852 om.
848 2807 920 2853 ed..
1105 2813 1128 2852 7
1167 2809 1258 2863 filii
1294 2809 1384 2852 mei
1411 2807 1454 2850 R
1490 2807 1638 2862 filium
1675 2807 1720 2850 00
1748 2805 1798 2850 Β

200 2873 254 2911 14
286 2871 501 2912 εωὺνακηεο
532 2866 604 2911 ed.
759 2871 812 2911 16
853 2868 911 2911 ab
948 2868 1020 2912 his
1050 2867 1137 2910 LR
1175 2872 1216 2912 et
1250 2868 1307 2911 ab
1337 2867 1378 2910 h.
1413 2865 1523 2909 edF.
1574 2868 1580 2920 Ι
1636 2866 1772 2910 iuaeta
1802 2864 1890 2908 LR

195 2940 303 2984 erya
333 2926 406 2970 ed.
529 2930 584 2970 18
616 2926 772 2971 animo
803 2925 876 2970 ed.
999 2931 1054 2969 22
1087 2927 1277 2982 affectus
1306 2925 1350 2968 R
1379 2925 1553 2980 affatus
1581 2938 1618 2968 1.
1737 2927 1794 2967 30
1826 2928 1891 2968 est
1947 2940 1951 2946 ¹

196 2986 343 3030 vivere
373 2984 460 3028 LR
489 2987 635 3030 vivere
665 2989 730 3030 est
759 2984 868 3030 edF.
1859 2986 1867 2990 “
