2014 3226
183 199 292 251 310
649 196 880 240 DONATI
910 195 1190 240 INTERPR.
1224 195 1402 239 VERG.

182 339 417 394 Hectoris,
450 338 628 398 inquit,
653 335 992 383 Andromache
1019 336 1233 395 Pyrrhin
1265 337 1471 383 conubia
1503 337 1702 384 servas?
1755 339 1871 398 post
1967 394 1969 398 ι

181 413 462 475 coniugium
504 412 732 457 Hectoris
779 409 960 456 nobilis
1010 411 1160 470 atque
1209 410 1374 470 fortis,
1422 410 1507 471 qui
1550 410 1680 458 filius
1719 411 1871 458 fuerit
1959 408 1967 424 ³

181 488 312 533 tanti
358 485 508 547 regis,
548 483 912 543 Andromache,
961 498 1085 543 quae
1132 484 1263 530 tanti
1302 483 1397 531 viri
1438 483 1682 531 consortio
1723 486 1870 550 antea

183 561 323 622 iungi
376 558 621 617 meruisti,
677 572 805 604 nunc
855 556 1080 604 observes
1129 557 1410 620 coniugium
1458 556 1673 618 Pyrrhi?
1749 558 1870 606 haec
1959 552 1976 565 ⁶

183 634 382 680 nomina
422 632 686 679 secundum
728 630 935 678 dicentis
977 629 1196 676 animum
1235 631 1305 678 sic
1337 630 1568 679 debemus
1600 633 1764 692 posita
1795 632 1868 678 in·
1915 566 1977 752 δί

183 707 435 769 tellegere,
483 708 540 753 ut
583 707 793 752 sciamus
834 704 929 751 duo
971 704 1102 751 dieta
1143 720 1253 751 cum
1293 705 1460 766 laude,
1508 707 1714 752 tertium
1753 721 1868 753 vero

183 796 292 827 cum
332 780 709 840 vituperatione.
787 779 915 825 unde
956 793 1068 825 cum
1106 779 1508 839 pronuntiamus,
1547 778 1776 827 Hectoris
1821 781 1869 826 et

180 853 554 900 Andromachae
609 868 786 900 nomen
834 851 1065 900 debemus
1119 852 1369 913 attollere,
1425 852 1612 900 deicere
1665 852 1870 900 tertium

180 927 373 989 Pyrrhi,
422 926 658 988 quoniam
698 928 747 973 et
784 927 890 988 ipse
928 925 1086 973 hostis
1126 927 1292 974 fuerat
1332 929 1381 974 et
1418 928 1577 988 patris
1619 928 1722 974 eius
1765 943 1868 974 me-

179 1003 334 1049 moria
368 1017 470 1049 esse
505 1001 675 1048 debuit
707 1000 900 1060 odiosa3
933 999 1151 1047 Achilles
1185 1001 1316 1047 enim
1346 1000 1613 1048 Hectorem
1643 1001 1867 1062 peremit.
1893 1016 1936 1049 10
1977 1007 1988 1068 ζ

178 1076 438 1123 insultatio
488 1076 536 1121 et
583 1075 767 1121 iniuria
813 1074 992 1121 ultima
1038 1073 1158 1134 fuit,
1213 1076 1270 1122 ut
1318 1074 1686 1137 interemptoris
1736 1074 1868 1123 filius

89 1154 175 1192 320
194 1165 395 1196 uxorem
434 1150 625 1196 teneret
664 1149 825 1196 occisi.
896 1149 1065 1195 deiecit
1099 1149 1286 1195 vultum
1327 1152 1370 1196 et
1406 1149 1617 1196 demissa
1656 1163 1764 1196 voce
1802 1148 1868 1195 lo-

178 1227 286 1270 cuta
335 1227 423 1270 est:
477 1222 563 1269 ubi
611 1222 672 1269 ad
717 1223 876 1284 partis
922 1221 1126 1282 pudoris
1173 1223 1377 1270 ventum
1423 1225 1518 1283 est,
1568 1238 1869 1284 quamquam

178 1298 425 1344 constaret
463 1297 589 1343 nihil
630 1298 803 1358 sponte
842 1295 1107 1357 deliquisse
1140 1297 1405 1358 captivam,
1437 1298 1604 1344 tamen
1634 1311 1867 1344 verecun-

178 1371 287 1418 diae
338 1371 541 1418 confusa
589 1371 850 1418 tormentis
903 1369 1082 1416 deiecit
1131 1370 1327 1417 vultum
1381 1373 1430 1417 et
1484 1370 1697 1418 demissa
1747 1385 1867 1418 voce
1893 1386 1935 1418 15

176 1446 343 1492 locuta
383 1446 457 1492 est
497 1447 546 1492 et
583 1444 740 1505 ipsius
779 1443 983 1506 pudoris
1024 1459 1239 1504 causam,
1280 1445 1515 1505 quoniam
1553 1445 1740 1491 factum
1785 1460 1866 1492 ne·

177 1518 285 1581 gari
335 1535 433 1566 non
483 1520 700 1580 poterat,
760 1519 1049 1566 summissae
1102 1517 1235 1566 vocis
1284 1519 1582 1582 purgatione
1633 1518 1867 1566 defendit.

177 1607 202 1639 0
234 1594 351 1651 felix
380 1608 483 1640 usna
515 1595 626 1640 ante
657 1593 786 1640 alias
817 1592 1070 1639 Priameia
1101 1593 1236 1651 virqo
1270 1593 1486 1639 hostilem
1525 1593 1591 1639 ad
1629 1592 1869 1639 tumulum

180 1666 355 1714 Troiae
392 1668 481 1714 sub
519 1667 768 1714 moenibus
808 1666 919 1714 altis
957 1667 1095 1713 iussa
1125 1667 1265 1714 mori.
1329 1665 1689 1727 quodammodo
1722 1667 1867 1727 turpe

177 1740 438 1788 defensura
476 1741 734 1803 negotium
773 1740 952 1801 incipit
992 1755 1021 1786 a
1060 1740 1412 1802 conparatione
1457 1755 1777 1802 personarum
1817 1742 1867 1787 et
1891 1755 1935 1788 20

177 1814 298 1862 facti
342 1815 635 1862 felicitatem
681 1813 939 1876 appellans
984 1829 1198 1874 poenam
1244 1829 1395 1875 quam
1440 1814 1531 1862 illa
1579 1829 1727 1875 passa
1778 1815 1865 1875 est,

178 1903 289 1935 cum
328 1887 669 1936 detestandum
711 1888 868 1936 scelus
909 1887 1129 1936 extitisse
1169 1890 1420 1936 constaret
1459 1887 1522 1935 ad
1553 1888 1866 1950 sepulchrum

176 1961 356 2009 hostile
402 1965 619 2009 mactare
665 1961 822 2009 filiam
860 1963 1005 2024 regis.
1083 1961 1168 2009 sed
1208 1963 1326 2023 quia
1363 1963 1418 2008 in
1458 1962 1582 2009 alias
1621 1961 1866 2009 deteriora

177 2035 436 2084 commissa
475 2038 610 2095 sunt,
649 2036 845 2084 felicem
883 2035 982 2082 dici
1020 2037 1318 2083 convenerat
1357 2037 1495 2084 cuius
1533 2051 1666 2083 mors
1705 2037 1865 2083 omnis

177 2109 385 2157 exclusit
422 2109 624 2171 pudoris
662 2110 886 2157 iniurias.
962 2125 1086 2170 una,
1124 2110 1311 2170 inquit,
1355 2114 1470 2157 ante
1512 2109 1658 2157 alias:
1713 2110 1864 2173 signi-
1889 2124 1932 2158 25

175 2182 404 2230 ficatione
457 2184 651 2231 numeri
703 2183 830 2230 dixit
882 2183 1083 2245 plenam
1138 2183 1394 2231 felicitatis
1448 2183 1659 2231 laudem.
1745 2182 1866 2244 quid

177 2258 308 2303 enim
358 2258 553 2305 evenire
612 2257 898 2319 prosperius
959 2257 1127 2318 potuit
1188 2272 1339 2319 quam
1391 2258 1523 2304 inter
1574 2259 1654 2305 tot
1701 2257 1864 2305 clades
1952 2271 1955 2277 “

175 2331 370 2391 patriae
409 2332 459 2378 et
495 2330 810 2394 gravissimos
843 2346 984 2379 casus
1017 2330 1175 2378 solam
1204 2330 1442 2380 meruisse
1475 2346 1586 2378 cum
1617 2330 1864 2380 castitatis

174 2404 359 2452 honore
397 2403 749 2465 procumbere?
813 2420 927 2452 cum
967 2407 1133 2452 autem
1172 2405 1330 2453 solam
1367 2405 1563 2452 felicem
1599 2404 1734 2465 dicit,
1765 2420 1865 2452 non
1946 2458 1947 2463 ,

175 2491 227 2525 se
266 2477 424 2525 solam
463 2477 649 2525 adserit
686 2478 739 2525 in
778 2494 927 2527 causa
964 2479 1102 2540 turpi
1140 2493 1244 2527 esse
1292 2479 1638 2539 constitutam,
1685 2478 1770 2527 sed
1815 2480 1866 2526 et
1886 2493 1932 2528 so

175 2551 316 2599 alias.
392 2551 639 2599 Priameia
677 2553 842 2614 virgo:
895 2553 1070 2614 periit,
1108 2552 1296 2614 inquit,
1333 2551 1498 2615 virgo,
1535 2553 1688 2614 periit
1725 2552 1865 2601 salva

176 2624 421 2688 dignitate
474 2626 671 2687 paterni
723 2625 938 2675 honoris.
1023 2626 1202 2674 Troiae
1256 2625 1348 2674 sub
1406 2625 1663 2674 moenibus
1726 2626 1864 2674 altis:

296 2770 321 2808 2
353 2765 509 2821 utique
539 2764 626 2808 LR
656 2770 699 2809 et
726 2779 750 2808 1·
781 2770 916 2822 atque
946 2765 990 2809 H
1021 2767 1092 2811 ed.
1193 2772 1222 2810 4
1253 2780 1378 2811 ‘nume
1408 2760 1606 2812 observes
1635 2765 1724 2810 LR
1753 2780 1866 2810 num

173 2837 213 2868 ο.
238 2838 262 2867 1·
292 2837 416 2869 nunc
446 2825 654 2869 observas
685 2824 794 2868 edF.
889 2829 914 2868 9
946 2826 1102 2880 fuerat
1123 2825 1210 2869 LR
1238 2826 1335 2880 fuit
1365 2825 1436 2870 ed.
1532 2829 1587 2869 14
1619 2830 1660 2870 et
1681 2825 1802 2870 mmz
1822 2825 1864 2868 R,

172 2888 218 2926 et
247 2882 336 2927 del.
361 2897 396 2926 r.
491 2886 548 2926 18
574 2884 786 2940 priamea
809 2883 907 2927 LR.
1001 2889 1057 2928 22
1090 2885 1288 2930 extitisse
1311 2884 1400 2928 LR
1429 2885 1647 2930 extitisset
1667 2889 1708 2929 et
1731 2883 1802 2928 ed.
1936 2886 1938 2890 '

175 2945 232 2984 23
263 2946 463 2986 mactare
492 2941 580 2985 LR·
610 2943 658 2987 P
687 2943 846 2987 rrhwm
864 2945 1138 2988 »πιασιαυὶεεε
1169 2943 1240 2987 ed.
1285 2945 1291 3000 Ι
1341 2944 1438 2988 alia
1468 2943 1556 2986 LR
1586 2943 1707 2988 alias
1737 2957 1759 2986 r
1790 2941 1876 2987 ed..

265 3005 319 3044 31
346 3002 471 3058 perit
499 3000 587 3045 LR
618 3014 643 3045 e
681 3035 689 3044 .
716 3002 858 3058 periit
886 3016 922 3045 r.
1016 3006 1071 3045 32
1098 3007 1299 3059 paterna
1328 3002 1416 3046 LR
1446 3003 1518 3046 mi
1539 3014 1570 3045 ‘r
1601 3001 1672 3046 ed.
