2014 3226
750 154 1054 198 AENEIDOS
1085 154 1127 197 ΙΙ
1682 154 1786 205 217

99 299 379 343 sacraverat
425 294 639 342 foedarit
686 295 926 356 sanguine
974 276 1076 342 suo.
1153 298 1323 342 tenent
1363 294 1526 341 Danai
1571 311 1669 355 qua
1709 294 1790 340 de-

97 369 201 416 ficit
238 369 392 431 ignis:
431 384 530 417 non
570 369 696 415 dixit
733 372 905 416 tenent
935 369 1100 415 Danai
1139 384 1238 430 qua
1269 369 1399 431 ignis
1432 385 1532 416 non
1562 368 1674 428 fuit,
1706 368 1790 415 sed

99 460 196 505 qua
251 443 436 503 deficit,
490 445 547 490 ut
593 443 874 490 ostenderet
920 444 1086 489 omnia
1132 444 1234 489 iam
1281 444 1432 490 fuisse
1484 444 1789 504 consumpta.

97 518 228 580 ignis
277 517 407 563 enim
453 517 540 564 ubi
585 516 814 564 habuerit
853 516 986 577 quod
1026 517 1274 577 absumat,
1316 518 1474 579 viget,
1516 515 1791 578 absumptis

53 608 72 640 5
99 594 264 639 autem
312 591 490 652 quibus
537 590 851 638 nutriebatur
898 594 948 637 et
992 590 1194 654 vigebat
1248 591 1412 637 valere
1467 607 1566 638 non
1610 591 1789 652 potest.

97 665 187 712 illa
241 681 356 727 ergo
411 666 552 726 parte
600 665 741 712 ibant
790 663 968 712 Graeci
1016 681 1113 725 qua
1159 665 1287 727 ignis
1335 664 1583 712 defecerat
1631 680 1791 726 neque

97 739 256 786 adhuc
310 741 568 800 supererat
622 738 753 799 quod
808 738 979 786 ardere
1034 741 1214 799 posset.
1305 754 1605 800 exponamus
1660 754 1791 786 nunc

97 828 223 875 quae
262 813 313 859 in
352 813 482 860 hunc
521 813 686 861 locum
724 813 988 860 tractanda
1029 813 1335 872 distulimus,
1376 814 1449 859 ait
1489 815 1619 860 enim
1657 812 1791 874 „vidi

96 889 202 949 ipse
248 887 497 934 furentem
545 887 692 934 caede
731 887 1117 949 Neoptolemum
1163 887 1482 949 geminosque
1526 887 1578 933 in
1617 887 1789 934 limine

30 978 73 1010 10
99 960 346 1021 Atridas“,
386 964 436 1008 et
475 963 550 1008 est
588 961 693 1008 vidi
731 961 1129 1023 Neoptolemum,
1169 961 1274 1007 vidi
1314 961 1533 1024 geminos
1570 961 1791 1021 Atridas,

95 1038 154 1083 ut
193 1035 268 1082 bis
308 1035 630 1097 intellegatur
667 1035 785 1083 vidi.
852 1035 937 1082 sed
977 1038 1027 1082 et
1065 1034 1267 1082 Atridas
1308 1035 1540 1082 debemus
1579 1036 1790 1083 furentis

94 1109 382 1172 intellegere
436 1112 493 1156 ut
541 1109 937 1171 Neoptolemum.
1022 1109 1128 1157 vidi
1182 1109 1440 1166 Hecubam
1496 1111 1791 1171 centumque

96 1199 247 1231 nurus
287 1183 662 1245 Priamumque:
708 1183 790 1230 hic
829 1199 1025 1245 quoque
1065 1186 1142 1230 ter
1181 1183 1520 1244 accipiendum
1560 1186 1633 1231 est
1670 1183 1792 1243 vidi,

95 1260 154 1304 ut
200 1259 266 1304 sit
312 1258 418 1305 vidi
454 1257 734 1318 Hecubam,
773 1258 878 1305 vidi
915 1273 1085 1317 nurus,
1125 1257 1230 1304 vidi
1268 1257 1534 1304 Priamum.
1612 1258 1791 1305 hucus-

10 1326 72 1382 (15
98 1347 191 1392 que
230 1331 620 1394 intellegendum
660 1335 733 1380 est
772 1332 891 1392 vidi,
932 1332 1067 1393 quod
1105 1332 1270 1393 ipsum
1308 1332 1471 1379 noluit
1502 1332 1671 1380 crebro
1703 1348 1791 1394 po-

96 1421 226 1466 nere,
264 1422 325 1453 ne
364 1407 571 1454 inferret
610 1406 819 1454 dictioni
855 1406 1162 1454 foeditatem.
1220 1407 1343 1453 item
1382 1405 1508 1453 dixit
1547 1407 1790 1467 quinqua-

96 1481 237 1543 ginta
282 1481 362 1528 illi
404 1480 639 1541 thalami,
687 1496 797 1543 spes
837 1483 982 1528 tanta
1020 1482 1279 1542 nepotum,
1326 1480 1586 1527 barbarico
1625 1482 1792 1541 postes

97 1569 217 1601 auro
258 1554 528 1616 spoliisque
568 1555 770 1616 superbi
806 1555 1135 1617 procubuere:
1174 1554 1323 1602 sicuti
1355 1554 1419 1601 ad
1451 1555 1618 1601 omnia
1650 1556 1791 1616 apta-

95 1630 204 1676 tum
244 1630 318 1676 est
356 1628 477 1690 vidi,
515 1629 588 1676 ita
629 1632 679 1676 et
717 1630 770 1676 in
810 1630 1062 1677 communi
1107 1628 1334 1676 omnibus
1373 1628 1639 1690 respondet
1677 1644 1790 1689 pro-

28 1717 74 1751 ιο
97 1703 306 1750 cubuere
360 1703 453 1751 hoc
506 1702 675 1752 modo:
737 1704 1128 1766 procubuerunt,
1183 1704 1371 1764 inquit,
1426 1703 1792 1765 quinquaginta

94 1776 305 1824 thalami
352 1792 466 1824 cum
510 1779 655 1825 tanta
696 1780 934 1839 nepotum
974 1793 1082 1840 spe,
1129 1777 1496 1838 procubuerunt
1536 1782 1585 1824 et
1622 1778 1790 1838 postes

95 1850 353 1899 barbarico
394 1867 515 1900 auro
555 1852 758 1914 superbi
796 1855 846 1900 et
885 1852 1073 1914 spoliis.
1153 1867 1327 1899 aurum
1365 1850 1682 1898 barbaricum
1730 1850 1792 1897 ad

98 1927 327 1973 ornatum
366 1926 584 1986 postium
622 1928 840 1988 pertinet
871 1942 1140 1987 eorumque
1172 1925 1430 1985 fabricam,
1463 1940 1563 1986 qua
1592 1925 1793 1972 fuerant

97 1999 310 2060 superbi.
386 1999 578 2047 fabrica
627 2002 797 2048 autem
843 2000 1105 2048 barbarica
1132 2037 1328 2047 ......
1340 2038 1351 2062 ,
1397 2002 1456 2046 ut
1500 2014 1680 2046 nomen
1727 1999 1794 2046 sit

31 2086 77 2123 fl
98 2074 242 2134 artis3
279 2089 402 2135 opus
435 2076 622 2136 quippe
652 2074 785 2136 quod
806 2074 1123 2122 barbaricum
1147 2074 1330 2121 dicitur
1355 2074 1530 2121 ceteris
1554 2075 1790 2135 praestat.

97 2147 218 2194 item
258 2147 432 2209 spoliis
471 2149 684 2210 superbi,
715 2149 768 2196 id
804 2151 878 2196 est
909 2149 1096 2212 glorias
1129 2147 1444 2195 ostendentes
1474 2150 1792 2209 praetereun-

34 2220 47 2273 ἶ
97 2219 230 2270 tibus
270 2237 440 2270 eorum
479 2222 793 2270 dominorum
833 2224 918 2284 qui
949 2223 1040 2270 illa
1070 2221 1339 2285 pugnando
1372 2225 1522 2283 atque
1553 2220 1792 2270 vincendo

78 2295 420 2344 retraxissent
458 2296 683 2346 hostibus
723 2299 983 2359 superatis.
1047 2296 1249 2358 superbi
1288 2312 1405 2358 ergo
1447 2298 1627 2343 ornatu
1666 2295 1791 2343 artis

88 2370 248 2430 'atque
287 2371 540 2433 materiae,
581 2371 782 2434 superbi
820 2372 969 2419 etiam
1011 2371 1199 2432 spoliis.

41 2547 44 2556 Ι
168 2532 170 2534 .
220 2500 244 2538 1
275 2497 478 2551 foedaret
508 2496 596 2540 LR
624 2498 848 2551 foedasset
879 2497 951 2542 ed.
983 2497 1186 2551 foedarit
1215 2509 1314 2540 nos,
1409 2501 1434 2540 6
1466 2497 1678 2551 deficerat
1706 2495 1795 2538 LR

40 2557 57 2592 T
98 2554 300 2611 deficeret
331 2555 402 2599 ed.
510 2561 562 2599 11
596 2557 679 2600 ubi
708 2557 1000 2614 intelleyatur
1030 2555 1118 2599 LR
1148 2570 1194 2599 u.
1226 2556 1507 2613 intellegitur
1538 2555 1609 2598 ed.
1641 2560 1695 2599 ut
1725 2556 1794 2599 bis

41 2594 55 2648 ‚³
99 2613 390 2671 intelleyatur
418 2628 517 2660 nos.
643 2619 697 2659 19
730 2617 783 2660 in
813 2617 1127 2659 communibus
1156 2614 1191 2658 L
1224 2615 1295 2659 ed.
1328 2617 1380 2659 in
1411 2615 1640 2659 communi
1668 2613 1711 2656 R
1741 2613 1793 2656 in

41 2671 58 2711 Ξ
98 2674 326 2717 conmuni
356 2674 566 2719 ommibus
595 2673 647 2730 r',
681 2674 808 2730 quod.
838 2674 1162 2731 recipiendum
1191 2674 1372 2731 putavi,
1396 2676 1448 2718 in
1470 2673 1699 2718 communi
1718 2673 1793 2716 hic

40 2712 59 2797 ξ
99 2731 308 2777 omibus
329 2746 365 2777 r.
444 2738 501 2776 23
524 2734 708 2788 fabrica
724 2748 818 2790 qua
831 2733 915 2776 LR
932 2735 1160 2788 fabricam
1177 2747 1269 2790 qua
1285 2733 1357 2777 ed.
1433 2737 1489 2776 24
1505 2734 1613 2789 post
1629 2732 1792 2798 barba-

97 2791 198 2835 τίω
227 2803 309 2835 m
337 2791 435 2836 fere
458 2792 727 2837 litterarum
750 2793 957 2850 spatium
978 2794 1118 2837 vacat
1140 2792 1191 2835 in
1207 2792 1243 2836 L
1267 2807 1321 2837 ea
1344 2796 1410 2836 est
1430 2791 1506 2836 vel
1526 2790 1680 2835 simile
1706 2789 1792 2834 ali-

99 2848 216 2905 quid
231 2850 459 2895 excidisse
474 2854 631 2908 patet:
657 2851 910 2908 cf.11‚77⁷.
982 2856 1038 2896 26
1062 2853 1258 2910 qloriam
1275 2852 1346 2896 ed.
1411 2854 1467 2894 28
1491 2850 1795 2895 dem-amissent

101 2906 174 2962 ed.»
198 2908 256 2953 cf.
275 2913 375 2955 389.
404 2911 412 2967 Ι
439 2916 608 2966 ornatu
632 2912 749 2956 artis
771 2911 807 2955 L
833 2911 904 2956 ed.
930 2917 1066 2957 ornat
1087 2912 1240 2962 uariis
1260 2911 1304 2954 R
1326 2910 1566 2955 ornatibus
1587 2910 1735 2954 variis
1754 2921 1791 2952 r.

190 2971 246 3011 29
277 2970 494 3014 materiae
525 2969 612 3013 LR
644 2970 715 3015 ed.
748 2970 942 3015 materia
972 2985 1007 3014 r.
1044 2973 1052 3028 Ι
1089 2970 1305 3026 superbia
1336 2969 1423 3012 LR
1451 2968 1636 3025 superbi
1666 2982 1690 3011 r
1719 2968 1791 3012 ed.
