2014 3226
759 177 1062 221 AENEIDOS
1094 177 1114 221 Ι
1679 180 1778 231 121

205 318 444 378 Obstipuit
471 319 638 377 primo
678 321 872 377 aspectu
902 317 1110 365 Sidonia
1138 317 1288 374 Dido,
1327 333 1446 367 casu
1485 319 1657 366 deiude
1688 322 1785 367 virt

93 397 223 442 tanto
264 397 306 440 et
342 394 412 440 sie
450 406 531 439 ore
570 392 728 439 locuta
768 394 858 439 est:
896 393 1072 454 primo,
1111 393 1292 453 inquit,
1324 394 1554 455 aspectus
1585 391 1782 441 Aeneae

93 469 163 516 sic
200 466 410 514 Didonis
451 466 675 513 animum
713 467 914 526 repente
954 467 1245 527 commovit,
1292 469 1350 514 ut
1388 467 1635 528 stupuerit
1673 468 1783 515 visa

90 543 194 589 eius
241 541 423 600 forma,
471 554 639 587 casum
687 539 791 587 eius
839 539 1015 587 deinde
1062 541 1342 588 miraretur.
1419 540 1677 588 redeamus
1719 541 1783 588 ad

46 632 65 664 5
90 615 393 677 superiorem
446 614 604 676 ipsius
660 612 1043 675 descriptionem
1098 615 1148 662 et
1201 615 1509 663 inveniemus
1565 616 1782 676 stuporis

89 688 306 738 eiusdem
339 703 535 749 causas3
575 687 701 734 dixit
732 689 863 735 enim
896 703 979 748 „os
1020 703 1313 749 umerosque
1353 689 1444 736 deo
1485 686 1694 737 similis“
1733 692 1784 738 et

90 766 264 811 cetera.
335 764 467 810 recte
507 777 623 824 ergo
663 763 911 809 commota
950 762 1082 809 Dido
1123 762 1378 824 obstipuit.
1450 778 1568 810 casu
1607 762 1783 811 deinde

87 838 186 884 viri
231 838 396 885 tanto:
451 837 636 898 primo,
681 837 870 897 inquit,
921 838 1147 899 reginam
1192 838 1325 884 tanti
1370 838 1468 884 viri
1515 839 1784 886 commovit

89 911 338 973 aspectus,
386 909 596 959 secundo
646 925 786 958 casus
836 926 933 971 quo
980 909 1186 958 liberari
1223 912 1390 973 potuit
1429 914 1478 959 et
1517 911 1581 958 ad
1619 912 1784 973 ipsam

22 1001 64 1034 ιο
86 985 214 1032 nulli
259 986 396 1033 visus
443 986 646 1046 repente
692 986 963 1045 pervenire.
1043 985 1114 1032 sic
1160 987 1327 1032 tamen
1368 985 1520 1032 etiam
1557 986 1671 1047 ipsa
1708 1002 1782 1034 re-

87 1058 307 1121 spondit:
370 1060 478 1118 quis
524 1062 588 1114 te,
633 1061 747 1106 uate
796 1059 910 1114 dea,
946 1073 1041 1118 per
1079 1062 1218 1106 tauta
1246 1060 1474 1119 pericula
1511 1074 1655 1108 casus
1693 1062 1768 1108 iu-
1786 1065 1872 1106 615

85 1133 336 1193 sequitur?
405 1147 529 1192 quae
574 1134 649 1180 uis
694 1134 978 1180 inmanibus
1022 1133 1238 1192 adplicat
1275 1134 1408 1180 oris?
1485 1133 1691 1182 dicendo
1730 1134 1784 1181 in

28 1220 33 1221 ⁷
86 1208 248 1270 prima
294 1208 437 1268 parte
485 1207 725 1255 sermonis
773 1208 850 1255 sui
895 1208 1012 1254 nate
1059 1207 1152 1255 dea
1199 1207 1417 1255 ostendit
1464 1207 1684 1268 aliquam
1732 1223 1783 1256 se

89 1282 283 1344 generis
331 1282 436 1328 eius
483 1280 666 1328 habere
712 1282 948 1328 notitiam
995 1283 1067 1342 et,
1113 1281 1206 1329 hoc
1251 1281 1371 1329 licet
1409 1281 1542 1343 apud
1581 1281 1784 1331 Aenean

22 1369 64 1404 15
88 1357 257 1418 posset
296 1370 401 1403 esse
439 1355 684 1415 mirabile,
724 1354 919 1402 addidit
956 1354 1160 1418 indigne
1199 1355 1342 1403 illum
1373 1357 1483 1418 pati
1513 1358 1570 1403 ut
1602 1371 1659 1403 ex
1691 1355 1784 1404 dea

88 1430 285 1494 genitus
340 1428 533 1477 delatus
588 1430 655 1477 sit
707 1445 797 1492 per
857 1430 1125 1493 naufragia
1180 1429 1243 1477 ad
1302 1431 1529 1493 regiones
1593 1445 1782 1478 saevas.

87 1507 199 1551 tune
248 1503 330 1551 ille
376 1501 572 1551 Aeneas
622 1518 763 1563 quem
815 1504 1082 1551 Dardanio
1132 1501 1378 1552 Anchisae
1428 1505 1562 1551 alma
1622 1504 1784 1552 Venus

85 1578 289 1639 Phryyii
337 1579 507 1637 yeuuit
558 1576 815 1626 Simoentis
870 1579 937 1626 ad
989 1578 1211 1626 ‘e-mdam?
1295 1593 1405 1626 ecce
1460 1580 1509 1625 et
1562 1578 1783 1626 locorum

86 1653 256 1715 tetigit
309 1653 360 1699 et
413 1651 609 1699 Aeneae
663 1653 823 1714 ipsius
876 1667 1056 1700 nomen
1112 1654 1162 1699 et
1210 1667 1473 1714 personam
1518 1654 1783 1714 parentum

23 1737 64 1775 ιο
88 1725 402 1787 ostenditque
442 1740 493 1773 se
525 1726 843 1774 miseratione
876 1726 1191 1786 commoveri,
1224 1742 1335 1774 cum
1366 1726 1491 1773 dicit
1520 1742 1610 1788 per
1639 1729 1783 1775 tanta

87 1799 308 1862 pericula
348 1800 459 1861 quis
499 1801 548 1846 te
589 1815 731 1848 casus
770 1801 1052 1863 insequitur
1090 1802 1265 1848 natum
1298 1816 1357 1848 ex
1387 1798 1512 1848 dea?
1570 1801 1784 1848 miratur

87 1889 197 1921 eam
237 1888 364 1936 quae
404 1873 575 1922 debuit
613 1875 840 1936 potentia
879 1874 1099 1922 numinis
1140 1874 1216 1922 sui
1255 1876 1389 1922 tueri
1418 1874 1577 1922 filium
1610 1877 1783 1922 contra

87 1949 254 1996 omnia
307 1947 619 1996 incommoda
671 1964 761 1996 nec
814 1951 982 1996 tamen
1036 1948 1172 1996 facit.
1257 1951 1315 1996 ut
1368 1950 1535 1996 autem
1584 1947 1782 1997 Aeneae

87 2021 467 2070 admirationem
513 2012 732 2071 auferret
779 2038 805 2070 e
851 2023 1037 2083 medio,
1086 2038 1188 2084 qua
1234 2022 1366 2070 idem
1403 2023 1564 2070 teneri
1601 2024 1782 2084 potuit,

25 2109 64 2143 25
87 2097 290 2158 exponit
333 2097 446 2158 ipsa
491 2097 738 2158 quomodo
786 2098 974 2146 factum
1022 2098 1089 2144 sit
1133 2099 1192 2144 ut
1229 2099 1281 2144 et
1317 2098 1505 2159 ipsum,
1553 2099 1781 2158 quamvis

87 2169 341 2232 opinione,
389 2171 439 2217 et
485 2186 640 2234 genus
687 2172 793 2219 eius
841 2173 1022 2219 nosset.
1101 2174 1243 2231 atque
1282 2172 1500 2231 equidem
1541 2171 1782 2219 Teucrum

85 2246 284 2292 memini
313 2243 500 2292 Sidona
530 2247 694 2293 vem‘re
725 2246 909 2304 finibus
948 2245 1202 2305 expulsum
1223 2247 1424 2304 patrii&
1455 2259 1584 2293 uova
1613 2259 1766 2306 reyna
1783 2249 1871 2290 620

77 2321 315 2378 petentem
353 2320 540 2367 aumlio
579 2319 720 2377 Bau,-
753 2321 942 2380 9em'tor
979 2323 1082 2367 tum
1112 2319 1268 2367 Belus
1306 2321 1521 2380 opimam
1558 2320 1784 2367 vastabat

90 2390 305 2452 Cyprum
359 2395 402 2440 et
453 2395 604 2442 vietor
657 2394 844 2442 dicione
897 2394 1095 2441 tenebat.
1173 2396 1382 2453 tempore
1433 2395 1536 2441 iam
1590 2407 1646 2442 eoe
1698 2393 1782 2441 illo

88 2479 229 2514 casus
266 2467 386 2514 mihi
423 2470 640 2528 coquitus
677 2469 816 2516 urbis
859 2468 1105 2516 Troianae
1141 2481 1408 2528 nomenque
1455 2471 1592 2515 tuum
1628 2481 1783 2528 reyes-

207 2583 232 2622 3
264 2586 442 2636 repente
474 2594 562 2624 om.
590 2579 661 2624 ed.
692 2581 697 2638 Ι
724 2579 937 2636 stipuerit
960 2578 1047 2621 LR
1078 2579 1362 2635 obstupuerit
1391 2578 1461 2622 ed.
1559 2583 1587 2621 4
1619 2577 1782 2622 deinde

86 2635 174 2681 LR
203 2638 396 2695 denique
428 2641 500 2684 ed.
616 2643 642 2682 ὃ
674 2639 823 2695 ipsius
853 2637 941 2681 LR
971 2639 1068 2682 eius
1100 2638 1171 2682 ed..
1281 2643 1306 2682 6
1339 2638 1536 2682 eiusdem
1566 2636 1654 2680 LR
1684 2637 1783 2681 eius

36 2704 54 2755 'J
88 2696 158 2740 ed.
253 2701 277 2740 '7
308 2704 530 2744 commota
551 2698 639 2741 LR
662 2699 818 2755 primo
842 2702 1026 2754 aspectu
1048 2711 1083 2742 e.
1114 2711 1151 2741 r.
1248 2701 1302 2740 10
1333 2697 1479 2741 nullis
1510 2695 1581 2740 cd.
1611 2698 1617 2751 Ι
1645 2697 1782 2739 etiam

47 2810 50 2813 Ι
89 2754 175 2799 LR
205 2760 247 2800 et
277 2757 348 2801 ed.
459 2763 514 2803 15
540 2759 688 2815 possit
711 2757 781 2800 ed.
812 2756 818 2815 Ι
854 2770 918 2800 an
949 2757 1086 2815 dique
1108 2756 1196 2799 LR
1219 2756 1419 2814 iudiqna
1442 2770 1464 2798 r
1493 2755 1683 2812 indique
1707 2754 1779 2798 ed.

44 2828 49 2833 ·
177 2819 232 2858 22
264 2830 362 2860 eam
392 2816 434 2860 R
465 2831 566 2863 eum
595 2817 632 2860 L
664 2817 786 2861 euim
816 2815 887 2860 cd.
940 2818 946 2872 Ι
993 2816 1070 2860 sui
1099 2817 1219 2860 tueri
1248 2815 1336 2858 LR
1366 2815 1670 2859 demonstrari
1699 2818 1784 2858 aut

44 2911 52 2935 >.
87 2871 307 2930 intel-pos.
335 2876 406 2920 ed.
531 2880 587 2920 23
618 2876 727 2930 fecit
758 2874 828 2918 cd.
954 2879 1011 2918 24
1043 2889 1065 2920 e
1095 2875 1242 2920 medio
1278 2888 1367 2918 om.
1394 2873 1465 2918 ed.
1596 2877 1652 2916 26
1685 2873 1782 2917 eius

43 2991 45 2994 Ι
88 2930 125 2974 L
155 2946 200 2977 ee
230 2933 272 2976 R
308 2935 406 2980 eius
445 2949 558 2980 corr.
591 2950 615 2978 r
686 2936 694 2991 1
758 2939 956 2979 nosceret
994 2933 1065 2978 ed.
1250 2937 1304 2977 27
1346 2932 1531 2978 sidonia
1562 2931 1660 2974 LR.

89 2994 146 3035 28
178 2993 281 3037 belli
310 2993 396 3037 LR
428 3007 542 3039 corr.
573 3009 610 3038 r.

38 3055 53 3076 .ι·
