2014 3226
203 162 270 212 TO
663 158 893 202 DONATI
925 157 1203 200 INTERPR.
1239 156 1415 200 VERG.

197 304 362 362 posset
403 300 623 347 divinum
666 297 857 359 aliquid
895 297 1181 359 intellegere
1221 298 1273 343 in
1313 297 1527 344 hominis
1568 296 1749 355 forma,
1789 295 1892 342 nisi

199 377 314 435 quia
353 374 572 435 pollebat
612 374 818 419 scientia
859 373 993 419 omni
1033 386 1297 419 sacrorum.
1377 371 1443 417 sis
1482 370 1601 416 felix
1641 372 1886 417 nostrum-

198 466 289 509 que
339 449 468 494 leves
517 461 852 507 quaecumque
900 445 1120 492 laborem
1168 449 1210 492 et
1248 459 1339 503 quo
1379 445 1467 491 sub
1508 444 1636 490 caelo
1677 444 1885 497 tandem,

197 524 367 580 quibus
413 523 541 568 orbis
586 523 639 567 *in
686 522 785 567 oris
829 522 1062 566 iactemur
1102 519 1292 573 doceas,
1339 519 1505 577 iywari
1548 518 1887 575 hominumque

197 596 494 654 locorumque
534 608 756 641 erramus
795 597 930 640 vento
969 594 1060 639 leuc
1100 597 1142 639 et
1179 594 1330 639 vastis
1369 591 1593 649 fluctibus
1633 593 1739 637 acti.
1803 591 1885 650 sis,
1933 607 1952 639 5

195 670 370 730 inquit,
411 683 662 730 prospera,
696 683 1032 728 quaecumque
1066 683 1131 727 es,
1165 670 1226 727 et,
1266 683 1325 712 ne
1368 665 1453 711 diu
1492 664 1772 712 laboremus
1814 680 1885 711 er-

195 743 347 789 rando
412 743 559 802 atque
621 741 939 802 inquirendo,
1002 741 1134 802 quod
1194 755 1336 788 nosse
1400 740 1624 799 cupimus
1686 738 1886 799 referas⁷

196 817 383 863 scilicet
431 816 519 863 sub
569 831 666 876 qua
712 819 854 876 parte
896 815 1022 862 caeli
1069 830 1275 876 agamus
1324 813 1403 859 vel
1453 812 1515 859 ad
1563 827 1686 874 quas
1726 813 1885 873 partis

195 893 438 936 terrarum
470 891 622 937 simus
657 889 875 949 adpulsi3
915 904 1072 949 neque
1107 889 1238 935 enim
1270 889 1380 935 loca
1412 889 1512 934 ista
1545 889 1632 934 aut
1662 887 1886 934 homines

194 965 434 1022 novimus,
468 965 650 1024 quippe
692 978 813 1023 quos
853 964 928 1010 vis
969 964 1120 1009 maris
1162 965 1210 1008 et
1249 964 1511 1009 ventorum
1542 960 1789 1021 procellae
1823 960 1886 1007 ad
1910 977 1953 1010 10

193 1039 447 1100 incognita
487 1037 827 1098 conpulerunt.
904 1038 1058 1083 multa
1098 1037 1182 1082 tibi
1222 1040 1334 1083 ante
1372 1050 1492 1083 aras
1537 1038 1706 1082 nostra
1752 1035 1888 1082 cadet

191 1112 346 1158 hostia
386 1112 579 1158 deoetra:
618 1110 876 1158 reddemus
918 1110 1016 1157 aris
1057 1111 1156 1157 tuis
1197 1126 1286 1171 pro
1327 1110 1518 1157 meritis
1559 1110 1718 1155 vicem
1759 1109 1885 1155 mul-

193 1188 356 1231 tarum
401 1185 677 1232 hostiarum
723 1187 840 1233 vota
888 1184 1159 1243 solventes,
1207 1185 1256 1231 et
1293 1200 1354 1231 ne
1394 1184 1582 1231 oblatio
1623 1182 1886 1230 sacrificio—

191 1275 300 1305 rum
341 1259 633 1319 simpliciter
670 1260 916 1319 promissa
947 1259 1070 1306 levis
1104 1258 1256 1318 fieret,
1290 1257 1483 1304 addidit
1515 1257 1676 1304 multa
1706 1257 1883 1304 hostia.

303 1331 521 1396 Cogebat
567 1334 696 1380 ratio
744 1335 1102 1395 interrogatam
1149 1331 1471 1392 respondere,
1520 1332 1639 1392 quia
1686 1334 1736 1378 et
1774 1331 1883 1392 ipsa
1909 1345 1951 1379 15

192 1406 467 1468 ignorantis
509 1406 739 1467 cupiebat
777 1408 1043 1463 instruere,
1091 1406 1177 1453 sed
1214 1407 1376 1467 primo
1416 1422 1515 1453 non
1554 1406 1750 1466 primis,
1799 1404 1885 1452 sed

192 1482 472 1527 novissimis
514 1481 739 1528 occurrit.
820 1482 863 1528 si
902 1481 1032 1527 enim
1081 1481 1385 1528 oblationem
1432 1478 1787 1527 sacrificiorum
1833 1478 1885 1525 in

193 1557 410 1601 extrema
462 1558 605 1616 parte
653 1556 871 1615 positam
915 1555 1124 1602 tacendo
1174 1556 1501 1616 acceptasset,
1555 1553 1778 1614 profecto
1834 1567 1884 1600 se

192 1627 528 1676 confirmasset
575 1628 739 1689 deam,
795 1628 1007 1676 secundo
1055 1643 1171 1692 ergo
1220 1628 1282 1675 ad
1331 1627 1557 1689 quaesita
1606 1626 1884 1688 respondet.

105 1706 188 1744 335
206 1702 325 1748 haut
363 1703 579 1761 equidem
617 1703 705 1749 tali
742 1717 817 1749 me
855 1703 1030 1762 diynor
1066 1703 1267 1750 honore:
1321 1701 1414 1749 etsi
1453 1717 1665 1761 mereor,
1705 1702 1882 1762 inquit,

194 1791 222 1821 a
253 1775 393 1823 vobis
431 1776 875 1836 honorificentiam,
905 1777 1061 1824 talem
1099 1792 1291 1824 mereor
1331 1791 1456 1837 quae
1497 1777 1760 1823 conveniat
1798 1774 1884 1823 ho-

192 1849 336 1908 mini,
390 1865 490 1897 non
535 1852 702 1897 tamen
752 1866 878 1912 quae
932 1850 1218 1898 numinibus
1273 1849 1453 1897 debeat
1502 1849 1743 1909 exhiberi3
1799 1848 1884 1896 sed
1953 1838 1961 1853 ⁴

194 1923 311 1982 quia
358 1925 601 1984 suspicari
647 1925 799 1971 etiam
844 1926 956 1985 ipsa
1002 1925 1169 1986 potuit
1209 1923 1386 1986 quibus
1428 1924 1582 1986 signis
1621 1923 1699 1969 illi
1737 1925 1883 1984 puta-
1958 1978 1964 1990 .

194 1997 354 2043 verint
401 1997 564 2057 deam,
616 1999 688 2045 ait
726 1998 998 2058 viminibus
1041 1999 1205 2059 Tyriis
1241 2012 1344 2045 mos
1384 2001 1452 2044 est
1485 2001 1674 2058 yestare
1704 1998 1886 2056 phara·

193 2074 319 2117 tram
365 2085 710 2130 pamm-eoque
756 2073 849 2119 alte
895 2086 1041 2120 suras
1086 2074 1269 2120 vincire
1314 2075 1525 2119 coturno,
1619 2085 1728 2118 ecce
1785 2085 1882 2131 qua

194 2158 342 2191 causa
396 2145 699 2205 suspiciones
755 2147 859 2194 eius
912 2149 1120 2194 conatur
1172 2147 1416 2206 avertere,
1471 2147 1529 2192 ut
1577 2144 1737 2192 adhuc
1783 2160 1883 2192 11011
1954 2159 1955 2162 ’

190 2217 452 2280 intellegat
491 2233 541 2265 se
579 2218 718 2280 loqui
757 2235 868 2266 cum
906 2222 1079 2267 matre.
1157 2219 1357 2267 habitus
1396 2220 1506 2280 iste,
1554 2220 1736 2280 inquit,
1785 2234 1881 2280 quo

193 2305 269 2337 me
331 2291 608 2340 aestimatis
671 2291 835 2354 deam,
895 2310 996 2342 non
1048 2309 1186 2342 meus
1242 2296 1316 2341 est
1368 2292 1735 2353 tantummodo,
1798 2291 1883 2339 sed
1962 2351 1963 2354 Ἴ

192 2365 413 2411 omnium
450 2365 700 2428 virginum
732 2366 996 2428 Tyriarum
1037 2383 1163 2429 quae
1202 2367 1254 2414 in
1293 2367 1404 2415 istis
1436 2367 1721 2429 regionibus
1753 2381 1882 2414 com·
1944 2388 1961 2426 ..2

193 2441 462 2500 morantur,
501 2439 788 2499 pharetram
826 2440 968 2489 nobis
1008 2443 1058 2488 et
1095 2442 1188 2490 hoc
1236 2441 1681 2489 calceamentorum
1727 2455 1881 2504 genus
1943 2449 1950 2498 j

192 2513 413 2572 inposuit
451 2514 645 2574 patrius
682 2529 804 2561 mos.
851 2516 918 2561 ‘et
947 2515 1094 2562 facile
1125 2516 1292 2577 potuit
1322 2515 1416 2562 hoc
1446 2515 1611 2576 ipsum
1642 2530 1731 2575 pro
1763 2529 1880 2562 vero
1933 2531 1954 2584 ἡ·

193 2585 501 2645 persuadere,
534 2587 652 2647 quia
683 2586 876 2636 Aeneas
917 2590 1141 2650 superius
1174 2588 1301 2636 dixit
1331 2604 1420 2636 nec
1451 2589 1676 2651 regiones
1709 2603 1759 2636 se
1790 2602 1881 2635 nec
1940 2575 1972 2671 'i

1908 1716 1979 1754 204·

1935 2674 1948 2697 ‚²

310 2729 336 2767 2
367 2726 573 2770 omnium
605 2726 676 2770 ed.
785 2732 810 2771 ὅ
842 2729 984 2772 vastis
1015 2734 1056 2772 et
1087 2728 1157 2772 ed.
1267 2733 1292 2772 6
1326 2741 1370 2773 es
1401 2742 1491 2772 om.
1517 2728 1587 2772 ed.
1690 2731 1714 2771 ’1
1749 2733 1882 2784 atque
1919 2675 1962 2788 ἑ

193 2782 276 2825 LR
309 2787 351 2827 et
376 2784 450 2828 ed.
554 2789 609 2828 10
639 2790 684 2829 et
712 2785 798 2828 LR
830 2801 884 2831 ac
914 2787 986 2830 ed.
1081 2792 1136 2831 14
1168 2788 1310 2832 levius
1341 2787 1411 2831 ed.
1441 2789 1448 2844 Ι
1474 2787 1623 2831 hostia
1654 2800 1743 2831 om.
1770 2786 1879 2830 edF.
1930 2795 1959 2851 ᾖ

283 2846 338 2885 17
365 2843 588 2898 sam-ificii
611 2844 682 2889 ed..
771 2849 828 2888 20
858 2859 927 2890 me
949 2847 1038 2891 tali
1060 2846 1131 2891 ed..
1218 2851 1271 2890 21
1306 2847 1440 2891 talem
1464 2845 1551 2888 LR
1573 2851 1724 2890 tamen
1749 2845 1843 2890 eds
1927 2847 1957 2901 “13

191 2905 249 2943 22
280 2905 431 2946 tamen
461 2901 548 2945 LR
577 2903 713 2947 talem
743 2904 814 2947 ed.
858 2905 866 2961 Ι
914 2906 992 2949 sed
1022 2919 1110 2949 om.
1144 2905 1215 2950 ed.
1339 2909 1395 2948 23
1427 2905 1501 2949 illi
1530 2904 1617 2948 LR
1646 2905 1775 2948 illam
1795 2904 1879 2948 ed.
1928 2899 1957 2956 1}

279 2963 337 3004 28
364 2961 641 3007 existimatis
672 2962 744 3006 ed.
1952 3018 1953 3021 ,
