2014 3226
791 161 1132 206 PRAEFATIO
1747 162 1811 204 IX

119 306 366 365 sumptum
423 304 581 350 fertur
636 318 693 349 ex
747 303 904 351 veteri
967 303 1342 361 consuetudine,
1406 303 1588 349 sicuti
1650 305 1811 349 retro

117 377 509 437 meminimus,
555 394 611 423 ex
651 392 786 424 more
826 375 1097 435 iudicum“,
1145 391 1243 423 non
1285 376 1347 422 ad
1387 375 1622 422 amissum
1663 392 1811 436 quen-

119 452 233 499 dam
272 452 737 514 interpretationum
780 451 943 498 locum
982 450 1294 497 referendum
1335 452 1422 510 est,
1455 450 1539 497 sed
1576 450 1639 497 ad
1671 466 1811 512 supe-

116 526 295 574 riorem
344 525 532 572 Donati
578 525 731 571 vitam
789 517 873 589 (cf.
915 524 1108 583 „retro“
1153 526 1198 584 7,
1233 517 1387 589 474):
1450 526 1603 571 semet
1648 525 1812 585 ipsum

119 599 366 660 quondam
405 600 459 646 in
497 599 694 646 iudiciis
734 600 986 646 versatum
1026 614 1129 646 esse
1170 598 1314 657 dicit,
1363 614 1571 659 quorum
1612 613 1811 646 consue-

117 673 306 721 tudinis
347 689 395 721 se
435 674 651 735 peritum
692 674 844 720 etiam
895 676 941 732 1,
977 673 1080 720 506
1132 673 1362 720 ostendit.
1440 672 1526 720 sed
1564 674 1622 719 ut
1661 671 1811 727 Quin-

117 746 326 794 tilianus
367 747 427 794 ab
470 747 661 794 actione
702 748 888 795 forensi
928 747 990 794 ad
1039 747 1230 794 scholas
1277 746 1528 794 habendas
1574 748 1811 794 transisse

117 821 330 881 videtur,
371 822 414 868 si
453 821 652 882 quidem
690 821 784 868 hoc
822 837 920 868 non
961 823 1142 868 temere
1182 838 1227 868 v.
1254 821 1297 868 d.
1325 820 1528 868 Hoeven
1561 836 1618 867 ex
1649 821 1812 869 verbis

117 895 218 943 illis
257 895 498 956 prooemii
531 912 578 957 p.
606 897 637 941 4
672 894 802 943 effici
832 895 943 942 vult
974 895 1284 958 „Vergilium
1315 910 1413 942 non
1447 894 1811 957 grammaticos,

118 969 202 1017 sed
235 972 455 1016 oratores
487 971 779 1031 praecipuos
810 969 1006 1017 tradere
1039 962 1366 1034 debuisse“.¹)
1417 969 1587 1016 eodem
1620 971 1813 1030 spectat

119 1042 250 1104 quod
291 1044 388 1090 alio
420 1044 662 1104 prooemii
694 1043 800 1090 loco
832 1060 878 1105 p.
909 1045 937 1090 6
974 1043 1282 1106 „Vergiliani
1314 1043 1544 1091 carminis
1576 1043 1812 1090 lectorem

117 1118 375 1165 rhetoricis
414 1119 694 1179 praeceptis
725 1117 907 1165 instrui
938 1116 1111 1180 posse“
1146 1117 1280 1165 dicit.
1345 1132 1552 1178 cumque
1585 1116 1812 1164 Donatus

119 1192 233 1239 stilo
281 1191 571 1254 plerumque
616 1192 722 1253 ipse
770 1207 890 1240 usus
938 1191 1290 1240 declamatorio
1333 1207 1432 1238 uno
1472 1191 1579 1238 loco
1625 1193 1670 1251 7,
1705 1192 1809 1239 359

118 1267 239 1314 satis
287 1267 538 1313 extensam
590 1266 1003 1314 declamationem
1049 1266 1261 1313 Amatae
1309 1265 1571 1313 conubium
1615 1264 1812 1313 Aeneae

118 1339 450 1388 dissuadentis
477 1355 767 1401 componere
792 1356 891 1388 non
917 1339 1237 1400 dubitaverit,
1260 1343 1392 1388 recte
1415 1340 1467 1387 id
1492 1356 1535 1387 v.
1552 1339 1596 1386 d.
1606 1339 1812 1387 Hoeven

118 1414 368 1462 hominem
415 1414 623 1476 prodere
665 1415 927 1462 rhetoricis
967 1414 1213 1462 exercitiis
1255 1416 1506 1462 assuetum
1545 1413 1812 1462 contendit.

117 1488 241 1534 mihi
288 1487 488 1550 quidem
529 1490 865 1550 praeceptoris
905 1489 1189 1537 scholastici
1226 1488 1320 1536 hoc
1361 1503 1558 1549 quoque
1598 1503 1700 1535 esse
1739 1488 1812 1535 vi-

119 1562 277 1623 detur,
310 1562 442 1623 quod
480 1563 533 1609 in
572 1563 826 1624 prooemio
865 1579 913 1625 p.
945 1564 974 1611 5
1018 1578 1128 1611 cum
1169 1563 1294 1610 alios
1334 1563 1587 1622 „diversae
1625 1562 1812 1623 profes-

119 1637 271 1684 sionis
304 1638 354 1683 et
384 1635 690 1685 diversarum
730 1638 997 1685 sectatores
1031 1635 1244 1684 artium“
1275 1638 1328 1683 in
1359 1636 1592 1696 Aeneide,
1625 1636 1815 1684 scilicet

120 1725 235 1757 suae
282 1709 710 1771 interpretationis
758 1711 966 1771 auxilio,
1018 1713 1308 1758 inventuros
1360 1711 1606 1758 declamat
1652 1710 1815 1772 „quod

120 1782 357 1844 discant“,
388 1788 495 1831 tum
527 1786 689 1844 „cives
730 1786 945 1846 optimos
986 1788 1036 1832 et
1066 1787 1259 1847 patriae
1292 1785 1680 1846 spectatissimos
1713 1785 1812 1832 cul·

117 1857 282 1906 tores“
331 1861 380 1905 et
427 1860 543 1919 „qui
594 1874 644 1906 se
700 1861 873 1920 aptent
927 1859 989 1906 ad
1043 1859 1246 1907 deorum
1300 1859 1491 1907 cultum
1543 1859 1813 1920 futuraque

119 1931 366 1980 noscenda
403 1932 690 1996 magisterio
732 1934 835 1980 eius
875 1933 1057 1981 instrui
1095 1932 1282 1995 posse“.
1345 1934 1526 1980 mirum
1567 1935 1699 1981 enim
1739 1935 1813 1981 est

121 2007 363 2067 quantum
408 2006 530 2054 haec
577 2021 684 2054 cum
737 2008 799 2054 iis
841 2010 1116 2071 congruant
1155 2024 1279 2069 quae
1321 2006 1512 2055 Statius
1549 2009 1602 2054 in
1642 2006 1814 2054 eadem

122 2095 271 2141 quam
325 2095 476 2142 supra
527 2082 802 2128 memoravi
856 2082 984 2129 silva
1036 2098 1080 2129 v.
1126 2083 1229 2129 176
1257 2098 1362 2143 sqq.
1416 2082 1473 2128 de
1528 2082 1688 2143 patris
1736 2082 1814 2128 sui

121 2154 295 2202 schola·
326 2154 608 2217 praedicat:
647 2170 789 2216 „mox
830 2157 880 2203 et
910 2155 1205 2204 Romuleam
1245 2157 1449 2218 stirpem
1489 2171 1812 2217 proceresque

121 2228 314 2276 futuros
360 2229 565 2277 instruis
604 2230 755 2290 inque
794 2232 997 2291 patrum
1036 2230 1249 2294 vestigia
1288 2230 1463 2278 ducere
1502 2228 1724 2292 perstas“
1764 2232 1814 2277 et

122 2317 290 2362 „arma
335 2302 574 2364 probatus
623 2305 916 2351 monstrasti
963 2303 1110 2352 Saliis
1163 2319 1556 2368 praesagumque
1612 2304 1813 2352 aethera

121 2378 244 2424 certi
298 2375 597 2440 auguribus“
653 2380 742 2426 etc.
799 2371 883 2444 (cf.
922 2377 1146 2426 Vollmer
1190 2395 1237 2440 p.
1277 2371 1424 2444 541).
1503 2394 1531 2425 a
1583 2377 1812 2426 lautioris

121 2450 254 2498 vitae
301 2451 520 2499 moribus
567 2467 680 2499 eum
725 2468 825 2500 non
874 2451 1090 2500 alienum
1137 2452 1288 2500 fuisse
1336 2467 1446 2500 cum
1491 2452 1686 2514 reliqua
1725 2451 1813 2499 Di·

123 2524 265 2572 donis
313 2525 529 2573 convivii
575 2525 840 2587 descriptio
879 2530 990 2573 tum
1027 2541 1156 2574 unus
1194 2526 1331 2574 locus
1375 2529 1420 2587 1,
1449 2527 1553 2574 638
1596 2526 1814 2574 ostendit

124 2591 206 2664 (cf.
242 2599 290 2659 8,
326 2591 471 2664 180).
547 2599 805 2663 religionis
846 2596 1158 2648 Christianae
1199 2616 1261 2648 ne
1306 2601 1563 2649 minimam
1612 2599 1812 2662 quidem

121 2671 354 2720 notitiam
392 2673 632 2735 praefert3
682 2689 800 2721 nam
839 2673 973 2735 quod
1016 2675 1098 2734 10,
1133 2675 1237 2722 325
1279 2674 1339 2722 de
1379 2674 1673 2735 „execrabili
1711 2689 1813 2722 sce-

244 2799 287 2855 1)
319 2798 623 2855 quamobrem
654 2799 790 2844 valde
821 2799 965 2843 miror
996 2800 1122 2857 quod
1155 2799 1410 2844 Schanzius
1443 2798 1607 2843 Gesch.
1635 2799 1679 2842 d.
1697 2803 1810 2843 r6m.

123 2857 212 2902 Lit.
245 2857 323 2912 IV,
350 2864 371 2900 1
406 2873 451 2915 p.
479 2862 564 2902 162
603 2858 860 2913 Donatum,
899 2859 1315 2915 grammaticorum
1360 2859 1519 2916 palam
1568 2857 1812 2902 inimicum

123 2916 198 2973 (cf.
231 2930 436 2973 prooem.
471 2923 510 2971 1,
531 2922 598 2960 75.
635 2922 732 2961 179.
766 2922 809 2973 4,
827 2922 926 2962 625.
967 2923 1009 2972 5,
1028 2923 1053 2961 2
1080 2917 1172 2974 aL),
1212 2918 1335 2963 inter
1365 2918 1699 2976 grammaticos
1729 2931 1812 2974 po-

121 2975 216 3019 tius
249 2989 389 3032 quam
420 2975 543 3020 inter
571 2976 779 3020 rhetores
811 2979 1066 3021 enumerat.
