2014 3226
754 183 1054 229 AENEIDOS
1087 186 1148 229 VI
1690 193 1755 242 57
1767 192 1793 242 γ

112 323 256 384 quasi
306 322 495 369 violata
550 322 858 370 matrimonii
909 326 1147 373 sanctitas
1199 327 1592 375 emendationem
1645 330 1795 377 ullam

112 398 279 459 posset
318 395 592 442 admittere.
669 397 826 443 fertur
873 400 1002 444 enim
1049 414 1158 446 cum
1198 415 1434 449 consensu
1472 404 1672 463 proprio
1714 420 1798 463 per

113 469 465 532 imaginarium
515 471 716 530 raptum
768 485 876 517 eam
932 487 1042 518 cum
1097 473 1277 535 Paride
1332 475 1394 521 ad
1446 475 1643 523 Troiam
1691 493 1796 537 per·

115 545 319 591 venisse.
397 542 607 603 denique
654 543 711 589 fit
756 544 901 592 huius
952 547 1023 592 rei
1071 549 1119 594 et
1165 549 1215 593 in
1263 549 1422 608 primo
1475 549 1600 596 libro
1640 543 1796 614 (647)

69 634 89 668 ⁵
116 618 518 665 commemoratio
549 617 641 663 hoc
681 617 825 665 modo
866 635 1099 678 „munera
1137 623 1392 681 praeterea
1424 622 1589 670 Iliacis
1630 625 1798 684 erepta

113 692 274 738 ruinis
329 691 457 738 ferre
511 690 669 750 iubet,
731 691 920 752 pallam
975 694 1128 755 signis
1184 710 1399 756 auroque
1454 697 1694 759 rigentem
1749 700 1798 744 et

112 766 491 813 circumtextum
541 778 709 811 croceo
761 766 986 813 velamen
1037 768 1269 828 acantho,
1325 773 1526 817 ornatus
1582 770 1796 832 Argivae

111 838 352 899 Helenae,
393 853 513 899 quos
551 837 643 884 illa
681 838 924 900 Mycenis,
963 840 1205 904 Pergama
1245 857 1355 889 cum
1402 846 1592 904 peteret
1631 844 1798 891 incon-

112 927 369 973 cessosque
422 911 742 973 hymenaeos,
799 914 1063 975 extulerat,
1127 917 1301 963 matris
1358 915 1518 963 Ledae
1573 917 1797 965 mirabile

44 1003 89 1037 10
112 984 340 1047 donum“,
380 1001 505 1048 quae
544 987 721 1047 utique
760 1002 860 1034 non
891 987 1054 1049 ferret,
1095 990 1190 1036 nisi
1223 989 1515 1050 dispositum
1547 990 1798 1038 habuisset

113 1060 406 1108 abscessum.
499 1059 633 1120 quod
685 1059 849 1121 ipsum
904 1062 1054 1108 etiam
1109 1063 1178 1110 sic
1227 1062 1477 1125 Vergilius
1533 1067 1798 1111 monstrat:

111 1134 376 1197 Pergama,
414 1134 600 1194 inquit,
640 1148 754 1180 cum
793 1137 984 1195 peteret
1029 1137 1434 1197 inconcessosque
1479 1137 1799 1198 hymenae033

110 1208 302 1269 peteret
339 1207 481 1268 dixit,
519 1223 619 1255 non
659 1209 718 1254 ut
754 1224 843 1269 per
881 1211 1082 1270 raptum
1121 1209 1435 1271 abstractam,
1475 1210 1560 1258 sed
1599 1215 1654 1257 ut
1686 1226 1797 1258 con-

10 1322 28 1334 „
112 1297 256 1330 sensu
295 1282 496 1344 proprio
535 1283 759 1329 iunctam
798 1297 903 1330 esse
941 1285 1251 1331 monstraret.
1328 1287 1519 1344 peteret
1557 1284 1630 1332 bis
1673 1286 1795 1333 acci·

46 1373 88 1407 15
111 1356 345 1418 piendum
396 1357 493 1415 est,
542 1355 662 1403 licet
712 1357 862 1404 semel
911 1357 1129 1418 positum
1174 1357 1413 1405 videatur.
1492 1359 1598 1420 ipso
1648 1359 1796 1405 verbo

113 1429 379 1479 Sallustius
418 1444 536 1478 usus
575 1432 670 1491 est,
718 1445 830 1477 cum
877 1430 1060 1478 diceret
1106 1424 1236 1497 (Cat.
1272 1432 1356 1491 25,
1391 1425 1447 1497 3)
1495 1431 1677 1492 „libido
1721 1446 1798 1479 ac-

13 1550 23 1561 .
111 1518 257 1552 censa
295 1505 380 1564 sic,
419 1505 476 1551 ut
514 1503 711 1566 saepius
750 1506 941 1565 peteret
975 1506 1105 1552 viros
1147 1521 1294 1566 quam
1332 1503 1625 1567 peteretur“.
1703 1505 1794 1553 hoc

11 1572 23 1578 ”
110 1594 290 1641 genere
329 1579 379 1625 et
415 1577 495 1626 hic
533 1578 920 1640 intellegendum
961 1581 1036 1627 est
1067 1578 1306 1643 Pergama
1345 1594 1456 1626 cum
1493 1581 1683 1640 peteret
1722 1579 1795 1625 in-

10 1650 22 1723 fx
112 1666 462 1713 concessosque
501 1652 800 1714 hymenaeos
840 1655 1051 1714 peteret,
1096 1656 1153 1700 ut
1199 1654 1303 1700 sine
1350 1653 1518 1714 aliqua
1557 1653 1796 1700 violentia

11 1735 91 1793 '45²⁰
113 1725 177 1774 ad
219 1725 451 1774 Paridem
497 1726 576 1774 vel
623 1725 687 1774 ad
735 1726 936 1774 Troiam
974 1728 1166 1775 venisse
1211 1729 1456 1775 noscatur.
1534 1726 1624 1773 hoc
1663 1727 1795 1773 enim

10 1799 15 1855 f
111 1800 222 1848 vult
259 1799 454 1848 firmare
486 1800 739 1863 Vergilius
780 1815 838 1847 ex
876 1815 1086 1861 persona
1124 1799 1385 1862 Deiphobi,
1424 1800 1613 1846 nullam
1651 1798 1795 1846 fidem

10 1901 24 1938 ³.-
111 1874 255 1922 illam
294 1889 491 1922 servare
530 1875 680 1922 tertio
720 1875 900 1922 marito
940 1876 1174 1936 potuisse,
1216 1874 1331 1935 quia
1370 1889 1457 1920 nec
1491 1874 1650 1934 primo
1691 1888 1798 1920 eam

111 1948 274 1996 valuit
326 1947 575 2009 exhibere,
635 1953 690 1995 ut
742 1947 975 2010 probaret
1030 1947 1160 2009 quod
1215 1963 1364 2010 supra
1422 1947 1547 1993 dixit
1601 1947 1799 2009 egregia

18 2026 22 2047 ·’
112 2023 302 2070 interea
342 2023 575 2082 coniunx,
628 2021 863 2084 quoniam
913 2026 1234 2070 consueverat
1283 2021 1487 2069 maritos
1539 2020 1712 2067 fallere
1752 2021 1801 2066 et

46 2111 91 2146 25
115 2095 334 2144 fallendo
381 2096 619 2158 decipere.
697 2096 815 2156 quid
851 2097 1045 2143 moror?
1098 2097 1386 2155 inrumpunt
1430 2093 1663 2148 thalamo,
1710 2093 1800 2141 hoc

115 2172 190 2218 est
221 2185 332 2218 cum
356 2169 598 2218 violentia
627 2170 849 2231 inruunt,
881 2172 1098 2218 ceterum
1130 2170 1167 2217 si
1194 2169 1269 2217 vis
1293 2183 1393 2216 non
1417 2170 1559 2227 esset,
1584 2166 1799 2231 ingredi-

113 2246 266 2291 untur
315 2243 480 2292 fuerat
525 2243 802 2292 dicendum.
878 2242 1266 2306 intellegendum
1314 2244 1390 2289 est
1439 2243 1590 2289 etiam
1640 2241 1799 2301 ipsam

55 2334 58 2337 ·
115 2332 228 2365 cum
273 2319 395 2380 ipsis
441 2317 615 2380 fuisse,
664 2320 899 2379 quoniam
949 2316 1233 2366 nesciebant
1278 2315 1364 2363 ubi
1402 2313 1686 2376 Deiphobus
1725 2329 1799 2361 re-

115 2391 392 2453 quiesceret
429 2406 489 2440 ac
527 2392 635 2441 sola
672 2407 797 2440 uxor
834 2393 1032 2453 poterat
1062 2405 1217 2438 nosse.
1287 2403 1439 2438 comes
1469 2388 1670 2436 additur
1699 2401 1800 2434 wna

46 2482 94 2517 no
113 2466 330 2513 hortator
366 2466 597 2514 scelerwm
634 2464 884 2513 Aeoh‘des:
930 2480 1053 2513 uxor
1096 2465 1311 2526 pessima
1350 2466 1399 2510 et
1436 2463 1643 2510 maritus
1688 2475 1800 2521 pro-

236 2641 259 2680 1
291 2637 438 2681 ullam
467 2635 510 2680 V
539 2637 671 2681 illam
708 2635 779 2680 ed.
934 2639 959 2678 6
994 2634 1156 2691 palam
1186 2633 1239 2676 V.
1395 2636 1443 2674 11
1479 2631 1726 2675 abscesmz
1759 2627 1799 2671 V

114 2695 358 2740 discessum
389 2695 460 2739 ed.
505 2698 511 2752 Ι
557 2696 694 2740 etiam
724 2694 766 2738 V
797 2699 838 2739 et
868 2693 940 2738 ed.
1062 2697 1116 2736 12
1149 2693 1427 2736 income-3308
1455 2688 1497 2732 V
1527 2702 1642 2732 corr.
1667 2686 1738 2730 ed.

116 2758 174 2798 22
203 2759 403 2799 servaret
430 2754 474 2798 V
503 2768 683 2799 servare
713 2753 784 2797 ed.
819 2765 879 2796 an
909 2765 1088 2797 servare
1118 2755 1187 2795 et?
1307 2754 1364 2793 24
1395 2748 1583 2792 maritos
1613 2745 1654 2789 V
1685 2750 1798 2812 magn

115 2813 187 2857 ed.
340 2818 396 2857 25
434 2827 586 2858 moror
622 2825 724 2857 oum
761 2813 1035 2867 inrumpunt
1072 2809 1115 2853 V
1153 2823 1253 2854 cum
1292 2821 1348 2853 ex
1386 2806 1576 2863 interpr.
1611 2804 1800 2871 irrepsit

114 2871 308 2918 librario
342 2873 403 2916 ad
433 2885 533 2917 oum
565 2872 783 2916 violentia
812 2872 1010 2914 inruunt
1039 2868 1298 2913 aberrante.
1342 2868 1349 2924 Ι
1390 2865 1557 2932 talarno
1588 2864 1800 2920 sequenti

117 2930 330 2976 lemmati
367 2930 586 2988 praefixit
613 2929 658 2973 V
686 2929 780 2974 huc
817 2927 1052 2974 revocavit
1089 2927 1183 2982 ed.,
1221 2925 1304 2970 ubi
1344 2924 1487 2969 etiam
1524 2923 1800 2979 interpreta-

115 2990 244 3035 tione
274 2989 507 3047 postulari
537 2988 735 3035 videtur.
857 2992 914 3032 26
945 2988 1143 3032 imuwnt
1173 2984 1215 3028 V
1245 2986 1508 3039 irrumpunt
1537 2979 1607 3025 ed.

206 3072 303 3105 Don.
326 3073 487 3112 interpr.
511 3072 627 3112 Verg.
662 3070 739 3103 vol.
753 3069 785 3103 1.
1391 3058 1448 3099 87
