2014 3226
740 214 1042 258 AENEIDos
1074 215 1136 258 1v
1681 217 1788 270 355

102 358 338 413 stantem,
399 354 527 402 bello
583 360 859 414 strenuum,
921 355 1056 415 pacis
1119 355 1424 416 temporibus
1485 356 1793 419 religiosum,

0 419 16 484 ἰ
101 429 430 476 necessarium
477 428 679 486 viduae,
734 430 1065 475 necessarium
1112 429 1403 489 destitutae,
1459 432 1789 478 necessarium

7 514 16 563 ξ
102 501 331 550 condenti
385 501 640 548 civitatem
694 517 874 549 novam
929 505 978 549 et
1033 518 1162 549 nova
1215 503 1412 564 imperii
1466 503 1788 551 fundamenta

2 575 17 594 ²⁸
99 575 330 622 roborare
370 576 603 636 cupienti,
642 577 970 623 necessarium
1011 579 1182 623 contra
1220 576 1561 639 Pygmalionis
1600 579 1786 625 violen-

55 666 73 698 5
99 651 244 710 tiam,
293 650 379 710 qui
423 665 606 712 magna
643 665 794 696 manu
835 649 1125 710 sperabatur
1164 665 1265 697 esse
1304 649 1575 698 venturus?
1652 667 1789 699 acce-

99 723 246 770 debat
279 724 497 784 corporis
529 723 675 770 decus
708 726 757 771 et
788 724 962 782 forma,
995 740 1119 784 quae
1153 726 1327 771 ceteris
1359 725 1513 771 animi
1546 727 1784 787 corporis-

100 813 192 858 que
228 797 507 858 praecipuis
540 797 744 846 adderet
775 799 1104 858 venustatem,
1138 813 1266 858 quae
1299 799 1408 859 ipsa
1439 800 1627 859 primus
1660 799 1791 846 liber

7 903 19 947 ς
98 870 350 919 evidenter
389 873 642 932 expressit,
675 887 785 919 cum
824 871 1078 919 recedente
1117 871 1244 919 nube
1284 872 1526 933 plurimus
1565 872 1788 920 fulsisset

9 975 20 1025 k
96 946 147 991 in
189 945 304 992 sole.
375 946 658 1007 multusque
696 948 919 993 recursat
958 947 1119 1008 gentis
1158 946 1335 993 honos:
1375 946 1575 993 tertiam
1614 946 1788 1007 posuit

12 1034 73 1067 210
97 1020 290 1082 generis
337 1018 557 1079 laudem,
611 1019 732 1067 haec
779 1020 910 1067 enim
955 1022 1075 1067 tunc
1120 1019 1342 1081 prodest,
1397 1022 1440 1067 si
1495 1035 1620 1081 quae
1670 1023 1789 1068 sunt

16 1086 19 1090 ”
97 1094 482 1154 uniuscuiusque
528 1095 733 1154 propria
777 1095 965 1152 rationi
1007 1095 1263 1156 sanguinis
1301 1096 1433 1140 recte
1474 1094 1784 1142 conveniant.

95 1182 210 1214 nam
236 1167 480 1228 quomodo
506 1166 702 1215 Aeneae
732 1169 923 1214 meritis
955 1167 1260 1228 praedicatio
1294 1167 1546 1214 accederet
1576 1169 1785 1231 generis,

96 1241 137 1288 si
183 1243 289 1302 ipse
335 1242 550 1302 propriis
604 1241 746 1289 bonis
795 1241 994 1289 laudari
1041 1257 1139 1288 non
1185 1239 1386 1302 posset?
1462 1241 1582 1288 haec
1628 1243 1785 1305 igitur

14 1174 34 1374 ’νη-...κ-
12 1099 22 1160 ne.-

94 1329 209 1376 pars
255 1316 308 1361 in
356 1331 412 1363 eo
461 1318 556 1376 est,
602 1318 659 1363 ut
698 1317 851 1363 etiam
890 1316 998 1377 ipsa
1038 1331 1095 1362 ex
1134 1316 1361 1377 plurimis
1402 1317 1611 1362 constet:
1665 1331 1781 1362 nam

50 1404 69 1437 5
95 1388 280 1436 sciebat
311 1388 441 1436 Dido
474 1404 578 1437 esse
601 1389 804 1436 Aenean
830 1389 1037 1437 Veneris
1069 1389 1242 1450 filium,
1273 1387 1529 1451 Cupidinis
1561 1390 1780 1449 fratrem,

93 1462 326 1522 Mercuri,
367 1463 567 1523 Teucri,
605 1463 832 1512 Dardani
871 1463 1082 1511 adfinem
1122 1465 1192 1524 et,
1240 1463 1372 1524 quod
1419 1477 1570 1524 supra
1613 1464 1780 1510 omnia

94 1536 203 1598 fuit,
243 1538 475 1598 nepotem
514 1537 661 1586 IoviS.
737 1538 943 1585 haerent
980 1537 1120 1585 infixi
1158 1539 1355 1599 pectore
1394 1536 1560 1584 vultus
1607 1537 1779 1584 verba-

94 1627 208 1672 que:
259 1611 464 1658 haerent
501 1613 700 1672 pectore
738 1611 814 1660 bis
855 1611 1195 1673 accipiendum
1235 1613 1330 1671 est,
1375 1613 1434 1658 ut
1473 1610 1538 1658 sit
1574 1611 1781 1658 haerent

92 1687 290 1746 pectore
329 1685 498 1733 vultus
537 1685 691 1746 infixi,
730 1686 936 1733 haerent
975 1685 1124 1734 verba
1161 1686 1372 1747 pectore.
1434 1683 1574 1731 infixi
1613 1687 1778 1731 autem

92 1758 225 1820 quod
271 1759 365 1819 ait,
413 1759 476 1807 ad
521 1760 653 1808 solos
698 1761 868 1808 vultus
914 1760 1153 1821 pertinet,
1201 1760 1318 1820 quia
1359 1759 1453 1806 erit
1489 1757 1688 1818 vitium,
1736 1760 1779 1806 si

91 1831 313 1880 dicamus
351 1833 491 1880 infixi
521 1833 687 1895 verba,
719 1836 769 1882 et
798 1835 960 1897 magis
991 1849 1081 1895 pro
1114 1848 1324 1895 persona
1357 1833 1571 1879 amantis
1601 1832 1778 1880 melius

91 1906 333 1968 accipitur
384 1906 522 1955 infixi
575 1909 758 1957 vultus.
836 1908 986 1956 verba
1041 1907 1171 1955 enim
1225 1908 1544 1970 augmentum
1591 1905 1779 1954 dabant

91 1982 262 2042 amori,
300 1997 399 2029 non
429 1983 644 2043 primam
676 1997 889 2031 causam.
951 1982 1159 2030 haerent
1189 1983 1239 2028 et
1267 1979 1406 2027 infixi
1436 1979 1563 2026 hanc
1592 1979 1779 2027 habent

89 2054 334 2103 rationem
367 2071 516 2117 quam
546 2056 697 2104 habet
729 2055 861 2118 quod
892 2057 1043 2104 etiam
1073 2057 1127 2103 in
1158 2055 1307 2102 tertio
1339 2053 1466 2102 libro
1506 2054 1579 2101 ait
1619 2046 1776 2119 (286)

90 2143 231 2190 „aere
265 2144 384 2178 cavo
418 2129 646 2192 clipeum,
677 2132 848 2194 magni
887 2133 1139 2194 gestamen
1171 2127 1397 2188 AbantiS,
1437 2126 1659 2189 postibus
1692 2127 1775 2176 ad-

89 2201 243 2251 versis
299 2201 440 2267 figo“.
517 2203 605 2267 figi
659 2207 791 2252 enim
846 2203 1026 2252 dicitur
1081 2202 1213 2264 quod
1266 2203 1337 2250 sic
1365 2201 1544 2249 'alicui
1595 2202 1777 2263 speciei

42 2325 45 2341 ‚
89 2276 335 2340 iungitur,
381 2279 440 2325 ut
484 2278 604 2326 velli
642 2295 742 2327 non
779 2279 960 2340 possit,
1007 2279 1056 2325 et
1093 2276 1265 2324 haeret
1304 2275 1437 2337 quod
1474 2291 1572 2323 non
1610 2277 1778 2337 potest

55 2350 324 2427 Zseparari.
400 2352 570 2400 vultus
609 2354 860 2413 pertinent
899 2351 963 2399 ad
1001 2352 1221 2412 corporis
1258 2349 1478 2411 laudem,
1521 2348 1673 2397 verba
1712 2348 1775 2396 ad

56 2425 245 2487 :animi
297 2425 730 2486 praedicationem.
806 2441 893 2474 nec
937 2424 1191 2485 placidam
1242 2424 1468 2471 membris
1521 2423 1607 2470 dat
1654 2437 1776 2471 cura

153 2499 317 2547 ietem:
377 2499 622 2548 diversam
668 2502 899 2548 naturam
946 2500 1094 2561 poeta
1139 2498 1299 2546 voluit
1344 2512 1448 2546 esse
1496 2497 1678 2544 amoris
1724 2498 1776 2543 et

114 2573 270 2620 omni:
324 2587 522 2622 somnus
570 2575 753 2636 quippe
793 2575 1014 2636 quietam
1053 2572 1217 2620 sedem
1257 2571 1471 2633 quaerit,
1509 2570 1602 2619 hoc
1638 2571 1773 2618 tene-

86 2676 89 2679 ·
122 2646 236 2694 atur
279 2646 495 2709 Aeneas,
535 2648 780 2715 'quoniam
826 2648 1008 2709 quietis
1056 2645 1235 2694 animis
1280 2645 1401 2706 fuit3
1464 2645 1636 2692 contra
1686 2641 1774 2690 ubi

159 2832 162 2837 ,
207 2788 233 2830 '¹1
257 2789 527 2845 praecipuis
556 2788 644 2831 LR
668 2802 743 2845 pr.
768 2787 1016 2833 virtutibus
1046 2785 1155 2830 edF.
1183 2788 1190 2842 Ι
1217 2789 1448 2831 venustate
1478 2784 1527 2828 L.
1556 2785 1563 2840 Ι
1593 2783 1774 2840 μήπω

83 2843 200 2890 liber
228 2845 316 2890 LR
337 2848 492 2904 primo
523 2848 640 2892 libro
665 2851 802 2904 poeta
833 2846 903 2891 ed.
1047 2849 1100 2889 12
1134 2845 1354 2890 accederit
1383 2842 1471 2887 LR
1501 2855 1613 2886 corr.
1645 2855 1681 2886 r.

83 2913 85 2915 ’
118 2902 145 2947 8
175 2905 271 2961 ipse
294 2919 382 2950 om.
401 2906 472 2951 ed.
568 2911 622 2950 16
646 2910 690 2951 et
712 2905 940 2950 Memoria·
962 2904 1033 2948 cd.
1063 2906 1070 2960 Ι
1096 2917 1152 2950 ac
1173 2903 1399 2956 Dardani
1427 2901 1498 2947 ed.
1590 2904 1648 2944 23
1677 2913 1774 2945 nom

154 2963 283 3008 'mam
310 2978 499 3011 eausam
530 2978 617 3009 om.
650 2979 759 3010 nam
790 2963 1007 3020 interpol.
1040 2962 1111 3007 ed.
1223 2966 1280 3005 24
1311 2961 1431 3007 illud
1459 2960 1580 3017 quod
1609 2959 1680 3004 ed.

118 3024 145 3066 7
174 3023 280 3068 velli
308 3022 394 3068 LR
425 3025 560 3069 avelli
589 3039 612 3067 r
643 3023 715 3068 cd.
838 3027 893 3067 32
926 3022 1037 3079 quia
1068 3023 1217 3078 quieto
1246 3021 1402 3065 animo
1431 3019 1503 3063 cd.

1329 3092 1416 3139 230
1487 3117 1489 3119 .
