2014 3226
0 2755 5 2795 ’Ἡ
0 2503 18 2729 *mcv-own*

759 161 1100 205 PRAEFATIO
1631 163 1777 206 XXIII

90 303 345 367 putredine
400 303 691 363 consumpta
747 317 849 349 esse
906 317 1004 363 qua
1059 302 1234 348 folium
1285 303 1386 348 236
1439 302 1640 349 adesum
1688 307 1774 351 est.

90 395 237 426 unum
285 377 497 424 deletum
546 390 648 422 esse
697 378 884 423 certum
931 378 1026 435 est,
1079 375 1196 436 quia
1244 375 1467 438 epilogus
1515 376 1566 422 in
1614 377 1776 424 media

88 450 331 500 sententia
378 450 711 510 abrumpitur,
768 449 851 496 sed
892 451 935 496 si
974 450 1252 498 consideres
1292 450 1597 511 prooemium
1636 467 1774 498 revo-

87 527 209 574 catis
264 524 327 571 ad
371 523 605 571 Vaticani
658 524 902 570 rationem
956 538 1187 571 versuum
1242 525 1457 570 numeris
1510 523 1605 571 duo
1655 525 1775 572 folia

87 599 292 660 explere,
332 599 521 646 salvam
563 600 727 644 autem
769 596 953 659 epilogi
992 599 1186 658 partem
1226 598 1309 644 vix
1345 597 1604 644 dimidiam
1635 600 1774 660 pagi-

87 689 201 720 nam
233 687 485 733 occupare,
512 688 622 717 eum
654 672 706 717 in
741 671 951 718 alterum
984 671 1161 718 folium
1193 672 1489 732 pertinuisse
1523 671 1773 719 concedas.

87 748 199 794 hinc
231 747 404 806 ternio,
432 747 573 793 cuius
607 761 837 792 numerus
863 744 1077 791 XXXIII
1110 760 1218 792 cum
1252 746 1429 792 ultimo
1462 745 1582 792 folio
1611 747 1776 807 periit,

86 821 155 868 sic
188 819 419 867 efficitur:
463 821 582 867 233.
620 821 738 866 234.
783 820 902 865 235.
955 820 1074 865 236.
1115 820 1161 866 Ο.
1204 821 1250 867 Ο.
1308 819 1406 866 fuit
1436 820 1594 881 igitur
1626 820 1776 867 codex

509 884 1227 997 Μ

87 1012 358 1060 Vaticanus
400 1012 540 1071 olim,
582 1027 690 1059 cum
731 1028 788 1059 ex
827 1012 1022 1059 librarii
1060 1011 1289 1059 manibus
1329 1011 1538 1072 prodiit,
1578 1013 1775 1072 quater-

87 1086 286 1134 nionum
309 1087 518 1149 triginta
544 1088 593 1134 et
616 1087 770 1132 trium
794 1087 1076 1133 ternionum
1101 1079 1321 1151 (XVIIII
1352 1085 1486 1131 XXX
1523 1078 1774 1150 XXXIII).

87 1176 201 1208 nam
240 1176 365 1222 quae
404 1161 457 1207 in
497 1163 672 1208 octavo
713 1160 839 1207 libro
881 1176 910 1207 a
949 1177 993 1207 v.
1022 1162 1125 1207 457
1169 1174 1323 1220 usque
1362 1158 1424 1206 ad
1455 1176 1499 1207 v.
1530 1160 1634 1206 730
1666 1175 1775 1220 per-

86 1236 212 1282 tinet
256 1234 434 1281 lacuna
482 1250 612 1295 eam,
662 1235 779 1295 quia
826 1235 877 1281 in
919 1233 1134 1282 mediam
1172 1234 1411 1297 paginam
1449 1234 1665 1295 priorem
1703 1234 1775 1280 fo-

85 1308 142 1355 lii
187 1310 250 1355 91
309 1308 486 1356 incidit
539 1309 676 1355 nullo
731 1308 893 1370 spatio
948 1307 1191 1368 indicata,
1245 1309 1346 1354 iam
1400 1307 1453 1353 in
1509 1307 1775 1368 archetypo

86 1383 236 1430 fuisse
275 1385 427 1444 patet.
493 1383 727 1431 foliorum
763 1383 1050 1430 234—236
1094 1381 1267 1445 anguli
1306 1382 1563 1429 inferiores
1605 1382 1776 1445 agglu-

86 1455 257 1504 tinatis
312 1458 454 1504 novis
509 1456 823 1504 membranae
878 1456 1074 1504 laciniis
1122 1457 1175 1503 in
1221 1456 1432 1503 formam
1482 1454 1776 1516 quadratam

84 1529 272 1578 redacti
311 1533 437 1580 sunt.
497 1531 550 1577 in
590 1530 779 1578 duobus
818 1530 1065 1592 prioribus
1104 1529 1231 1576 nihil
1271 1529 1334 1576 ad
1373 1544 1571 1577 sensum
1611 1531 1661 1576 et
1700 1545 1776 1577 or-

87 1603 249 1652 dinem
287 1604 548 1652 verborum
581 1604 912 1653 desideratur:
951 1603 1239 1652 membrana
1271 1603 1332 1651 ab
1364 1602 1509 1651 initio
1544 1603 1775 1651 deformis

86 1678 235 1727 fuisse
281 1678 499 1739 videtur,
548 1679 601 1725 id
649 1678 779 1740 quod
826 1693 972 1740 saepe
1026 1680 1079 1726 in
1125 1677 1371 1725 Vaticano
1420 1677 1645 1724 occurrit.
1724 1679 1778 1724 at

87 1751 263 1799 ultima
302 1752 473 1800 charta
515 1754 618 1801 236
661 1752 936 1814 putredine,
976 1754 1035 1799 ut
1075 1767 1225 1814 supra
1264 1751 1549 1811 memoravi,
1583 1754 1630 1798 et
1666 1746 1777 1813 ipsa

87 1826 434 1890 agglutinandi
473 1829 579 1874 arte
618 1827 864 1874 iacturam
903 1827 1036 1874 fecit.
1102 1826 1191 1872 imi
1224 1827 1355 1873 enim
1387 1825 1650 1886 utriusque
1689 1841 1775 1887 pa-

86 1900 230 1962 ginae
276 1916 445 1949 versus
494 1901 608 1949 deni
654 1904 898 1948 crescente
947 1900 1175 1949 deorsum
1223 1899 1403 1948 damno
1442 1899 1609 1946 mutili
1648 1902 1775 1947 sunt.

87 1973 271 2021 factum
319 1977 392 2022 est
439 1974 810 2036 detrimentum,
863 1990 973 2022 cum
1018 1976 1121 2022 iam
1169 1973 1504 2022 Harlemensis
1553 1975 1602 2021 et
1650 1971 1777 2021 Oxo-

25 2101 30 2107 ,
87 2049 269 2096 niensis
317 2050 367 2096 et
413 2049 658 2096 editorum
703 2049 955 2110 exemplar
1002 2050 1228 2096 extarent
1283 2049 1370 2095 aut
1424 2049 1553 2095 certe
1599 2047 1776 2095 horum

89 2121 398 2184 archetypus,
438 2139 586 2184 quem
626 2124 864 2184 suspicor,
905 2139 963 2170 ex
987 2122 1234 2170 Vaticano
1265 2121 1594 2183 transcriptus
1627 2124 1776 2181 esset,

34 2199 36 2201 ’
88 2210 202 2243 nam
233 2196 431 2244 illorum
465 2197 650 2245 auxilio
683 2197 857 2245 sarciri
888 2199 1064 2259 potest.
1121 2196 1310 2258 epilogi
1331 2211 1448 2257 pars
1473 2195 1656 2243 amissa
1678 2211 1776 2243 non

87 2269 226 2317 item:
261 2270 381 2332 quid
404 2273 518 2332 post
541 2271 720 2318 ultima
751 2270 902 2319 verba
933 2272 1115 2332 „etiam
1146 2269 1198 2317 in
1228 2268 1351 2317 hac“
1382 2268 1609 2332 protinus
1643 2285 1775 2318 secu-

87 2344 195 2390 tum
228 2359 331 2392 esse
362 2347 533 2406 putem
565 2360 715 2407 supra
744 2345 835 2407 p.I
864 2343 1095 2393 indicavi.
1150 2360 1270 2391 num
1301 2343 1514 2391 alterum
1545 2343 1778 2391 volumen

88 2417 304 2479 quinque
326 2418 515 2480 priores
540 2418 694 2467 libros
719 2418 976 2467 continens
999 2417 1324 2480 praecesserit
1346 2418 1648 2481 ignoramus.
1692 2417 1778 2466 sed

88 2504 199 2538 cum
237 2492 398 2539 forma
436 2495 486 2541 et
523 2493 770 2554 scriptura
806 2494 1098 2555 picturaque
1146 2491 1297 2540 codex
1334 2490 1609 2540 Vaticanus
1653 2491 1775 2539 adeo

90 2564 310 2627 excellat,
348 2568 405 2613 ut
441 2567 573 2614 inter
603 2566 781 2614 decora
810 2565 1137 2614 bibliothecae
1170 2564 1380 2614 alicuius
1411 2565 1776 2613 monasterialis

89 2636 239 2686 fujsse
278 2639 520 2701 videatur,
553 2639 614 2687 ab
652 2641 799 2688 initio
840 2655 953 2688 eum
986 2642 1220 2688 truncum
1260 2639 1410 2687 fuisse
1449 2654 1626 2700 parum
1664 2655 1775 2701 pro-

90 2709 252 2759 babile
285 2715 372 2761 est.
423 2714 604 2761 mirum
628 2714 803 2776 utique
827 2715 986 2762 restat
1009 2730 1096 2761 cur
1119 2713 1378 2762 duodecim
1399 2713 1518 2760 libri
1540 2712 1776 2775 inaequa-

90 2783 206 2833 liter
236 2785 383 2835 divisi
412 2788 526 2836 sint.
581 2787 641 2835 de
666 2789 916 2836 communi
938 2803 1052 2836 cum
1074 2786 1411 2835 Laurentiano
1436 2788 1487 2834 et
1509 2786 1777 2849 Reginensi

92 2859 358 2923 archetypo
389 2861 521 2909 infra
552 2863 878 2924 opportunius
907 2861 1216 2910 disseremus.
1244 2887 1311 2893 —
1346 2860 1536 2908 contuli
1558 2860 1775 2909 codicem

92 2929 276 2980 Romae
322 2950 435 2982 vere
482 2937 532 2983 et
578 2937 814 2983 autumno
861 2937 981 2983 anni
1022 2935 1160 2983 1901
1204 2937 1255 2982 et
1299 2949 1413 2982 vere
1461 2933 1576 2981 anni
1620 2935 1776 2982 1902.
