2014 3226
195 176 295 228 196
654 174 886 218 DONATI
918 167 1197 218 INTERPR.
1229 173 1407 217 VERG.

188 331 340 362 unum
380 315 615 362 habentes
655 316 707 360 in
748 314 983 374 subsidio,
1015 314 1148 375 quod
1178 314 1465 361 tenebrosae
1498 315 1655 361 noctis
1690 315 1875 362 auxssio

188 390 493 436 iuvabamur.
550 389 708 435 noctis
739 389 884 435 istius
918 403 1016 448 qua
1047 388 1277 435 interitus
1310 389 1477 434 extitit
1510 388 1686 435 Troiae
1717 389 1876 436 varie-

189 466 345 510 tatem
386 462 634 524 Vergilius
675 463 855 522 posuit.
925 462 977 507 in
1016 464 1179 522 prima
1219 463 1348 508 enim
1389 463 1497 508 eius
1536 465 1677 522 parte
1718 454 1874 528 (250)

191 538 315 583 dixit
362 536 604 595 „vertitur
649 537 839 581 interea
888 536 1078 582 caelum
1119 538 1168 582 et
1207 535 1309 582 ruit
1350 533 1544 582 Oceano
1584 551 1679 583 nox
1719 536 1875 583 invol-

191 626 306 657 vens
349 610 521 656 umbra
561 625 743 671 magna
782 612 1064 670 terramque
1103 609 1372 670 polumque
1413 609 1876 671 Myrmidonumque
1924 627 1942 658 5

190 681 371 743 dolos“‚
420 684 646 743 sequenti
691 682 742 728 in
790 685 931 743 parte
974 677 1132 748 (255)
1174 683 1299 730 dixit
1339 684 1550 743 „tacitae
1591 699 1678 745 per
1718 685 1878 731 amica

191 758 386 803 silentia
426 755 617 816 lunae“,
664 757 786 803 item
827 758 898 803 ait
937 750 1093 821 (340)
1137 757 1324 816 „oblati
1362 772 1451 818 per
1488 756 1703 817 lunam“‚
1749 773 1878 804 nunc

190 847 282 878 nox
339 833 447 877 atra
502 845 624 877 cava
680 831 1006 877 circumvolat
1055 830 1243 878 umbra.
1323 831 1583 878 diversitas
1638 831 1736 878 ista
1787 831 1880 878 hoc

190 921 365 967 genere
403 904 602 951 videtur
640 919 784 965 posse
824 904 1043 964 dissolvi,
1083 907 1140 952 ut
1178 905 1279 952 iam
1315 905 1542 964 diximus,
1574 907 1630 951 ut
1663 912 1758 952 nox·
1789 905 1878 952 illa

190 994 278 1025 nec
331 981 438 1025 tota
491 978 723 1025 habuerit
774 979 1002 1026 tenebras
1057 994 1146 1027 nec
1200 979 1358 1026 omnis
1415 995 1471 1025 ex
1526 979 1677 1026 radiis
1731 979 1878 1026 lunae
1903 996 1944 1026 10
1988 1013 1989 1047 ἦ

191 1054 340 1100 fuisse
387 1051 616 1099 videatur
662 1053 901 1101 inlustris.
981 1054 1022 1099 si
1071 1068 1187 1115 ergo
1231 1054 1448 1113 primum
1487 1054 1644 1100 noctis
1683 1054 1877 1113 tempus

191 1128 288 1173 fuit
324 1126 652 1182 tenebrosum,
692 1141 898 1187 sequens
931 1142 1046 1174 vero
1080 1128 1456 1188 superveniente
1487 1127 1608 1173 luna
1641 1126 1880 1188 probatur

189 1201 396 1247 inlustre
443 1201 594 1260 atque
639 1199 734 1259 ita,
780 1203 838 1247 ut
883 1201 934 1247 in
982 1200 1113 1248 diem
1160 1216 1355 1262 quoque
1404 1201 1581 1247 durare
1619 1201 1879 1263 potuisset,

191 1274 436 1335 quomodo
481 1273 562 1320 hic
609 1273 792 1321 dicitur
838 1290 933 1322 nox
981 1277 1091 1322 atra
1139 1290 1262 1322 cava
1304 1275 1628 1322 circumvolat
1666 1271 1881 1322 umbra?

191 1348 335 1395 debet
374 1349 506 1395 enim
545 1349 806 1395 convenire
844 1350 897 1394 in
936 1348 1032 1396 ista
1072 1349 1300 1409 luporum
1343 1349 1695 1409 conparatione
1728 1348 1878 1396 etiam·
1905 1364 1946 1396 15

122 1418 124 1420 ¹
190 1423 347 1470 noctis
395 1421 692 1482 similitudo,
740 1438 866 1483 quae
912 1424 1030 1469 tunc
1078 1422 1271 1470 insidiis
1319 1425 1438 1484 apta
1486 1426 1560 1470 est
1607 1439 1716 1469 cum
1764 1422 1878 1469 den-
1986 1415 1989 1426 ²

191 1498 331 1543 satur
375 1496 604 1544 tenebris.
680 1496 762 1543 hic
810 1497 1031 1557 accipere
1079 1512 1338 1557 possumus
1386 1511 1723 1558 perseverasse
1772 1496 1879 1558 qui—

192 1570 301 1618 dem
355 1569 548 1628 lunam,
603 1569 689 1617 sed
741 1571 877 1618 fumo
933 1570 1251 1617 obscuratum
1305 1572 1409 1617 eius
1465 1571 1630 1617 lumen
1687 1571 1774 1632 qui
1823 1586 1882 1618 ex

191 1659 372 1706 magno
421 1645 639 1691 civitatis
685 1644 912 1692 incendio
963 1643 1268 1691 vomebatur.
1346 1646 1454 1703 quis
1509 1645 1692 1692 cladem
1744 1645 1881 1692 illius

190 1719 356 1772 noctis,
381 1719 488 1776 quis
519 1719 699 1776 funera
729 1719 882 1777 fando
915 1719 1114 1778 explicet
1143 1721 1231 1765 aut
1251 1720 1409 1778 possit
1430 1719 1647 1765 lacrimis
1672 1728 1881 1778 aequare
1905 1735 1947 1765 20
1983 1717 1987 1763 ἐ

191 1792 412 1839 labores?
473 1793 773 1840 meminerat·
805 1808 855 1840 se
895 1791 1074 1841 dixisse
1115 1785 1195 1857 (6)
1232 1794 1378 1854 „quis
1410 1793 1535 1839 talia
1567 1792 1716 1839 fando
1747 1792 1881 1854 Myr-

109 1895 112 1896 ⁷
193 1865 446 1912 midonum
495 1865 811 1927 Dolopumve
866 1868 953 1914 aut
1007 1867 1118 1914 duri
1170 1866 1326 1914 miles-
1366 1865 1504 1926 Ulixi
1557 1868 1798 1927 temperet
1852 1881 1882 1913 a

193 1937 482 1986 lacrimis‘?“
558 1939 651 1987 hoc
695 1942 861 2001 ipsum
906 1941 987 1987 hic
1028 1941 1517 2002 quoquewepetivit,
1564 1939 1881 2002 multiplices,

194 2014 372 2073 inquit,
405 2012 597 2061 dolores
630 2016 680 2061 et
710 2015 790 2062 vel
821 2015 1032 2062 maxime
1062 2015 1287 2076 proprios
1320 2014 1458 2061 cuius
1491 2016 1684 2061 animus
1717 2015 1882 2076 potest

193 2088 375 2134 referre
422 2086 525 2134 sine
571 2087 790 2136 lacrimis
838 2090 927 2135 aut
971 2088 1164 2136 labores
1210 2090 1378 2136 tantos
1426 2088 1588 2136 verbis
1634 2085 1880 2149 aequare?
1905 2103 1947 2136 25

194 2161 322 2207 hanc
361 2159 734 2223 generalitatem
772 2163 962 2223 incipit>
992 2173 1278 2211 enumerare
1313 2178 1403 2224 per
1435 2163 1619 2223 species
1651 2161 1880 2210 adserens

194 2235 249 2281 in
286 2233 397 2295 ipsa
434 2234 683 2282 relatione
713 2251 976 2297 personam
1014 2236 1270 2298 praecipui·
1300 2237 1422 2283 civis
1454 2239 1503 2283 et
1533 2235 1735 2283 deorum
1767 2236 1883 2283 reli-

195 2308 324 2370 giosi
363 2307 566 2356 cultoris
607 2310 899 2371 speciesque·
929 2309 1298 2372 ipsas-dividit
1323 2311 1376 2357 in
1415 2325 1474 2358 ea
1513 2325 1639 2371 quae
1670 2311 1883 2358 maiores

160 2435 163 2438 ,
195 2383 396 2443 possent
433 2383 658 2444 gemitus
685 2384 921 2431 excitare:
968 2385 1087 2432 urbs
1125 2386 1328 2444 antiqua
1364 2386 1478 2438 rm‘t,
1517 2385 1692 2431 multos
1730 2384 1881 2431 dmm

195 2458 315 2502 nata
351 2469 446 2514 per
491 2469 647 2503 annos
699 2455 948 2517 [plurima
988 2467 1172 2517 perque
1225 2460 1333 2506 vias
1377 2460 1660 2505 sternuntur
1703 2459 1883 2508 inertia,
1903 2471 1958 2506 ω

108 2529 192 2568 365
208 2530 398 2588 passim
435 2542 639 2588 corpora
668 2545 852 2590 perque
889 2532 1053 2580 domos
1093 2535 1135 2579 et
1171 2533 1399 2591 reliqwsoe
1436 2533 1634 2578 deorum
1665 2529 1880 2592 limma}

197 2601 386 2662 cecidit,
418 2602 600 2663 inquit,
630 2603 748 2652 urbs
787 2606 1018 2666 antiqua·
1058 2606 1154 2652 fuit
1185 2605 1326 2653 dolor
1356 2605 1490 2667 quod
1519 2606 1670 2667 periit
1700 2605 1881 2667 patria,
1954 2598 1968 2654 T

198 2692 348 2736 quam
366 2677 569 2766 ntique
595 2677 861 2740 religiosus
891 2680 1026 2726 civis
1045 2680 1254 2741 optabat
1283 2678 1378 2727 sibi
1409 2694 1512 2727 esse
1545 2679 1880 2740 superstitem3
1958 2669 1962 2699 ⁷

318 2807 371 2846 19
396 2802 709 2847 emebater
725 2817 839 2846 corr.
855 2818 905 2847 r.
985 2808 1039 2847 21
1066 2805 1264 2849 laborem
1277 2804 1378 2859 LR
1386 2803 1478 2848 sed
1494 2804 1618 2847 infra
1634 2804 1820 2848 labores.

198 2865 269 2904 22
286 2866 495 2917 temperet
513 2861 610 2904 LR
647 2862 815 2918 (supra
838 2866 1083 2919 temperat).
1205 2864 1277 2908 28
1270 2864 1422 2920 ipsae
1442 2863 1536 2906 LR
1571 2863 1718 2918 ipsius
1748 2862 1845 2907 ed.

199 2923 255 2961 30
282 2921 487 2975 plurim
505 2945 559 2954 --
578 2925 632 2963 31
659 2921 823 2964 limina
846 2921 1023 2966 inserui
1045 2923 1217 2966 eadem
1234 2922 1406 2966 duetus
1426 2921 1609 2966 ratione
1634 2933 1728 2977 qua
1754 2926 1794 2976 1,
1807 2925 1878 2967 25.

287 2983 342 3021 32
374 2978 470 3032 fuit
497 2979 646 3023 dolor
655 2979 777 3036 quod
805 2979 894 3023 LR
924 2982 1107 3025 temere
1128 2983 1243 3026 mut
1269 2981 1340 3026 ed.
