2014 3226
815 182 1156 227 PRAEFATIO
1690 184 1830 226 XLIH

143 325 286 373 modo
327 340 434 371 eam
475 339 601 386 quae
644 323 861 372 dubitari
898 325 1061 385 possit
1100 339 1162 370 an
1202 323 1378 370 melior
1418 324 1482 370 sit
1529 323 1590 370 ut
1640 327 1685 383 1,
1713 326 1831 371 342.

148 400 364 459 11,768.
395 399 597 458 12,632
627 392 694 462 (v.
715 399 762 457 4,
783 391 912 463 675)
946 397 1107 450 modo,
1141 397 1272 458 quod
1305 397 1505 458 quidem
1538 398 1831 458 frequentis-

143 474 320 521 simum
362 475 457 532 est,
497 472 791 519 deteriorem
831 473 888 518 ut
931 475 1013 531 11,
1049 473 1152 518 259
1196 469 1429 531 „damus“
1467 488 1557 532 pro
1599 474 1831 531 „manus“

142 546 286 594 modo
333 547 511 593 falsam
556 548 616 592 ut
669 548 714 605 7,
760 547 877 592 193.
956 546 1120 592 cautio
1170 546 1322 592 etiam
1367 545 1468 592 illis
1520 546 1639 594 locis
1696 546 1831 594 adhi-

142 621 302 668 benda
350 622 423 667 est
467 620 556 667 ubi
604 635 659 667 ex
709 619 899 666 duabus
938 619 1342 682 Vergilianorum
1384 619 1623 667 librorum
1663 620 1831 669 lectio-

143 694 286 742 nibus
342 709 485 741 sensu
539 693 621 741 vix
677 693 883 741 diversis
941 693 1099 741 altera
1151 695 1202 740 in
1259 694 1513 753 lemmate,
1570 695 1727 742 altera
1780 697 1831 741 in

141 770 553 829 interpretatione
601 768 830 815 traditur.
909 770 1074 829 potest
1122 768 1251 814 enim
1301 768 1553 828 Donatus,
1600 768 1651 815 id
1700 769 1832 829 quod

142 846 277 890 amat
325 843 383 889 cf.
426 843 472 902 6,
507 843 610 890 389
662 841 812 903 „quid
858 841 1058 889 venias“
1100 869 1168 874 —-
1211 857 1328 902 „cur
1378 840 1593 902 venias“,
1645 844 1690 902 7,
1724 845 1828 890 422

142 914 393 977 „sceptra“
432 943 505 949 —
545 915 868 978 „sceptrum“,
918 917 964 976 8,
1002 917 1103 963 106
1155 915 1326 975 „tura“
1375 943 1447 948 —
1495 916 1699 976 „dona“,
1745 934 1833 979 per

141 989 469 1038 variationem
516 990 784 1052 explicasse
833 991 992 1038 altera
1039 991 1250 1038 lectione
1296 991 1349 1037 in
1394 991 1525 1038 hunc
1564 1006 1708 1039 usum
1747 992 1831 1038 ad-

139 1067 339 1112 vocata:
379 1064 664 1112 huiusmodi
703 1065 802 1112 loci
842 1067 957 1111 sunt
1000 1066 1044 1124 7,
1071 1065 1175 1112 436
1218 1064 1462 1125 „undam“
1496 1092 1564 1097 —
1601 1065 1832 1126 „undas“,

143 1140 190 1198 8,
219 1140 286 1187 70
319 1137 590 1199 „sustinet“
616 1165 685 1170 —
713 1137 992 1199 „sustulit“,
1028 1141 1112 1199 10,
1138 1139 1242 1186 819
1278 1137 1473 1199 „sinus“
1498 1166 1570 1171 -—
1596 1139 1832 1200 „sinum“,

145 1215 225 1274 11,
261 1214 328 1260 24
371 1211 556 1274 „quae“
599 1240 667 1244 —
709 1211 854 1274 „qui“
895 1215 984 1260 etc.
1062 1214 1230 1274 potest
1276 1214 1428 1260 etiam
1475 1230 1531 1260 ex
1579 1215 1689 1275 ipsa
1732 1213 1831 1261 Do-

140 1289 249 1334 nati
286 1287 698 1348 interpretatione
738 1289 881 1335 varia
919 1287 1067 1334 lectio
1107 1289 1159 1334 in
1200 1287 1394 1348 aliquos
1427 1287 1638 1350 Vergilii
1677 1287 1831 1336 libros

139 1362 416 1422 irrepsisse,
458 1361 591 1422 quod
629 1361 794 1408 nescio
836 1377 899 1408 an
938 1364 1070 1409 recte
1118 1362 1399 1423 suspicatus
1448 1363 1514 1409 sit
1552 1362 1831 1424 Wagnerus

144 1438 226 1496 11,
270 1436 390 1495 135,
442 1435 530 1482 ubi
585 1436 767 1483 lemma
822 1434 984 1496 „alta“
1039 1436 1212 1495 habet,
1266 1437 1615 1498 interpretatio
1671 1435 1831 1497 „icta“

140 1509 301 1570 addit3
347 1525 463 1556 nam
502 1511 545 1556 si
584 1509 811 1557 Donatus
851 1508 1010 1570 „icta“
1049 1510 1253 1572 legisset
1291 1525 1403 1557 cum
1442 1510 1581 1558 libris
1621 1510 1831 1558 deterio-

138 1583 288 1643 ribus,
327 1598 414 1631 cur
453 1583 758 1645 superfluum
797 1582 960 1645 „alta“
993 1584 1045 1630 in
1085 1584 1257 1631 eadem
1294 1583 1706 1646 interpretatione
1748 1601 1830 1646 ap-

138 1655 377 1719 poneret?
453 1673 628 1719 quare,
677 1673 980 1719 quamquam
1021 1658 1289 1720 aliquando
1335 1660 1395 1705 ut
1443 1659 1489 1719 6,
1527 1659 1628 1706 746
1678 1661 1830 1707 inter-

139 1733 470 1792 pretationem
532 1733 799 1780 secundum
860 1732 1043 1780 lemma
1106 1732 1463 1780 emendandam
1518 1748 1622 1781 esse
1675 1735 1832 1796 patet,

139 1822 292 1852 unum
330 1807 498 1853 tamen
538 1822 595 1853 ex
633 1806 711 1853 his
753 1822 879 1868 quae
919 1808 1232 1868 exposuimus
1273 1809 1496 1869 apparet,
1527 1807 1831 1870 lemmatum,

139 1881 196 1927 ut
240 1880 428 1928 tradita
475 1882 614 1941 sunt,
660 1880 807 1927 fidem
854 1882 1096 1928 incertam
1145 1896 1270 1941 esse,
1327 1881 1459 1942 quod
1507 1881 1706 1942 quidem
1751 1882 1832 1930 vel

139 1969 236 2001 uno
288 1953 397 2002 loco
449 1956 494 2015 7,
528 1955 560 2001 4
609 1954 870 2018 „signant“
912 1982 981 1987 -—
1023 1953 1250 2019 „signat“
1299 1956 1419 2003 satis
1466 1955 1726 2017 probatur,
1782 1958 1832 2004 et

139 2027 422 2090 ubicunque
483 2029 563 2076 vel
627 2029 810 2090 apertis
873 2028 1304 2091 interpretationis
1366 2029 1529 2077 verbis
1582 2030 1662 2077 vel
1718 2030 1830 2078 aliis

85 2099 90 2102 ’
139 2102 331 2165 magnis
379 2104 542 2151 causis
590 2102 653 2150 ad
701 2103 912 2151 alteram
957 2102 1222 2151 lectionem
1268 2119 1500 2151 vocemur
1551 2119 1831 2165 supremam

46 2216 48 2218 .
139 2175 280 2222 illam
317 2176 478 2240 legem
516 2177 682 2225 valere
722 2177 1141 2225 emendandorum
1173 2194 1230 2225 ex
1261 2177 1672 2239 interpretatione
1710 2178 1829 2226 lem-

140 2252 341 2297 matum.
420 2250 742 2299 confirmatur
794 2251 887 2299 hoc
943 2267 999 2299 eo
1055 2251 1189 2314 quod
1243 2251 1481 2299 lemmata
1535 2267 1681 2314 saepe
1731 2269 1828 2300 non

139 2323 288 2385 plena
334 2339 438 2372 esse
485 2325 734 2386 videmus,
777 2340 875 2373 non
923 2326 1031 2374 dico
1080 2341 1162 2373 eos
1208 2341 1378 2374 versus
1419 2327 1526 2387 qui,
1574 2327 1693 2388 quia
1730 2343 1830 2374 non

2 2453 11 2462 .
89 2429 94 2433 -
141 2398 463 2459 explicantur,
500 2400 608 2446 iure
649 2400 817 2448 omissi
856 2403 972 2449 sunt
1010 2400 1149 2449 velut
1190 2403 1237 2460 1,
1269 2401 1575 2459 124—127,
1623 2400 1708 2448 sed
1747 2415 1829 2449 eos

141 2473 227 2532 qui
274 2472 585 2534 explicantur
631 2475 680 2521 et
727 2473 918 2521 desunt.
995 2474 1181 2521 talibus
1220 2474 1357 2535 locis,
1397 2490 1607 2536 quorum
1645 2475 1835 2522 multos

139 2545 240 2592 iam
277 2547 330 2593 in
370 2547 586 2595 editione
623 2548 842 2609 expletos
872 2547 1115 2609 videbam,
1149 2548 1378 2610 supplere
1409 2549 1592 2596 lemma
1623 2548 1828 2596 adiectis

141 2633 252 2666 cum
290 2621 430 2668 uncis
470 2636 596 2683 quae
636 2621 814 2669 desunt
845 2637 942 2669 non
977 2621 1216 2669 dubitavi.
1276 2621 1531 2670 Donatum
1563 2624 1708 2683 enim,
1742 2623 1829 2684 qui

140 2691 443 2754 loquacitate
476 2695 623 2742 senili
653 2695 806 2743 verba
829 2695 1043 2759 Vergilii
1073 2696 1125 2742 in
1158 2710 1351 2744 cassum
1381 2699 1601 2758 repetere
1633 2696 1828 2757 soleret,

140 2767 634 2828 interpretationibus
688 2769 927 2817 lemmata
976 2771 1156 2817 trunca
1201 2769 1408 2834 praefigi
1454 2770 1672 2818 voluisse
1717 2786 1828 2831 per-

141 2839 344 2887 suadere
389 2841 512 2889 mihi
557 2858 657 2891 non
703 2845 942 2904 poteram.
1019 2859 1109 2892 nec
1155 2843 1332 2892 desunt
1376 2843 1475 2891 loci
1519 2843 1607 2890 ubi
1646 2846 1829 2893 omissa

141 2912 388 2963 lemmatis
440 2929 557 2978 pars
610 2916 818 2965 inferius
867 2918 1143 2979 repetatur,
1196 2918 1454 2979 tamquam
1501 2933 1651 2979 supra
1697 2917 1829 2966 adsit

141 2987 201 3033 cf.
243 2988 292 3048 2,
326 2989 445 3036 774.
487 2990 535 3053 6,
568 2991 689 3039 851.
769 3006 867 3052 qua
911 2991 964 3038 in
1008 3007 1062 3039 re
1108 2990 1235 3038 illud
1281 2992 1433 3039 etiam
1471 2991 1828 3040 attendendum
