2014 3226
736 178 1039 222 AENEIDOS
1074 179 1092 220 Ι
1659 179 1758 229 1οῙ

70 320 178 369 vult
225 320 479 380 consequi,
527 318 622 365 nisi
670 321 759 379 qui
805 320 997 366 alienus
1046 322 1120 366 est
1162 335 1190 365 a
1230 319 1616 382 cogitationibus
1657 321 1763 366 vio-

69 395 265 443 lentiae.
345 395 394 440 et
448 393 539 440 hoc
598 393 729 453 quod
790 396 1033 440 venerunt
1095 393 1280 440 adserit
1341 410 1440 440 non
1503 394 1762 440 voluntate

71 468 346 529 cuiuspiam
393 468 601 526 factum,
651 466 735 514 sed
782 468 833 513 vi
880 469 1030 514 maris
1073 470 1121 514 et
1161 469 1452 515 necessitate
1492 468 1764 526 turbinum,

71 541 246 604 quibus
280 540 541 588 constabat
573 540 813 588 Troianos
853 558 951 589 non
991 542 1093 588 iam
1126 542 1316 590 venisse
1350 542 1411 588 ad
1446 540 1762 604 Carthaginis

22 633 47 667 ε
70 617 248 678 partis,
303 614 388 662 sed
443 614 507 661 ad
563 613 878 678 Carthaginis
945 615 1095 663 litora
1157 617 1504 679 naufragantis
1568 615 1763 664 eiectos.

68 689 237 737 multis
276 688 432 752 igitur
472 688 688 736 ostendit
728 704 870 736 suam
909 705 1211 750 suorumque
1250 692 1602 750 innocentiam,
1635 705 1760 750 quae

69 765 234 812 omnia
289 763 494 810 fortiore
550 765 843 826 argumento
900 764 1176 812 cumulavit
1230 763 1435 811 dicendo
1489 768 1556 811 est
1601 765 1747 818 loeus,
1766 767 1852 806 530

0 826 1 873 l
67 838 360 897 Hesperiam
409 836 537 884 Grai
583 838 858 896 coenomine
905 839 1091 893 dieunt,
1139 841 1272 885 terra
1318 840 1544 898 antiqua,
1590 842 1764 897 potens

69 913 222 959 armis
262 914 403 971 atque
433 912 577 958 abere
605 911 819 970 ylaebae,
856 911 1051 959 Oenotri
1084 913 1270 959 coluere
1301 914 1422 960 viri:
1460 927 1592 959 nuno
1622 914 1763 971 fama

13 1001 47 1034 ιο
69 987 275 1033 minores
306 985 512 1032 Italiam
543 985 724 1033 dixisse
755 987 893 1033 ducis
925 987 983 1033 de
1012 988 1206 1033 nomine
1233 990 1432 1046 yentem.
1484 987 1561 1034 hie
1592 999 1764 1033 etc-rsus

68 1061 176 1119 fuit,
218 1073 326 1106 omn
365 1059 519 1106 subito
560 1061 830 1119 adsumens
868 1062 1020 1118 fluctu
1056 1062 1305 1108 nimbosus
1344 1060 1495 1108 Orion
1533 1062 1587 1107 in
1618 1061 1750 1108 vada
1767 1065 1853 1104 535

70 1148 210 1181 caeca
250 1132 359 1179 tulit
387 1134 680 1192 penitusque
710 1135 1004 1193 procacibus
1044 1137 1227 1182 austris
1258 1151 1445 1194 perque
1483 1136 1646 1182 undas
1685 1149 1765 1181 su-

61 1211 266 1268 perante
303 1208 408 1254 salo
438 1222 624 1267 perque
662 1209 802 1255 invia
840 1222 965 1257 saxa
1004 1208 1228 1268 dispulit,
1276 1210 1368 1256 huo
1398 1210 1554 1269 pauci
1592 1209 1766 1256 vestris

70 1282 364 1329 adnavimus
395 1283 506 1329 oris.
560 1283 610 1329 et
640 1282 861 1330 locorum
895 1285 945 1330 et
975 1283 1233 1330 hominum
1266 1281 1585 1347 Carthaginis
1616 1283 1766 1345 plena

19 1371 47 1406 5
71 1355 386 1414 deformatio,
434 1355 519 1403 sed
565 1372 665 1403 non
713 1359 899 1418 aperta.
976 1373 1093 1404 nam
1132 1373 1244 1404 cum
1282 1357 1458 1405 laudat
1495 1357 1654 1419 partis
1703 1355 1768 1404 ad

71 1445 192 1490 quas
227 1429 477 1491 tendebat,
510 1431 581 1478 sic
611 1430 713 1479 illis
746 1431 953 1494 derogat
985 1431 1049 1479 ad
1081 1447 1204 1493 quas
1235 1433 1425 1479 invitus
1458 1433 1643 1479 eiectus
1676 1433 1766 1479 est.

68 1503 276 1564 ibamus,
306 1503 487 1565 inquit,
521 1504 584 1551 ad
623 1506 837 1566 optimas
876 1507 1034 1553 terras
1073 1506 1270 1567 Italiae,
1301 1505 1479 1553 uberes
1519 1509 1569 1554 et
1601 1506 1766 1567 copio-

70 1592 170 1638 sas,
226 1593 349 1639 quas
405 1578 575 1625 colunt
623 1576 830 1626 Oenotri
883 1579 981 1627 viri
1037 1581 1123 1641 qui
1174 1595 1305 1627 nunc
1349 1581 1470 1627 Itali
1518 1579 1767 1639 dicuntur,

70 1651 247 1714 optimi
293 1653 466 1713 utique
514 1655 563 1699 et
609 1652 886 1714 praecipui,
933 1653 1019 1701 sed
1066 1653 1306 1703 existente
1346 1653 1544 1702 Orionis
1593 1653 1767 1713 sidere,

20 1740 49 1774 το
72 1726 175 1774 sine
207 1725 359 1773 dubio
392 1726 600 1774 adversa
623 1727 827 1775 fortuna
850 1730 1165 1792 expugnante
1191 1728 1503 1777 commodum
1526 1730 1766 1787 nostrum,

71 1814 182 1847 cum
226 1800 495 1848 violentiae
542 1802 711 1865 pelagi
756 1817 857 1849 non
899 1802 1176 1851 valeremus
1217 1802 1469 1863 obsistere,
1508 1804 1562 1849 in
1601 1805 1766 1850 vestra

71 1873 219 1921 litora
271 1874 365 1922 hoc
411 1877 486 1922 est
531 1876 586 1923 in
631 1876 926 1924 solitudines
981 1878 1033 1924 et
1084 1877 1382 1924 horrendam
1438 1877 1768 1924 desertionem

73 1963 238 1996 sumus
285 1948 498 2010 adpulsi.
576 1951 688 2011 quis
735 1965 853 2013 ergo
899 1951 1088 2000 relictis
1142 1951 1430 1999 melioribus
1483 1952 1652 2014 pergit
1704 1950 1769 1998 ad

73 2021 333 2083 deteriora,
364 2023 463 2071 nisi
495 2024 580 2084 qui
611 2039 711 2072 non
743 2040 846 2084 suo,
878 2024 965 2072 sed
997 2025 1204 2073 arbitrio
1238 2024 1538 2088 conpellitur
1569 2022 1767 2073 alieno?

23 2107 52 2145 t
74 2096 118 2144 si
159 2096 317 2159 igitur
361 2113 461 2145 non
508 2100 683 2159 sponte
725 2100 973 2160 venimus,
1024 2101 1232 2162 apparet
1276 2115 1366 2147 nos
1409 2099 1605 2147 nullum
1642 2099 1767 2146 infe-

71 2168 253 2229 rendae
292 2171 561 2220 violentiae
602 2172 824 2220 studium
862 2189 1045 2236 gerere.
1118 2175 1207 2235 qui
1245 2175 1378 2222 enim
1415 2173 1538 2221 haec
1577 2173 1769 2236 cogitat

73 2242 322 2292 destinata
359 2245 470 2293 loca
510 2248 560 2293 et
600 2245 663 2293 ad
701 2246 940 2308 praedam
979 2247 1224 2310 disposita
1256 2249 1430 2310 sponte
1463 2247 1767 2311 adgreditur,

75 2320 247 2378 sponte
286 2321 512 2381 occupat,
551 2322 727 2382 sponte
766 2321 962 2369 invadit
1001 2323 1051 2370 et
1090 2321 1284 2384 aliquid
1314 2322 1458 2386 eligit
1487 2322 1542 2369 in
1573 2337 1671 2383 quo
1702 2322 1768 2368 sit

74 2389 271 2440 uberior
315 2393 514 2454 praeda.
592 2394 978 2457 descriptionem
1016 2397 1270 2460 naufragii
1307 2411 1409 2444 non
1446 2395 1635 2444 frustra
1679 2410 1768 2457 po-

25 2467 56 2517 b
76 2465 196 2525 suit3
257 2482 374 2514 nam
426 2467 574 2517 huius
628 2468 840 2517 adiectio
893 2469 1062 2531 potuit
1112 2485 1310 2519 movere
1361 2469 1768 2518 misericordiam.

193 2582 219 2620 2
250 2585 471 2624 venerumt
499 2580 542 2622 R
572 2585 791 2624 venerant
819 2580 855 2623 L
887 2581 959 2624 ed.
1003 2582 1009 2638 Ι
1060 2582 1232 2625 adserit
1263 2595 1351 2625 om.
1378 2582 1449 2625 ed.
1501 2583 1508 2636 1
1556 2594 1651 2624 non
1683 2579 1769 2622 LR

31 2610 50 2690 Ἰ
75 2647 170 2680 non
198 2643 307 2682 esset
336 2638 408 2682 ed.
539 2644 565 2683 5
596 2641 922 2684 sed—eiectos
953 2640 1162 2697 corrupit
1192 2640 1263 2685 ed.
1394 2645 1423 2684 8
1458 2640 1598 2684 Graii
1627 2638 1662 2681 L
1694 2638 1768 2682 ed.

36 2692 58 2772 ξ
77 2692 135 2737 cf.
171 2699 270 2764 457.
393 2701 418 2740 9
455 2698 660 2743 Oenotrii
689 2699 724 2741 L
757 2699 829 2742 ed.
861 2699 1009 2744 enotri
1038 2699 1080 2742 R
1204 2704 1258 2743 10
1289 2700 1363 2744 hic
1393 2699 1478 2742 LR
1517 2699 1605 2743 hue
1636 2697 1708 2742 ed.

37 2756 131 2830 iu
164 2755 292 2809 flecta
321 2755 363 2799 R
395 2771 508 2800 corr.
541 2772 576 2801 r.
701 2762 757 2801 14
789 2758 1049 2803 adnavibus
1078 2758 1120 2801 R
1153 2771 1267 2802 corr.
1299 2774 1335 2802 r.
1446 2762 1500 2802 18
1532 2758 1770 2802 coluerunt

37 2811 148 2889 ted.
278 2818 332 2858 19
364 2816 510 2861 sidere
541 2816 627 2859 LR
657 2817 815 2862 scelere
846 2816 919 2860 ed.
1052 2822 1108 2862 21
1135 2818 1295 2876 pelayi
1324 2817 1411 2860 LR
1437 2817 1604 2874 playae
1635 2816 1706 2859 ed.

35 2873 135 2964 ,324
165 2872 333 2917 terim-a
363 2874 450 2918 LR
482 2889 596 2920 corr.
628 2875 665 2919 L
687 2876 877 2920 H man.
909 2891 934 2920 r
965 2876 1035 2920 ed.
1144 2881 1201 2921 25
1231 2891 1316 2921 nos
1345 2877 1527 2921 mdlum
1556 2875 1644 2918 LR
1673 2889 1769 2919 non

36 2929 364 3226 Ιῖῖὲιτέοξὲΐέ
382 2934 685 3036 ΙθὶἆιῙωὌπᾶαε
708 2948 797 2979 om,
815 2934 888 2979 ed.
974 2939 1030 2979 26
1054 2936 1164 2980 haee
1186 2935 1272 2979 LR
1295 2937 1376 2980 hoe
1400 2935 1471 2980 ed.
1559 2939 1615 2979 28
1639 2936 1771 2992 elegit
