2014 3226
196 167 305 219 232
663 166 895 210 DONATI
924 165 1203 209 INTERPR.
1237 166 1416 210 VERG.

197 323 304 355 eum
357 309 487 367 ferro
543 309 754 354 accisam
816 307 1084 366 crebrisque
1146 307 1432 365 bipennibus
1483 307 1668 354 instant
1721 322 1887 355 eruere

198 383 438 442 ayrieolae
478 382 705 435 certatim,
747 381 835 427 illa
873 394 1024 439 usque
1061 382 1279 427 minatur
1320 384 1361 427 et
1391 382 1668 440 tremefacta
1701 395 1885 429 comam

109 460 195 500 630
213 469 437 503 concusso
491 456 662 501 vertice
715 457 875 510 nutat,
930 455 1211 501 vulneribus
1257 455 1404 502 donec
1441 456 1689 514 paulatim
1735 457 1885 503 evicta

195 544 475 589 supremum
507 529 773 588 conqemuit
802 530 1042 586 traxitque
1079 530 1208 587 iuyis
1248 529 1422 576 avulsa
1459 530 1682 576 ruinam:
1725 530 1883 576 omnis

194 605 291 650 ista
330 603 619 663 conparatio
658 603 837 649 emissa
877 603 964 663 est,
997 604 1053 648 ut
1093 602 1375 649 ostenderet
1407 606 1594 663 quanta
1625 605 1676 650 vi
1708 603 1883 650 civitas
1930 619 1950 652 5
1983 612 1985 658 ξ

196 692 306 723 cum
355 678 455 723 suis
496 674 671 737 opibus
712 675 1017 723 concidisset.
1097 677 1326 723 descendo
1366 677 1627 724 abducente
1665 678 1780 724 dea:
1830 676 1885 724 in
1980 663 1985 717 ἶ

195 751 338 798 (101110
396 751 527 796 enim
573 749 763 796 Priami
816 765 866 797 se
921 750 1115 797 dixerat
1163 750 1316 797 fuisse
1365 751 1692 798 constitutum
1738 753 1787 798 et
1832 751 1885 797 in

195 839 385 872 summa
433 823 535 871 eius
581 826 747 884 parte⁷
799 824 886 870 alii
924 823 1054 871 unde
1094 839 1144 871 se
1186 827 1273 871 aut
1311 824 1607 885 praecipites
1647 823 1885 872 dederant

194 901 280 944 aut
309 897 621 945 tradiderant
652 898 877 945 fiammis.
940 897 1124 945 idcirco
1156 899 1315 945 iratus
1355 898 1482 946 dixit
1518 897 1759 946 descendo
1801 898 1884 944 ab-

193 971 399 1018 ducente
439 972 531 1018 dea
570 974 626 1018 ut
664 972 923 1020 voluntate
961 973 1136 1019 matris
1184 971 1424 1019 abductus
1472 975 1521 1019 et
1566 973 1883 1033 persuasione
1909 989 1953 1022 10

191 1049 429 1107 receptus.
485 1047 739 1104 flammam
770 1048 894 1093 inter
926 1050 969 1093 et
997 1047 1144 1092 hostis
1176 1046 1413 1105 expedior,
1446 1047 1568 1093 dant
1605 1047 1699 1094 tela
1731 1047 1886 1093 Iocum

190 1122 509 1178 flammaeque
556 1120 804 1167 recedunt:
852 1119 971 1181 quid
1011 1120 1143 1167 enim
1182 1119 1274 1167 dea
1313 1121 1392 1168 vel
1430 1120 1642 1167 maxime
1681 1123 1887 1182 propter

190 1193 350 1240 filium
380 1194 607 1255 conplere
639 1210 739 1241 non
770 1195 938 1256 posset
967 1210 1092 1255 quae
1125 1194 1317 1241 dixerat
1349 1209 1623 1255 „nusquam
1656 1194 1803 1242 abero
1835 1196 1886 1242 et
1980 1255 1981 1258 Ἴ

190 1270 356 1315 tutum
393 1269 558 1329 patrio
597 1271 647 1316 te
686 1268 858 1315 limine
905 1265 1149 1315 3131411119ιι
1227 1271 1367 1328 atque
1416 1270 1500 1315 ubi
1546 1271 1648 1316 iam
1686 1270 1886 1328 patriae

103 1347 186 1386 635
197 1345 485 1401 perventum
531 1342 598 1389 ad
643 1343 817 1389 limina
853 1343 982 1389 sedis
1022 1344 1341 1402 antiquasque
1381 1343 1568 1390 domos:
1623 1357 1731 1390 ecce
1771 1358 1883 1389 con·
1910 1357 1953 1392 15

188 1416 379 1477 pletum
427 1417 501 1463 est
547 1417 847 1478 promissum
891 1417 1092 1476 matris,
1143 1418 1282 1463 tutus
1321 1416 1516 1464 Aeneas
1554 1418 1783 1477 pervenit
1822 1416 1885 1463 ad

188 1491 405 1551 patriam
453 1489 666 1537 domum.
741 1492 949 1550 yenit-or,
998 1505 1136 1550 quem
1183 1491 1344 1538 tollere
1391 1493 1443 1537 in
1490 1489 1613 1538 altos
1659 1491 1886 1550 optabam

179 1564 402 1623 primum
448 1566 624 1611 montis
663 1566 977 1624 primumque
1014 1564 1253 1624 petebam,
1293 1566 1499 1624 abneyat
1538 1566 1696 1612 excisa
1734 1566 1884 1612 vitam

179 1639 449 1697 producere
490 1638 640 1686 Troia
681 1639 969 1698 exiliumque
998 1641 1135 1698 pati:
1172 1638 1294 1699 ipse,
1332 1639 1512 1699 inquit,
1551 1641 1697 1700 pater
1730 1653 1883 1698 meus,
1959 1638 1967 1693 ’ς

190 1728 336 1773 quem
381 1712 599 1774 primum
643 1713 738 1760 hoc
783 1715 858 1760 est
906 1714 1020 1759 ante
1069 1713 1228 1760 omnis
1275 1712 1487 1760 liberare
1535 1713 1796 1774 cupiebam
1835 1716 1885 1760 et
1907 1729 1970 1765 2⁰4.

189 1787 406 1848 primum
445 1786 510 1834 ad
546 1788 791 1834 montium
823 1788 937 1834 tuta
966 1787 1237 1834 transferre
1278 1780 1376 1852 (bis
1409 1787 1536 1833 dixit
1565 1787 1797 1848 primum,
1828 1789 1884 1834 ut
1965 1796 1970 1823 ἱ

188 1860 390 1921 plenum
423 1875 540 1924 erga
569 1863 765 1923 patrem
795 1862 1098 1909 monstraret
1121 1854 1411 1927 adfectum),
1442 1862 1645 1924 negavit
1676 1875 1726 1908 se
1758 1861 1884 1909 velle

190 1934 354 1982 vivere
401 1937 516 1996 post
562 1934 806 1982 excidium
845 1935 1024 1982 Troiae
1070 1934 1257 1982 faciens
1298 1935 1704 1997 conparationem
1741 1949 1882 1996 prae-

189 2009 405 2055 sentium
452 2010 501 2056 et
547 2009 832 2056 futurorum
876 2009 1152 2070 meliusque
1192 2024 1296 2057 esse
1337 2008 1579 2057 disserens
1618 2008 1670 2055 in
1710 2010 1883 2056 cineri·
1964 2060 1967 2062 ,

188 2081 278 2129 bus
325 2082 517 2144 patriae
563 2083 693 2131 mori
739 2099 888 2144 quam
934 2083 1216 2145 prolixitati
1261 2082 1396 2131 vitae
1445 2082 1508 2130 ad
1553 2083 1725 2144 peiora
1773 2098 1882 2144 per·
1907 2076 1995 2157 2⁵33·

188 2156 391 2203 ferenda
423 2157 690 2204 consulere.
746 2157 869 2204 dicit
897 2157 1000 2204 iam
1031 2158 1192 2219 patris
1225 2157 1303 2204 sui
1333 2156 1485 2204 verba
1518 2156 1695 2218 quibus
1726 2156 1885 2205 veluti
1960 2158 1987 2222 3³2

188 2230 319 2277 iusta
357 2230 684 2291 praetendens
722 2230 924 2279 nolebat
965 2230 1238 2278 abscedere.
1301 2245 1384 2279 ros
1416 2245 1456 2286 o,
1491 2232 1666 2291 quibus
1706 2232 1884 2291 integer

101 2308 187 2347 640
205 2303 312 2351 aevi
355 2306 581 2364 sanquis,
629 2306 720 2360 ait,
766 2306 1041 2365 solidaeque
1085 2319 1172 2352 suo
1219 2308 1351 2352 stant
1393 2305 1563 2353 robore
1603 2307 1754 2361 vires,
1799 2319 1883 2352 vos
1955 2298 1960 2323 2

189 2379 368 2438 aqitate
411 2379 607 2438 fuqam:
661 2379 871 2441 fugiant,
910 2379 1091 2440 inquit,
1132 2378 1312 2440 quibus
1353 2379 1496 2426 offert
1533 2380 1739 2426 iuventa
1781 2379 1881 2426 suf·

187 2451 405 2514 fragium
453 2454 503 2500 et
540 2452 746 2515 longum
781 2453 984 2501 vivendi
1022 2454 1243 2515 spatium
1281 2455 1497 2514 sperant,
1538 2454 1625 2514 qui
1661 2452 1880 2500 laborem

1985 1386 1989 1446 ἕ

310 2625 336 2664 5
367 2622 471 2678 ipsa
501 2621 588 2664 LR
619 2622 690 2665 ed.
723 2623 814 2667 ista
843 2638 876 2666 rr
896 2636 994 2666 nos.
1095 2628 1120 2666 6
1154 2622 1403 2667 adducente
1433 2622 1520 2666 LR
1550 2624 1616 2679 (et
1645 2621 1770 2664 infra
1799 2620 1883 2666 ad-

189 2681 377 2725 ducente
416 2683 463 2724 et
502 2681 744 2737 adductus)
783 2696 839 2726 ae
870 2682 1056 2727 ducente
1087 2682 1188 2735 cdl,
1228 2681 1311 2725 sed
1342 2682 1454 2738 quia
1486 2695 1542 2726 ae
1571 2680 1696 2724 infra
1725 2680 1882 2725 locum

189 2752 284 2782 non
308 2739 464 2794 habet,
491 2741 740 2784 abducente
764 2740 932 2797 scripsi
957 2755 1063 2784 cum
1087 2741 1197 2785 edF.
1293 2745 1316 2784 ‘1
1348 2755 1395 2785 se
1424 2741 1608 2785 dixerat
1636 2740 1672 2783 L
1704 2740 1748 2783 d.
1771 2753 1818 2784 se
1838 2738 1883 2783 R

187 2812 233 2842 se
257 2811 345 2842 om.
357 2799 428 2842 ed.
491 2803 518 2842 8
542 2799 664 2843 unde
686 2813 732 2844 se
754 2800 890 2844 autL
913 2815 959 2844 u.
977 2814 1011 2844 s.
1030 2805 1072 2844 et
1095 2800 1166 2844 ed.
1186 2801 1273 2845 alii
1295 2814 1340 2843 u.
1358 2814 1392 2843 s.
1412 2804 1453 2843 et
1474 2799 1528 2843 R.
1594 2804 1647 2842 11
1680 2804 1883 2854 receptus
1944 2843 1947 2850 s

190 2857 274 2900 LR
298 2857 369 2902 ed.
402 2857 476 2901 vel
505 2872 735 2914 repressus
765 2859 923 2902 adnot.
955 2856 1008 2903 r'.
1133 2864 1188 2902 14
1219 2864 1316 2904 tuto
1346 2858 1434 2902 LR
1463 2860 1625 2915 (supra
1654 2859 1833 2914 tutuaen).
1871 2858 1876 2916 Ι

188 2922 322 2972 atque
344 2916 432 2960 LR
455 2922 527 2962 ast
549 2917 620 2960 ed.
698 2922 754 2960 22
779 2918 957 2962 necavit
978 2918 1066 2962 LR
1089 2932 1204 2963 corr.
1221 2933 1255 2961 r
1337 2922 1393 2962 25
1411 2918 1682 2974 prolixitate
1699 2917 1784 2960 LR.
1806 2915 1879 2960 ed.
1940 2951 1948 2974 ,-

189 2976 247 3019 -ti
275 2989 300 3019 1·
329 2989 426 3020 nos.
522 2980 578 3020 2⁷
602 2977 950 3032 praetendimus
980 2977 1030 3022 L.
1125 2981 1181 3021 30
1213 2982 1255 3022 et
1285 2977 1371 3020 LR
1402 2983 1443 3022 et
1473 2978 1555 3034 qui
1584 2976 1655 3020 ed.
