2014 3226
0 129 2 272 J
743 174 1045 219 AENEmos
1083 175 1140 218 v1
1691 179 1798 230 539

111 330 207 376 que
239 313 334 361 sibi
365 313 499 360 ultro
532 312 789 360 funereum
821 317 1107 376 procuravit
1139 315 1428 377 obsequium
1463 333 1588 377 quae
1624 317 1799 366 salutis

111 403 228 436 suae
267 389 462 448 tempus
502 386 716 448 abrupit.
785 403 912 447 pars
959 390 1140 449 umenti
1190 391 1377 437 subiere
1422 391 1620 449 feretro,
1670 393 1800 438 triste

110 462 461 519 ministerium;
498 460 690 508 ferendi
721 463 903 523 quippe
938 464 1122 510 funeris
1158 464 1488 511 ministerium
1519 465 1799 512 luctuosum

0 594 1 599 ¹
112 538 185 583 est
225 537 274 583 et
313 551 369 583 eo
408 534 567 598 magis
607 534 660 581 in
699 535 877 583 Miseni
916 536 1174 598 obsequio,
1221 537 1307 585 ubi
1354 538 1520 585 nullus
1569 540 1675 586 erat
1716 540 1800 599 qui

66 625 87 658 5
110 625 208 657 non
258 609 468 669 doleret3
527 607 687 656 adhuc
729 611 859 656 enim
899 612 1101 658 extrarii
1149 611 1370 658 adhiberi
1419 627 1515 658 non
1563 627 1798 660 convene-

109 685 247 744 runt,
288 682 374 730 sed
411 682 490 729 illi
521 682 609 743 qui
646 685 854 743 possunt
892 684 1091 746 requiri.
1170 689 1211 732 et
1248 686 1508 733 subiectam
1547 701 1676 734 more
1706 702 1800 746 pa·

110 759 300 804 rentum
340 757 500 804 aversi
540 760 732 803 tenuere
762 758 945 816 facem:
982 759 1132 819 prisci
1165 760 1295 806 enim
1327 774 1435 806 cum
1468 760 1635 822 ignem
1667 761 1800 823 rogis

110 832 373 891 inferrent,
420 845 519 877 non
559 830 648 879 sub
690 830 845 878 oculis
892 833 992 880 suis
1040 835 1242 894 propter
1287 833 1570 894 pellendum
1617 833 1799 881 doloris

111 906 448 968 augmentum,
488 904 571 952 sed
605 920 633 951 a
665 906 805 968 tergo
839 920 941 965 suo,
982 908 1037 952 ut
1069 906 1266 966 dicitur,
1306 907 1437 955 faces
1470 907 1798 968 adponebant.

44 994 87 1028 ιο
110 982 330 1040 couyesta
370 982 646 1026 cremantur
685 982 824 1026 turca
863 979 1006 1035 dona,
1046 981 1211 1040 dapeS,
1251 982 1362 1040 fuso
1402 984 1607 1029 crateres
1638 982 1785 1028 olivo:
1802 986 1888 1026 225

0 1088 1 1142 1
110 1053 340 1100 meritum
379 1053 565 1100 mortui
611 1052 664 1099 in
703 1053 975 1115 specierum
1023 1053 1330 1101 abundantia
1376 1054 1704 1116 probabatur,
1752 1057 1801 1102 et

111 1142 221 1174 cum
260 1142 357 1174 non
398 1126 584 1174 dicitur
621 1129 820 1175 tantum
858 1129 985 1176 turis
1026 1131 1267 1189 quantum
1307 1129 1446 1187 solet,
1484 1129 1595 1190 plus
1635 1131 1801 1190 potest

110 1201 283 1248 sentiri
343 1216 493 1262 quam
543 1200 805 1249 constabat
854 1201 1130 1263 inpensum.
1213 1201 1419 1263 proinde
1467 1204 1568 1262 tus,
1623 1203 1800 1263 inquit,

10 1325 27 1333 μ
110 1276 399 1338 congestum
438 1275 531 1322 hoc
571 1276 646 1322 est
684 1275 939 1337 copiosum
979 1275 1223 1323 traditum
1262 1275 1474 1323 flammis
1515 1276 1720 1323 ardebat
1751 1278 1801 1323 et

0 1362 1 1365 ’
44 1363 86 1398 15
110 1349 273 1396 oleum
304 1365 403 1396 non
435 1348 695 1410 paulatim,
728 1347 813 1396 sed
844 1349 995 1397 semel
1020 1349 1154 1397 cadis
1186 1350 1405 1397 infusum
1430 1350 1658 1397 incendia
1688 1351 1800 1412 ipsa

110 1422 410 1470 cumulabat.
479 1426 739 1483 postquam
780 1423 999 1483 conlapsi
1044 1425 1227 1471 cincws
1273 1427 1317 1471 et
1360 1425 1562 1483 flamma
1608 1425 1800 1484 quievit,

16 1560 18 1562 Ι
108 1498 339 1558 reliquias
370 1497 482 1544 vino
523 1500 566 1544 et
603 1497 819 1544 bibulam
858 1497 1019 1545 lavere
1063 1497 1313 1557 favillam:
1361 1497 1447 1544 ubi
1494 1497 1798 1559 consumptis

107 1570 341 1619 membris
381 1571 584 1619 recessit
620 1570 820 1618 flamma
868 1573 918 1618 et
964 1573 1126 1619 totum
1170 1572 1224 1619 in
1264 1571 1449 1619 cineres
1487 1587 1687 1619 versum
1726 1573 1800 1620 est

109 1644 239 1706 quod
281 1644 502 1705 ardebat,
541 1646 657 1693 vino
699 1644 925 1692 ablutum
965 1647 1039 1693 est
1078 1645 1211 1707 quod
1251 1645 1414 1692 fuerat
1453 1644 1798 1709 colligendum.

0 1732 86 1778 &¹⁰
109 1733 312 1779 ossaque
350 1719 483 1773 lecta,
524 1719 654 1767 lecta
694 1735 752 1766 ex
792 1718 1039 1767 cineribus
1078 1719 1328 1782 lignorum
1368 1720 1418 1766 et
1456 1721 1641 1779 carniS,
1680 1718 1800 1767 cado

109 1794 222 1841 texit
255 1792 537 1854 Corynaeus
567 1807 711 1841 aeuo:
742 1794 794 1840 in
827 1792 1003 1841 cadum
1036 1808 1243 1841 aeneum
1276 1791 1557 1854 Corynaeus
1590 1793 1800 1841 coniecit

109 1869 160 1916 et
203 1867 331 1915 texit
376 1866 638 1928 reliquias,
705 1881 814 1915 ossa
869 1866 995 1913 dixit
1050 1882 1178 1928 quae
1237 1883 1335 1915 non
1392 1869 1800 1929 consumpserant

12 1953 25 1959 ·
108 1941 359 2004 flammae3
420 1941 543 1989 haec
598 1941 728 1988 enim
791 1941 896 1989 sola
959 1940 1219 2002 sepulchro
1280 1940 1424 1988 condi
1487 1943 1799 1989 consuerunt.

13 2024 20 2077 ζ
108 2016 236 2064 idem
273 2018 344 2063 ter
381 2016 536 2064 socios
563 2030 702 2075 pura
749 2015 1041 2063 circumtulit
1084 2014 1223 2062 unda
1267 2029 1501 2076 spargens
1546 2029 1655 2063 rore
1693 2015 1785 2063 levi
1803 2019 1888 2059 230

42 2102 87 2138 ιε
112 2093 153 2137 ct
189 2103 329 2138 ramo
366 2088 521 2149 felicis
559 2090 713 2137 olivae
744 2088 1061 2149 lustravitque
1092 2089 1262 2136 domus
1294 2088 1505 2148 dixitque
1535 2090 1800 2136 novissima

0 2152 22 2220 3:
109 2163 280 2212 verba:
342 2162 580 2225 quoniam
635 2178 785 2225 supra
838 2163 964 2210 dixit
1018 2164 1304 2224 „totamque
1361 2163 1573 2210 incestat
1630 2163 1800 2210 funere

0 2231 25 2294 ,ζ’
109 2235 362 2298 classem“,
421 2237 504 2285 hic
558 2237 891 2300 expiationem
946 2236 1166 2284 omnium
1219 2235 1664 2299 purgationemque
1720 2236 1800 2284 de·

12 2307 30 2410 Ξ
110 2310 304 2372 scribit,
344 2327 470 2373 quae
508 2310 566 2359 fit
605 2327 662 2360 eo
701 2310 804 2358 ritu
843 2325 942 2372 quo
983 2308 1295 2372 Corynaeum
1339 2309 1513 2358 fecisse
1563 2309 1800 2369 adseruit,

229 2515 258 2555 4
288 2512 477 2557 misenio
501 2511 555 2555 V.
649 2515 675 2554 5
708 2510 902 2555 extrarii
925 2510 1132 2555 adhiberi
1154 2514 1457 2555 convenerunt
1479 2509 1520 2552 V
1544 2522 1637 2554 non
1661 2521 1799 2553 sensu

109 2569 402 2628 postulatum
432 2570 630 2624 inserui,
670 2572 826 2614 cetera
857 2570 1039 2613 mutare
1071 2582 1164 2612 non
1196 2581 1336 2612 ausus
1368 2582 1469 2612 sum
1500 2569 1725 2612 extrarios
1754 2582 1797 2611 a.

110 2634 379 2676 convenerat
408 2630 480 2675 ed.
598 2634 624 2673 6
656 2629 754 2673 illic
782 2629 864 2673 ubi
892 2634 1081 2684 possunt
1111 2628 1335 2685 repperiri
1363 2627 1406 2671 V
1437 2627 1508 2671 ed.
1541 2626 1799 2681 emendavi,

111 2689 224 2746 quia
259 2689 526 2734 absurdum.
671 2692 698 2732 8
729 2688 988 2743 inferebant
1018 2686 1089 2732 ed.
1237 2691 1288 2730 11
1323 2686 1614 2731 abundantia
1646 2683 1685 2727 V
1714 2685 1798 2740 fla-

108 2749 298 2808 yrantia
329 2749 401 2794 ed.
452 2752 458 2804 Ι
513 2748 738 2805 probatur
767 2747 839 2791 ed.
990 2751 1043 2790 12
1075 2750 1298 2803 quantum
1328 2746 1475 2790 thun's
1506 2747 1725 2802 quantum
1756 2743 1799 2787 V

110 2821 227 2852 corr.
259 2807 332 2852 ed.
487 2812 541 2852 15
572 2807 705 2852 cades
734 2806 790 2851 V.
943 2809 1000 2849 20
1030 2818 1190 2850 omes
1218 2804 1262 2849 V
1299 2803 1583 2861 (huiusmodi
1623 2815 1799 2847 errores

51 2891 53 2894 .
111 2879 252 2924 saepe
283 2868 533 2911 occurrunt
569 2866 620 2910 in
648 2865 722 2923 V).
875 2869 929 2908 21
971 2865 1179 2909 coo-incus
1216 2862 1339 2908 infra
1375 2876 1595 2920 eoryneus
1623 2861 1679 2906 V.

112 2929 170 2970 23
207 2931 535 2971 consueverunt
572 2924 644 2970 ed.
797 2928 852 2968 25
892 2923 1053 2968 dmnue
1088 2922 1131 2967 V
1169 2923 1323 2967 domos
1361 2921 1432 2967 ed.
1472 2922 1594 2966 viros
1630 2919 1799 2978 optimi

111 2983 250 3043 Verg.
281 2983 408 3040 libri,
441 2984 524 3029 sed
554 2982 943 3041 interpretatione
975 2981 1248 3026 affirmatur.
