2014 3226
751 170 1056 214 AENEIDOS
1089 170 1130 212 II
1689 173 1787 222 161

99 314 429 374 suspicionem
476 312 727 358 falsitatis,
808 312 879 358 ait
919 326 1034 373 ergo
1077 311 1176 357 iam
1217 313 1317 359 scio
1358 327 1435 358 me
1479 313 1793 362 moriturum.

99 403 209 434 cum
255 386 494 434 rettulero
544 387 732 432 omnia:
787 385 963 431 melius
1012 387 1086 432 est
1134 386 1448 433 conticiscere
1497 388 1547 432 et
1585 385 1792 433 Atridae

97 462 149 508 in
182 461 316 507 lucro
350 459 565 507 habeant
598 459 731 520 quod
763 462 952 506 secreta
983 460 1206 519 ipsorum
1238 475 1337 506 non
1372 457 1592 520 prodidi3
1633 475 1791 520 neque

98 536 230 582 enim
269 537 472 595 propter
510 550 662 579 unum
701 533 959 579 inimicum
999 532 1151 580 debeo
1193 534 1351 580 omnis
1391 548 1524 581 meos
1570 533 1791 594 prodere.

55 626 74 658 5
99 608 358 656 ordinatur
383 622 566 655 80118118
606 606 675 654 810
716 609 766 654 01
805 607 907 654 01118
948 606 1189 667 expositio
1229 607 1346 654 talis
1388 608 1482 654 est:
1538 607 1623 655 sed
1670 607 1790 668 quid

98 698 188 746 ego
235 681 568 742 nequicquam
614 681 814 728 revolvo
863 681 983 728 haec
1023 681 1114 728 hoc
1155 683 1228 728 est
1266 682 1439 740 refero,
1486 697 1611 742 quae
1660 681 1793 742 apud

98 772 183 804 vos
231 758 376 802 erunt
421 753 656 817 ingrata?
736 754 916 815 quidve
963 752 1163 802 moror?
1242 770 1327 801 cur
1381 754 1553 803 differo
1608 770 1792 816 poenas

96 845 229 877 meas
269 832 383 891 post
420 829 678 876 relationis
717 827 1010 876 beneficium
1050 829 1284 876 continuo
1334 827 1636 877 moriturus?
1714 830 1792 876 vel

98 904 216 965 quid
256 903 394 951 vobis
433 919 656 950 meorum
695 904 885 950 secreta
922 903 1149 962 referam,
1183 917 1304 963 quos
1338 903 1494 950 vicem
1535 903 1660 950 mihi
1691 904 1792 950 scio

34 995 74 1027 ιο
99 994 197 1026 11011
237 993 341 1024 0880
380 975 694 1024 reddituros?
772 977 894 1038 quin
932 976 1114 1038 potius,
1154 977 1196 1023 si
1236 977 1394 1025 omnis
1434 977 1651 1025 Achivos
1694 993 1792 1024 uno

98 1051 210 1099 odio
250 1052 619 1114 persequimini,
650 1051 903 1112 professus
943 1066 1052 1098 sum
1091 1050 1194 1097 iam
1233 1050 1420 1097 dudum
1458 1068 1535 1098 me
1574 1054 1794 1099 vestrum

97 1141 199 1173 esse
247 1126 525 1183 inimicum,
573 1125 753 1172 sumite
793 1125 852 1172 de
893 1125 1116 1172 confesso
1157 1124 1478 1185 supplicium,
1525 1142 1614 1172 nec
1654 1124 1792 1173 vobis

96 1199 188 1247 hoc
227 1199 490 1261 inputabo3
530 1215 673 1247 omne
714 1200 845 1246 enim
883 1199 1074 1245 malum
1112 1198 1235 1245 mihi
1274 1198 1405 1246 idem
1437 1198 1688 1247 videbitur
1718 1200 1791 1246 in-

95 1274 268 1321 tulisse
310 1273 397 1335 qui
437 1290 514 1319 me
555 1272 778 1335 quolibet
817 1275 963 1334 pacto
1005 1272 1274 1333 quaerebat
1314 1271 1546 1320 occidere.

8 1358 74 1397 ·'15
212 1348 338 1394 Tum
383 1361 494 1395 vero
542 1348 772 1395 ardemus
817 1348 985 1395 scitari
1033 1351 1075 1394 et
1120 1361 1351 1407 quaerere
1397 1362 1575 1395 causas
1614 1349 1777 1407 ve'anare‘
1799 1350 1880 1390 105

95 1422 327 1469 scelerum
365 1424 611 1468 tantorum
649 1424 865 1480 artisque
901 1420 1160 1480 Pelasqae:
1207 1421 1300 1469 hoc
1339 1421 1544 1483 consilio
1585 1436 1673 1468 nos
1715 1437 1793 1468 ac-

97 1495 261 1543 cendit
307 1495 541 1543 audiendi
587 1495 846 1543 desiderio.
924 1495 1136 1556 denique
1184 1494 1355 1542 scitari
1402 1497 1652 1556 coepimus
1700 1495 1793 1543 hoc

97 1573 171 1617 est
217 1571 472 1630 inpensius
521 1585 755 1631 quaerere
804 1572 854 1617 et
898 1571 1207 1633 interrogare
1255 1584 1442 1617 causas.
1522 1584 1671 1617 causa
1718 1572 1794 1617 est
1880 1586 1885 1590 ’

96 1647 300 1706 propter
346 1660 496 1705 quam
542 1643 598 1691 fit
638 1643 856 1705 aliquid3
910 1643 1038 1690 nihil
1078 1645 1210 1691 enim
1248 1643 1306 1690 fit
1343 1643 1442 1690 nisi
1482 1643 1613 1705 quod
1651 1659 1791 1705 prae-

30 1734 76 1768 8⁰
98 1717 240 1765 cedat
287 1732 436 1765 causa
481 1717 709 1765 faciendi.
787 1717 952 1781 ignari
998 1718 1238 1766 scelerum
1276 1719 1532 1766 tantorum
1571 1718 1791 1779 artisque

97 1791 356 1855 Pelasgae:
396 1807 501 1851 nos,
539 1792 721 1854 inquit,
755 1807 812 1839 ex
843 1794 1015 1839 nostra
1047 1791 1261 1853 simplici
1293 1795 1343 1839 01
1373 1792 1582 1840 honesta
1612 1793 1792 1839 natura

96 1865 365 1926 pendentes
399 1865 610 1914 Graecos
642 1882 761 1914 vera
794 1865 1029 1914 Sinonem
1059 1867 1199 1928 loqui
1232 1865 1612 1926 arbitrabamur,
1644 1881 1792 1927 porro

95 1942 263 1988 autern
307 1940 387 1987 illi
432 1955 601 1987 omnes
648 1940 809 1988 dolosi
848 1942 964 1987 sunt
1002 1955 1267 2002 omnesque
1307 1939 1534 1987 fallaces:
1588 1941 1793 1987 satiavit

97 2013 230 2075 quod
261 2015 334 2061 ait
366 2015 591 2075 superius
624 2014 716 2075 „ab
747 2030 848 2062 uno
881 2013 1012 2062 disce
1046 2011 1250 2062 omnis“.
1305 2015 1620 2074 prosequitur
1647 2016 1793 2073 pavi-

33 2102 74 2138 25
98 2091 230 2135 tans:
285 2089 596 2150 pavitantem
643 2087 874 2136 debemus
922 2089 1144 2150 accipere
1192 2091 1279 2136 aut
1326 2088 1558 2135 simulato
1609 2103 1792 2150 pavore

99 2162 381 2222 loquentem
419 2164 508 2210 aut
546 2177 659 2209 vere
693 2162 1007 2224 pavitantem
1037 2179 1098 2209 ne
1128 2162 1380 2210 titubante
1412 2163 1614 2225 linguae
1647 2177 1793 2209 cursu

97 2235 392 2284 insidiarum
423 2235 647 2298 deceptio
687 2238 986 2295 nasceretur,
1027 2251 1150 2298 quas
1190 2237 1293 2284 iam
1331 2235 1536 2284 videbat
1573 2237 1627 2282 in
1666 2238 1791 2283 tuto.

83 2312 142 2365 ,et
185 2311 292 2368 ficto
332 2313 524 2372 pectore
569 2311 730 2369 fatur:
789 2313 988 2372 pectore
1026 2309 1142 2358 ficto
1182 2311 1346 2372 coepit
1384 2310 1548 2372 loqui,
1585 2310 1679 2358 hoe
1718 2311 1794 2358 est

59 2422 67 2428 .
99 2382 412 2432 dissimulata
456 2385 670 2432 veritate
717 2383 855 2432 aliud
900 2383 1160 2446 promebat
1203 2383 1367 2432 officio
1406 2384 1634 2448 linguae,
1681 2399 1793 2431 cum

218 2514 243 2552 2
276 2516 340 2555 est
370 2523 458 2554 om.
484 2509 526 2552 R
558 2510 664 2554 add.
697 2525 720 2552 r
744 2532 800 2546 =
826 2510 876 2554 L.
912 2511 918 2567 Ι
957 2511 1240 2556 conticiscere
1270 2510 1355 2553 LR
1387 2511 1568 2555 reticere
1602 2510 1673 2554 ed.
1751 2516 1793 2554 et

44 2590 46 2595 ·
100 2566 186 2611 LR
216 2569 296 2612 edI
325 2575 379 2614 ut
409 2585 432 2612 r
463 2569 574 2613 edF.
698 2573 724 2612 3
756 2570 961 2626 ipsorum
992 2569 1079 2612 LR
1109 2583 1263 2614 eorum
1294 2569 1365 2613 ed.
1490 2574 1516 2612 9
1546 2570 1674 2614 vobis
1751 2569 1792 2612 R

99 2627 212 2671 mvii
237 2629 444 2696 proderit
474 2628 545 2672 ed.
578 2629 721 2698 (vobis
750 2630 1014 2685 1181181108.)
1065 2631 1072 2685 Ι
1125 2629 1323 2684 referwre
1354 2628 1455 2683 LR,
1488 2628 1571 2672 sed.
1601 2643 1624 2672 s
1653 2642 1738 2684 pro
1770 2630 1800 2683 f

101 2698 213 2730 corr.
231 2687 272 2730 R
303 2687 405 2744 ipse
435 2701 516 2732 res.
535 2701 670 2744 ewpio
698 2702 723 2731 r
752 2701 951 2732 reserare
982 2688 1054 2732 ed.
1082 2688 1278 2742 referam
1309 2702 1406 2732 nos.
1502 2692 1556 2732 10
1587 2700 1681 2732 wno
1706 2687 1792 2730 LR

48 2724 68 2808 4
95 2746 271 2800 pariter
300 2762 345 2791 u.
379 2747 450 2790 ed.
576 2752 628 2790 11
657 2747 992 2802 persequemini
1020 2747 1056 2790 L
1088 2748 1246 2791 -imini
1276 2747 1318 2790 R
1350 2747 1686 2804 prosequimini
1717 2746 1788 2790 ed.

53 2809 59 2819 ’
177 2808 228 2847 17
261 2807 487 2862 coepimus
516 2805 602 2848 LR
632 2806 844 2862 cupimus
873 2805 946 2850 ed.
1041 2810 1094 2850 19
1127 2807 1249 2863 quod
1279 2805 1455 2850 lineola
1487 2805 1791 2850 subterducta

78 2861 255 2907 delere
284 2864 469 2909 videtur
497 2879 534 2908 r.
663 2870 719 2908 22
745 2865 994 2922 pendentes
1023 2865 1110 2909 LR
1140 2866 1398 2910 iudicantes
1429 2865 1500 2908 ed
1631 2869 1686 2907 23
1717 2878 1791 2909 sa·

101 2922 234 2967 tiavit
261 2922 348 2991 LR
385 2929 427 2968 et
463 2924 545 2968 hoc
581 2929 646 2968 est
682 2924 755 2968 ed..
908 2928 964 2967 26
1003 2924 1191 2982 linquae
1221 2924 1307 2968 LR
1347 2925 1510 2982 linqua
1540 2925 1593 2966 in
1628 2923 1699 2967 ed.

101 2983 159 3023 28
187 2975 334 3036 ficto
320 2997 371 3026 in
400 2983 592 3039 interpr.
625 2996 715 3026 om.
740 2982 827 3027 LR
859 2982 966 3027 add.
990 2998 1026 3026 r.

189 3062 286 3095 Don.
311 3064 468 3104 i.nterpr
491 3065 606 3106 Vel-g.
641 3065 766 3098 vol.1.
1123 3048 1125 3050 ¹
1379 3062 1431 3100 11
