2014 3226
156 174 272 226 ,340
630 171 862 215 DONATI
893 170 1171 213 INTERPR.
1205 170 1386 215 VERG.

163 315 224 362 ad
264 331 321 361 ea
359 313 574 374 pertinet
611 328 734 372 quae
768 311 902 358 infra
932 311 989 357 de
1023 311 1160 357 cultu
1193 310 1295 358 eius
1330 312 1378 357 et
1409 311 1634 359 sordibus
1667 313 1852 373 specia-

162 389 277 435 liter
316 388 495 448 posuit7
535 386 696 447 ignoti
737 387 903 432 autem
944 400 1091 444 quem
1129 400 1302 431 revera
1349 386 1633 432 nescissent.
1708 387 1852 434 mise-
1981 384 1993 444 ἰ

161 461 413 521 randaque
454 461 611 507 cultu:
669 461 717 505 et
755 458 847 505 hoc
887 457 950 504 ad
990 458 1370 520 generalitatem
1408 459 1646 520 pertinet3
1702 475 1853 520 quam

162 536 367 582 inferius
402 535 563 595 aperit
588 533 866 579 describens
891 533 1125 595 tegumen
1151 534 1254 580 eius
1281 535 1329 579 et
1352 532 1570 580 barbam.
1624 533 1853 595 supplex-

164 625 258 670 que
306 623 482 655 manus
532 607 594 653 ad
640 606 790 652 litora
836 605 1019 652 tendit:
1082 607 1225 668 gestu
1272 607 1491 667 corporis
1540 609 1588 653 et
1626 607 1852 655 manibus
1901 624 1919 657 5
1976 623 1984 634 ’

164 682 423 729 ostendens
466 681 584 741 quid
623 682 843 742 rogaret,
885 680 1000 741 quia
1040 695 1136 727 vox
1176 680 1279 727 eius
1320 679 1482 726 audiri
1520 696 1618 727 non
1657 683 1854 741 poterat

162 758 269 817 ipso
324 757 375 801 in
429 755 576 802 litore
630 755 794 814 posito
851 756 899 800 et
961 753 1100 801 nobis
1161 755 1214 799 in
1277 753 1488 802 navibus
1551 754 1851 802 constitutis.

164 831 467 889 respicimus:
530 828 640 876 ideo
687 829 979 889 respicimus
1027 827 1215 888 posuit,
1263 829 1380 889 quia
1419 844 1518 875 non
1559 828 1853 876 audiebatur

162 919 255 951 vox
287 903 525 965 rogantis.
590 902 703 949 dira
740 903 970 948 inluvies:
1009 917 1106 948 non
1146 902 1437 962 respicimus
1477 901 1586 949 dira
1624 902 1850 963 inluvies,

162 977 246 1024 sed
292 978 563 1037 separatim
608 975 1034 1036 pronuntiandum
1081 978 1156 1022 est
1203 977 1252 1022 et
1299 975 1524 1023 absolute
1562 976 1850 1038 intellegen-
1877 994 1919 1026 ιο

162 1051 292 1110 dum,
331 1052 388 1097 ut
427 1050 492 1097 sit
533 1049 664 1110 quod
701 1051 1004 1111 respeximus
1046 1049 1154 1096 dira
1193 1050 1405 1097 inluvies
1441 1050 1550 1097 fuit.
1613 1066 1713 1097 non
1751 1050 1850 1098 suf-

162 1126 344 1171 fecerat
383 1125 664 1172 nominasse
694 1124 950 1183 inluviem,
984 1124 1055 1170 ait
1087 1125 1136 1170 et
1167 1123 1288 1170 dira.
1347 1125 1646 1183 inmissaque
1677 1124 1853 1172 barba:

160 1199 365 1246 inmissa
402 1199 494 1245 hoc
535 1199 610 1245 est
648 1197 782 1245 ultra
820 1197 1020 1244 modum
1060 1197 1273 1259 grandis.
1337 1200 1606 1245 consertum
1637 1201 1854 1258 teyumen

161 1274 341 1332 spinis:
379 1288 478 1319 non
516 1272 661 1318 illum
699 1273 893 1318 texerat
930 1273 1162 1334 tegumen
1202 1286 1336 1318 more
1375 1271 1631 1319 hominum
1671 1274 1852 1332 sutum,

161 1346 246 1394 sed
284 1346 459 1393 habuit
499 1347 847 1393 concinnatum
886 1345 1065 1407 spinis:
1103 1361 1204 1393 non
1243 1346 1374 1392 enim
1413 1346 1467 1392 in
1504 1345 1689 1393 talibus
1729 1346 1851 1393 locis
1878 1361 1920 1394 15
1982 1343 1986 1351 ’

163 1435 276 1468 acus
314 1420 491 1467 habuit
532 1422 618 1467 aut
655 1419 742 1467 fila
781 1421 868 1466 aut
906 1420 1006 1466 fuit
1041 1419 1226 1480 species
1257 1420 1454 1482 integra
1487 1436 1614 1480 quae
1645 1419 1851 1468 honesto

163 1510 338 1557 genere
376 1494 678 1557 iungeretur.
750 1492 905 1554 spinis
946 1509 1061 1556 ergo
1101 1494 1262 1540 frusta
1292 1509 1571 1555 pannorum
1602 1493 1852 1541 continen-

160 1568 294 1616 tibus
335 1569 615 1616 consertum
653 1568 790 1615 illius
829 1568 994 1615 fuerat
1032 1569 1279 1630 tegumen.
1358 1569 1410 1614 at
1447 1570 1601 1615 cetera
1642 1566 1852 1615 Graius:

162 1641 424 1690 locutionis
464 1656 617 1705 genus
659 1644 732 1689 est
773 1641 906 1703 quod
945 1643 1019 1688 est
1060 1634 1132 1707 (1,
1167 1634 1298 1707 320)
1339 1640 1502 1702 „nuda
1549 1638 1721 1704 genu“.
1799 1641 1852 1688 in
1984 1686 1991 1700 .·

163 1717 351 1776 ceteris,
375 1717 557 1777 inquit,
582 1714 761 1763 Graius
795 1715 1090 1776 apparebat3
1123 1731 1239 1762 nam
1264 1715 1598 1776 superioribus
1626 1715 1851 1763 hostibus
1879 1733 1921 1764 20
1984 1738 1993 1819 ¹

162 1791 236 1837 ita
275 1789 552 1838 consimilia
589 1790 642 1836 in
680 1789 769 1837 illo
809 1790 1009 1837 fuerant
1047 1790 1229 1850 omnia,
1268 1791 1326 1836 ut
1365 1791 1528 1850 quivis
1567 1789 1853 1853 intellegere

74 1870 161 1910 595
178 1865 346 1926 posset
382 1864 635 1911 hominem
674 1862 928 1911 Graecum.
1001 1867 1043 1910 et
1073 1864 1319 1923 quondam
1340 1864 1524 1923 patriis
1556 1863 1622 1910 ad
1656 1863 1856 1911 Troiam

163 1939 340 1985 missus
378 1939 432 1985 in
472 1939 648 1986 armis:
687 1937 959 1999 apparebat
999 1953 1111 1984 eum
1150 1953 1208 1984 ex
1245 1937 1308 1984 iis
1348 1953 1452 1985 esse
1492 1937 1577 1998 qui
1610 1952 1668 1984 ex
1699 1938 1854 1998 parti-

163 2011 254 2058 bus
302 2009 539 2059 Graeciae
586 2011 649 2059 ad
696 2011 1074 2075 expugnandam
1125 2013 1365 2059 venerant
1411 2011 1625 2058 Troiam.
1705 2026 1855 2072 quam

165 2087 365 2149 gratum
402 2086 500 2133 fuit
538 2085 781 2145 Troianis,
821 2088 877 2133 ut
914 2085 1069 2133 talem
1114 2084 1351 2132 videbant
1392 2086 1649 2133 inimicum
1688 2084 1852 2133 suum!
1879 2101 1923 2133 25
1982 2093 1989 2140 <j

164 2161 299 2218 isque
343 2160 429 2207 ubi
465 2160 754 2208 Dardanios
797 2160 991 2207 habitus
1039 2163 1081 2206 et
1121 2160 1271 2207 Troia
1316 2161 1438 2207 vidit
1482 2174 1625 2207 arma
1666 2160 1855 2219 procul,
1984 2156 1990 2233 ᾗ

156 2234 368 2292 paulum
407 2235 602 2292 aspectu
640 2235 925 2282 conterritus
954 2233 1111 2282 haesit
1139 2235 1463 2294 continuitque
1490 2234 1718 2293 qraduni,
1745 2247 1856 2280 mox
1977 2262 1989 2291 2

165 2320 266 2354 sese
305 2307 370 2354 ad
408 2307 554 2355 litora
582 2321 819 2366 praeceps
858 2322 967 2354 cuni
1003 2309 1119 2366 fletu
1147 2307 1469 2367 precibusque
1507 2308 1637 2355 tulit:
1687 2323 1744 2354 ex
1784 2322 1855 2367 e0‚
1978 2294 1989 2389 1

1979 2454 1988 2485 1

166 2379 346 2442 inquit,
384 2381 543 2444 magis
583 2381 917 2428 intelleximus
961 2397 1115 2428 unum
1154 2381 1305 2429 fuisse
1345 2381 1404 2429 de
1442 2380 1669 2429 hostibus
1710 2382 1760 2428 et
1799 2396 1856 2427 ex

286 2510 312 2549 2
344 2511 495 2550 autem
518 2505 605 2549 LR
627 2519 730 2550 vero
754 2506 825 2550 ed.
918 2511 946 2549 4
977 2511 1232 2565 tequmenta
1262 2507 1334 2551 ed.
1430 2511 1483 2550 11
1515 2507 1693 2560 suffecit
1723 2505 1794 2550 ed.

170 2569 342 2609 12-13
375 2565 519 2610 barba
549 2565 742 2609 inmissa
773 2579 861 2610 om.
886 2565 940 2610 R.
1079 2570 1135 2610 13
1165 2571 1339 2624 teymen
1371 2566 1441 2610 ed.
1589 2569 1644 2608 14
1675 2566 1751 2609 iile
1782 2565 1854 2609 ed.

259 2628 312 2668 16
353 2638 501 2680 aquus
538 2623 580 2667 R
617 2637 731 2668 corr.
763 2639 787 2667 r
825 2639 958 2670 acum
996 2625 1067 2668 ed.
1224 2629 1276 2668 17
1316 2626 1495 2680 frustra
1532 2624 1575 2667 R
1613 2638 1726 2668 corr.
1757 2639 1794 2669 r.

170 2687 224 2726 18
257 2683 319 2727 ad
348 2682 391 2726 R
430 2689 478 2727 at
508 2682 678 2727 deinde
709 2688 750 2728 et
778 2698 814 2726 r.
968 2687 1023 2728 19
1057 2685 1180 2729 loeus
1209 2684 1297 2727 LR
1332 2697 1476 2742 yenus
1506 2683 1614 2726 edF.
1674 2685 1679 2740 Ι
1736 2683 1856 2740 quod

167 2741 254 2785 LR
285 2743 417 2811 quale
448 2741 558 2786 edF.
679 2746 735 2786 20
765 2743 977 2788 sordibus
1004 2743 1092 2786 LR
1123 2744 1194 2787 ed.
1226 2744 1429 2788 hostibus
1457 2757 1542 2787 nos
1573 2743 1645 2799 (ut
1675 2746 1794 2810 597).

169 2806 226 2845 23
257 2802 399 2845 eaeisse
429 2801 516 2844 LR
553 2815 610 2845 ex
647 2801 707 2845 iis
745 2815 835 2846 esse
866 2802 936 2846 ed.
977 2817 1034 2847 ex
1062 2803 1279 2859 partibas
1313 2802 1532 2847 Graeciae
1569 2802 1678 2858 post
1714 2801 1855 2846 exisse

167 2860 413 2916 transponi
442 2860 544 2904 vult
573 2874 608 2903 r.
743 2864 799 2903 24
829 2867 1047 2906 venerant
1075 2861 1111 2904 L
1141 2866 1331 2906 venerat
1354 2861 1397 2904 R,
1427 2860 1555 2917 (hinc
1587 2859 1855 2904 coniectura

168 2931 311 2974 quam
339 2918 540 2975 protulit
567 2933 592 2961 r
622 2920 900 2975 excusatur)
1053 2924 1108 2964 25
1140 2921 1355 2965 videbant
1382 2919 1470 2963 LR
1503 2925 1623 2964 -rent
1653 2919 1740 2974 ed„
1772 2919 1854 2963 sed
1948 2974 1951 2978 .

167 2983 220 3022 ut
249 2978 507 3034 temporale
540 2980 623 3022 est.
746 2983 802 3022 26
833 2979 988 3035 hisque
1017 2979 1104 3022 LR
1133 2980 1258 3036 isque
1287 2994 1322 3023 r.
1946 2979 1947 2982 ’
