2014 3226
834 192 1133 237 AENEIDOS
1165 195 1205 237 V
1761 202 1864 251 437

190 345 288 391 qua
336 345 482 377 causa
531 329 844 390 descripserit
884 349 1141 392 possumus
1182 337 1455 382 aestimare.
1534 336 1699 384 debuit
1742 341 1866 384 enim

188 419 424 467 magnum
464 403 667 464 aliquod
707 407 755 450 et
794 406 1049 465 pulchrum
1084 408 1197 455 inde
1229 409 1487 469 procedere
1519 409 1603 456 ubi
1636 426 1868 471 personae

187 477 395 538 potioris
434 478 676 537 reliquiae
715 479 1023 526 tenebantur.
1098 482 1322 540 obslz‘puIt
1360 486 1466 529 Ἰυἰείι
1507 483 1721 531 Aeneas:
1761 486 1867 545 quis
1902 492 1955 529 uo

188 552 319 597 enim
350 567 449 597 non
482 551 746 598 miraretur
778 568 959 600 novum
992 556 1153 602 visum
1186 558 1234 602 et
1267 556 1531 619 magnum?
1578 558 1658 605 ille
1682 561 1870 615 sunnine

141 640 160 672 5
187 623 350 684 lonqo:
411 640 587 686 agmen
635 625 816 672 dicitur
863 643 959 687 quo
1007 630 1301 676 naturaliter
1355 631 1612 690 inpellitur
1658 646 1870 693 serpens,

185 700 242 745 ut
280 698 388 745 loco
427 702 708 746 moveatur:
750 701 924 763 anguis
966 718 1080 764 ergo
1123 703 1349 764 serpebat
1390 706 1598 766 agmine.
1677 706 1868 752 tandem

188 773 310 819 inter
339 775 542 832 pateras
584 777 625 820 et
663 774 788 821 levia
819 776 999 834 pocula
1038 790 1232 835 serpens
1273 778 1528 837 libavitque
1567 779 1715 838 dapes
1762 794 1871 826 rur-

184 860 360 905 susque
413 848 643 894 innomine
695 849 791 895 imo
845 851 1066 896 successit
1120 852 1300 897 tumulo
1356 855 1396 899 et
1442 853 1643 911 depasta
1690 852 1870 900 altaria

186 921 347 979 liquit:
386 920 628 967 miracula
660 922 775 981 alia,
808 938 906 969 non
939 923 1108 970 timuit
1140 926 1315 987 anguis
1348 926 1468 986 ipse,
1500 941 1609 972 cum
1642 929 1869 986 serperet,

121 1009 163 1042 ιο
186 994 523 1056 praesentium
570 995 826 1042 hominum
875 1000 1088 1056 coetum,
1143 1000 1351 1059 sumpsit
1400 998 1462 1046 ad
1509 1001 1693 1046 victum
1741 998 1870 1060 quod

186 1068 346 1116 voluit
393 1071 442 1115 et
489 1084 544 1115 eo
593 1068 720 1115 unde
775 1075 1081 1130 processerat
1134 1073 1370 1119 remeavit
1422 1074 1661 1120 innoxius.
1738 1073 1871 1121 color

187 1143 291 1189 eius
333 1145 380 1189 et
420 1142 653 1203 splendor
690 1143 875 1190 idcirco
916 1145 1096 1206 speciei
1136 1145 1336 1193 caelesti
1367 1148 1663 1207 conparatus
1695 1149 1784 1205 est,
1814 1149 1872 1193 ut

186 1216 526 1264 ostenderetur
573 1232 671 1263 non
718 1232 775 1263 ex
822 1218 923 1265 illis
972 1234 1072 1266 esse
1116 1235 1326 1280 quorum
1366 1219 1654 1267 detestanda
1692 1222 1872 1267 natura

186 1292 261 1337 est
307 1292 356 1337 et
402 1290 554 1338 saluti
600 1291 855 1338 hominum
900 1293 1096 1339 infesta.
1174 1293 1404 1354 denique,
1451 1296 1507 1340 ut
1553 1294 1737 1341 dictum
1783 1295 1870 1354 est,

120 1379 161 1412 15
186 1365 425 1426 processit
462 1364 515 1410 in
555 1367 871 1426 conspectum
902 1367 1077 1427 populi
1107 1367 1394 1428 praesentis,
1429 1367 1733 1429 amplexibus
1766 1367 1870 1428 pla-

186 1437 308 1485 cidis
347 1439 595 1485 tumulum
636 1439 973 1499 circumdedit,
1014 1457 1070 1487 ex
1111 1442 1209 1488 aris
1248 1442 1510 1501 usurpavit
1549 1457 1673 1502 quae
1714 1440 1872 1488 voluit

187 1514 237 1559 et
275 1512 413 1560 nullo
452 1512 710 1560 hominum
747 1514 882 1561 laeso
921 1515 1173 1562 remeavit.
1234 1515 1320 1562 hoe
1358 1515 1513 1575 mayis
1550 1516 1759 1574 inceptos
1794 1528 1871 1573 ye-

186 1587 333 1634 nilorc'
377 1588 628 1634 instaurat
662 1588 865 1635 honores
902 1590 1112 1636 incertus
1147 1590 1403 1648 yeniumne
1441 1589 1530 1635 loci
1566 1588 1868 1647 famulumne
1900 1592 1953 1631 95

178 1662 404 1719 parentis
451 1675 549 1709 esse
586 1664 750 1721 putet:
804 1676 915 1709 cum
953 1663 1218 1710 miraretur
1255 1663 1446 1710 Aeneas
1486 1676 1574 1709 nec
1613 1662 1734 1710 scire
1774 1661 1873 1708 evi-

120 1748 164 1781 80
187 1732 383 1781 dentius
430 1738 596 1796 posset
644 1736 753 1797 quis
802 1739 929 1784 esset
966 1737 1074 1797 ille,
1113 1736 1200 1783 cur
1236 1738 1290 1783 in
1327 1737 1484 1783 lucem
1525 1737 1573 1782 et
1611 1736 1663 1782 in
1700 1735 1872 1782 huma-

186 1824 301 1855 num
359 1811 654 1856 conventum
708 1811 815 1856 tam
868 1810 1015 1858 facile
1076 1811 1393 1872 processisset
1457 1808 1684 1870 quodque
1747 1810 1875 1855 esset

186 1881 486 1944 intrepidus,
542 1883 675 1944 quod
727 1886 894 1932 tractu
947 1899 1034 1932 suo
1092 1883 1325 1932 ambisset
1377 1883 1622 1930 tumulum
1676 1882 1873 1943 totiens,

189 1956 322 2017 quod
374 1957 686 2020 degustasset
739 1973 796 2005 ea
850 1973 980 2019 quae
1035 1959 1264 2019 apposita
1318 1958 1515 2004 fuerant
1569 1959 1618 2003 et
1668 1955 1873 2016 depasta

186 2030 471 2092 reliquisset
517 2046 574 2078 ac
620 2031 829 2080 redisset
869 2031 1115 2092 innoxius,
1161 2032 1213 2078 in
1250 2033 1358 2092 ipso
1397 2031 1584 2078 incerto
1623 2031 1761 2077 ratus
1800 2031 1874 2077 est

121 2118 163 2152 25
188 2103 382 2166 aliquid
428 2119 531 2153 esse
578 2105 817 2153 divinum.
894 2106 986 2154 hoc
1032 2107 1191 2169 magis
1236 2104 1289 2152 id
1335 2107 1407 2151 est
1461 2103 1642 2152 idcirco
1695 2103 1874 2164 repetit

186 2177 397 2226 honores
442 2180 655 2240 patriOS,
699 2195 822 2242 quos
870 2179 1184 2241 disposuerat
1230 2179 1362 2226 facto
1409 2178 1510 2225 iam
1547 2177 1643 2224 fine
1682 2174 1873 2224 conclu-

188 2251 323 2314 dere,
376 2252 470 2300 hoc
517 2255 593 2301 est
638 2269 669 2301 a
715 2246 877 2302 medio
926 2255 1041 2302 actu
1088 2253 1151 2300 ad
1204 2253 1406 2300 initium
1458 2250 1608 2299 rediit
1658 2251 1873 2297 incertus

187 2327 451 2390 geniumne
489 2326 588 2375 loci
626 2327 932 2375 famulumne
970 2328 1190 2389 parentis
1224 2341 1327 2374 esse
1358 2327 1513 2387 putet.
1588 2324 1681 2372 hoc
1720 2338 1873 2384 quon·

186 2400 288 2447 iam
335 2415 435 2448 non
480 2401 649 2462 potuit
701 2403 864 2450 verius
919 2401 1172 2450 aestimari
1226 2400 1507 2448 coniectura
1560 2396 1872 2459 suspicantis,

28 2477 35 2502 ‘
120 2487 165 2523 κο
187 2489 286 2522 non
332 2489 546 2522 vacuum
591 2474 864 2524 iudicatum
911 2477 1007 2535 est3
1069 2476 1158 2523 aut
1203 2475 1334 2521 enim
1380 2472 1554 2536 genius
1599 2471 1693 2519 loci
1731 2471 1872 2532 puta·

186 2546 336 2595 batur
382 2550 472 2596 aut
517 2549 736 2597 famulus
782 2549 963 2612 patris,
1017 2564 1118 2596 non
1171 2549 1372 2612 angui-⁶³,
1426 2545 1509 2594 sed
1559 2546 1613 2592 in
1661 2557 1873 2607 anguem

189 2635 468 2670 conversus,
543 2623 701 2672 caedit
737 2624 915 2683 quinas
952 2622 1012 2670 de
1047 2636 1179 2670 more
1216 2621 1420 2669 bidentis
1458 2622 1610 2679 totque
1646 2629 1768 2670 sues,
1809 2618 1873 2663 to·

187 2695 334 2744 tidem
385 2697 631 2756 nigrantis
686 2699 819 2758 terya
870 2697 1097 2745 iuvencos
1148 2697 1359 2755 vinaque
1408 2691 1643 2754 fumdebat
1684 2690 1872 2750 pateris

309 2825 333 2865 7
351 2836 598 2879 cursusque
612 2821 711 2866 LR.
790 2826 844 2866 15
861 2826 902 2866 et
917 2822 1026 2865 ante
1043 2819 1328 2876 amplexibus
1341 2813 1638 2874 interpol.ed.
1711 2817 1766 2858 16
1781 2825 1873 2870 qua

186 2878 276 2925 LR
306 2895 422 2938 quae
446 2881 518 2925 ed.
613 2883 786 2925 17-18
811 2882 1004 2926 incertos
1055 2880 1203 2924 enitor
1226 2881 1456 2923 instaurat
1479 2873 1576 2919 LR.
1628 2933 1637 2942 ·
1669 2876 1724 2916 22
1747 2874 1874 2917 trata

186 2938 276 2983 LR
305 2945 457 2985 tractu
486 2955 511 2984 ι·
541 2939 615 2986 ed.
725 2943 783 2983 24
813 2944 978 2995 raptus
1051 2937 1095 2982 R
1124 2937 1195 2982 ed.
1227 2942 1423 3004 rame-r.
1529 2937 1585 2988 26
1617 2932 1668 2977 nd
1697 2934 1760 2976 est
1789 2927 1874 2975 1.ss

185 2998 267 3044 hoc
296 3004 360 3044 eet
390 2998 463 3043 ed.
586 3003 642 3043 32
674 2998 794 3044 cedit
822 2999 990 3056 quinas
1019 2996 1108 3041 LR
1138 2995 1195 3040 ef.
1229 2995 1300 3040 ed.
1325 2992 1463 3039 R1bb.
