2014 3226
772 170 1074 215 AENEIDos
1107 172 1169 215 vi
1701 178 1802 228 611

126 312 174 355 et
221 307 418 355 dubitat
465 309 623 357 virtus
671 324 812 370 posse
852 312 1100 370 perveniri
1140 312 1202 358 ad
1241 312 1462 372 Italiam,
1506 329 1612 360 cum
1655 317 1808 362 virtus

123 383 234 443 ipsa
273 398 370 429 non
411 381 539 430 desit
578 385 628 430 et
667 382 902 430 adiuvent
941 383 1082 432 fata?
1157 400 1308 448 genus
1356 386 1451 432 fuit
1497 387 1809 447 hortamenti,

126 471 222 516 quo
263 456 535 517 inpellebat
573 455 747 517 filium,
779 474 838 504 ne
871 459 1181 520 frangeretur
1211 459 1448 507 tarditate
1481 461 1807 521 perveniendi.

124 532 232 588 quis
269 531 447 589 procul
493 530 574 578 ille
621 534 805 577 autem:
865 531 948 579 ille
997 535 1165 579 autem
1214 534 1298 594 qui
1349 534 1518 594 procul
1569 538 1662 595 est3
1726 535 1811 583 dat

81 618 100 651 5
125 604 276 650 etiam
323 605 478 664 ipsius
527 605 743 665 signum,
793 607 967 661 ramis,
1007 606 1190 667 inquit,
1231 608 1438 666 insiqnis
1476 608 1628 655 olivae
1667 623 1809 656 sacra

123 678 307 736 ferens,
356 677 442 725 ille
490 679 575 739 qui
622 693 719 725 non
767 678 911 740 longe
961 682 1035 727 est
1081 683 1129 727 et
1177 681 1335 728 olivae
1383 680 1636 728 frondibus
1675 697 1807 730 coro-

123 753 270 798 natus
319 754 405 799 est.
489 765 629 799 uosco
677 753 825 800 crinis
874 755 1146 812 incanaque
1191 758 1349 801 meula
1395 756 1521 814 reqis
1567 756 1792 810 Romani,
1811 760 1897 799 810

115 827 336 884 primam
367 827 451 884 qui
481 825 662 885 leqibus
693 827 859 874 urbem
889 827 1131 885 fundabit,
1168 828 1377 875 Curibus
1408 831 1583 887 parvis
1615 832 1657 876 et
1678 844 1806 888 pau-

114 913 234 958 pere
273 903 405 947 terra
441 901 621 948 missus
658 902 711 946 iu
750 902 1008 959 imperium
1046 917 1291 960 maqnum,
1323 903 1400 948 cui
1430 903 1601 949 deiude
1630 903 1808 951 subibit

57 989 100 1022 ιο
124 975 223 1020 otia
261 975 345 1033 qui
383 977 574 1032 rumpet
600 975 799 1032 patriae
838 975 1108 1033 residesque
1146 977 1346 1023 movebit
1380 976 1551 1022 Tullus
1585 978 1635 1023 iu
1666 992 1807 1024 arma

123 1049 254 1094 viros
294 1051 337 1094 et
372 1049 474 1094 iam
512 1047 707 1095 desueta
746 1049 1002 1107 triumphis
1041 1050 1262 1108 aymina:
1310 1049 1467 1095 multa
1506 1051 1648 1112 signa
1686 1051 1792 1098 eius
1810 1055 1895 1094 816

123 1121 355 1180 ostendit,
379 1124 436 1168 ut
467 1122 519 1168 in
551 1121 872 1169 multitudine
904 1122 1067 1170 media
1098 1122 1287 1183 positus
1319 1123 1562 1184 potuisset
1593 1125 1807 1186 agnosci.

124 1194 307 1255 olivae,
346 1195 534 1256 inquit,
574 1211 766 1242 ramum
805 1198 968 1258 gestat
1008 1198 1057 1243 et
1095 1211 1256 1256 sacra,
1303 1211 1423 1244 cano
1464 1197 1616 1257 capiti
1655 1196 1808 1245 barba

125 1269 407 1316 consimilis.
486 1268 608 1316 dicit
646 1268 821 1316 dehinc
862 1285 987 1330 quae
1027 1274 1155 1318 esset
1201 1270 1501 1331 temporibus
1548 1271 1623 1317 sui
1669 1271 1807 1334 regni

57 1357 99 1391 1⁶
124 1343 359 1390 facturus.
437 1342 670 1390 fundabit
706 1342 898 1405 legibus
936 1343 1167 1404 patriam,
1205 1359 1293 1392 nec
1332 1359 1513 1406 magna
1553 1347 1638 1391 aut
1675 1344 1807 1391 locu-

123 1416 256 1477 plete
297 1415 577 1464 substantia
615 1417 872 1465 hominum
911 1420 999 1464 aut
1037 1417 1299 1465 familiaris
1331 1419 1417 1464 rei.
1479 1421 1668 1479 quanta
1699 1417 1807 1465 laus

123 1490 316 1538 modico
352 1492 598 1538 terrarum
630 1490 848 1538 subsidio
882 1506 939 1538 ac
969 1507 1057 1552 per
1087 1490 1306 1538 modicas
1337 1492 1457 1538 viris
1489 1492 1541 1537 in
1572 1506 1807 1553 magnum

123 1563 387 1626 imperium
433 1565 657 1628 pergere!
736 1566 816 1611 cui
861 1564 1077 1613 succedit
1124 1565 1296 1612 Tullus
1350 1564 1480 1611 filius
1526 1564 1808 1626 perditurus

125 1638 310 1702 glorias
340 1639 499 1699 patris
534 1653 655 1699 quas
689 1654 745 1684 ex
778 1638 1107 1686 diuturnitate
1138 1640 1274 1700 pacis
1307 1639 1469 1686 fuerat
1500 1640 1806 1698 consecutuS,

58 1728 101 1760 so
124 1714 347 1760 moturus
395 1727 477 1760 eos
524 1713 577 1759 in
623 1712 810 1759 bellum
858 1728 979 1773 quos
1029 1714 1310 1760 mutaverat
1360 1712 1498 1773 quies
1553 1713 1810 1773 otiumque

125 1787 435 1847 corruperat,
489 1785 670 1834 ducens
733 1787 933 1850 agmina
994 1801 1118 1847 quae
1181 1785 1420 1833 desissent
1479 1785 1811 1846 triumphare,

123 1859 434 1921 triumphare
480 1861 611 1907 enim
657 1875 755 1907 non
802 1861 967 1921 potest
1013 1860 1096 1921 qui
1152 1859 1367 1907 officium
1421 1858 1676 1922 pugnandi
1728 1857 1808 1905 de-

124 1935 305 1995 posuit.
383 1948 523 1993 quem
567 1935 706 1981 iuxta
750 1936 966 1992 sequitur
1010 1935 1269 1981 iactantior
1306 1931 1499 1980 Aucus:
1559 1932 1715 1980 iactat
1759 1946 1811 1979 se

126 2008 349 2069 quisquis
387 2007 658 2069 plurimum
691 2007 783 2055 sibi
817 2006 1037 2070 adrogat.
1098 2022 1229 2054 nunc
1260 2020 1443 2066 quoque
1472 2007 1573 2054 iam
1604 2007 1812 2054 nimium

59 2096 102 2130 25
122 2081 343 2142 gaudeus
381 2081 707 2142 popularibus
754 2083 918 2129 auris:
970 2081 1235 2142 populares
1275 2094 1424 2127 aurae
1443 2082 1578 2126 *sunt
1616 2079 1812 2127 favores

125 2155 320 2217 populi,
369 2171 492 2216 quos
538 2171 637 2203 non
685 2157 929 2216 quaerunt
975 2155 1235 2216 sapientes.
1311 2155 1386 2201 vis
1432 2156 1475 2200 et
1516 2153 1813 2211 Tarquinios

127 2243 256 2289 reyes
303 2231 616 2290 animamque
658 2229 919 2289 superbam
963 2229 1136 2276 ultoris
1174 2227 1356 2274 Bruti?
1432 2225 1689 2288 superbiae
1738 2226 1811 2274 vi·

4 2296 8 2301 ¹
49 2327 52 2330 ⁴
125 2303 254 2350 tium
298 2304 459 2366 magis
500 2303 787 2365 Tarquiniis
834 2301 1116 2364 adplicatur
1162 2300 1430 2349 secundum
1479 2302 1702 2347 veterum
1738 2299 1812 2347 fa-

125 2375 289 2437 bulas,
336 2392 434 2424 non
474 2377 644 2425 Bruto.
720 2377 968 2436 fascesque
1004 2376 1166 2422 videre
1203 2378 1432 2434 receptae,
1476 2373 1686 2421 consulis
1720 2374 1811 2420 im·

9 2452 15 2454 ’
58 2465 103 2500 ω
117 2451 351 2510 perium?
427 2450 652 2499 definivit
698 2449 818 2511 quid
863 2448 962 2497 sint
1006 2449 1185 2509 fasces,
1234 2448 1287 2495 hi
1325 2450 1463 2507 sunt,
1500 2447 1687 2508 inquit,
1723 2461 1815 2508 per

126 2539 250 2586 quos
299 2527 508 2587 apparet
557 2525 822 2586 imperium
876 2522 1106 2572 consulis.
1182 2522 1258 2570 hic
1301 2523 1499 2581 primus
1550 2532 1814 2579 saevasque

0 2668 13 2721 ἶ
247 2684 280 2724 l'
305 2680 533 2735 perveniri
563 2679 605 2723 V
637 2693 704 2723 -re
735 2678 805 2723 ed.
914 2682 942 2720 4
973 2681 1057 2722 aut
1086 2690 1170 2734 pro
1202 2681 1351 2720 autem
1381 2676 1431 2719 in
1462 2673 1679 2719 lemmate
1709 2671 1764 2717 V.

0 2727 11 2788 ἶ
104 2738 203 2797 ,ille
233 2745 384 2784 autem
414 2741 496 2796 qui
524 2738 575 2782 in
606 2738 798 2795 interpr.
823 2736 865 2780 V
889 2737 992 2794 quis
1015 2735 1261 2780 substituit
1284 2734 1378 2779 ed.2
1411 2733 1527 2778 Don.
1552 2734 1632 2789 qui

0 2790 13 2858 ξ
125 2795 298 2854 legisse
326 2797 533 2853 videtur,
574 2797 655 2841 sed
687 2795 918 2853 corrigere
948 2793 1092 2839 nolui.
1253 2798 1308 2837 13
1340 2793 1487 2838 cando
1517 2791 1638 2849 apiti
1711 2825 1720 2835 .

10 2859 15 2892 ἑ
130 2859 184 2899 18
215 2856 342 2910 filius
372 2871 460 2902 om.
495 2856 567 2901 ed.
675 2860 730 2899 22
762 2855 970 2912 deposuit
998 2852 1043 2897 V
1071 2867 1166 2899 mm
1188 2853 1348 2911 posuit
1376 2850 1421 2895 H
1451 2850 1523 2895 ed.
1629 2853 1686 2893 26
1716 2854 1812 2894 tar-

0 2910 14 2964 }
126 2915 314 2971 quimeos
342 2913 398 2960 V.
529 2919 587 2960 28
617 2915 764 2973 mayis
794 2927 881 2958 om.
915 2912 986 2957 ed.
1029 2912 1037 2971 1
1086 2911 1335 2969 tarquiniis
1364 2909 1406 2954 V
1438 2910 1537 2955 -m'o
1567 2908 1638 2954 ed.
1673 2910 1682 2964 Ι
1729 2920 1814 2965 ap-

119 2974 325 3031 pellatur
353 2973 396 3019 V
427 2988 541 3019 corr.
574 2973 647 3019 ed.
769 2977 826 3017 29
856 2973 1065 3028 facesque
1094 2970 1150 3026 V,
1183 2970 1264 3015 sed
1294 2969 1344 3014 in
1374 2968 1567 3025 interpr.
1596 2967 1756 3023 faccee.

1371 3041 1459 3086 39‘
