2014 3226
164 164 281 216 244
637 161 867 206 DONATI
898 161 1178 205 INTERPR.
1211 161 1390 206 VERG.

173 306 352 352 animis
386 304 614 351 advertite
646 304 840 349 vestris:
879 305 947 348 est
977 302 1094 349 urbe
1126 304 1326 362 eyressis
1359 303 1574 350 tumulus
1614 304 1863 362 templum-

172 393 260 438 que
306 381 540 425 vetustum
588 377 800 423 desertae
851 374 1037 422 Cereris
1083 377 1312 434 iuxtaque
1359 378 1562 435 antiqua
1608 392 1863 436 cupressus

73 456 170 496 '715
186 453 414 512 reliyz'orze
443 453 648 509 pan-mn
686 449 860 496 multos
891 453 1085 496 servata
1106 464 1201 508 per
1233 464 1401 505 anuos,
1433 451 1559 498 hauc
1590 465 1645 498 ex
1677 451 1864 499 diverso

171 527 328 573 sedern
352 527 595 572 veniemus
626 525 680 570 iu
711 538 877 569 unam.
933 522 1243 570 commendat
1274 524 1511 571 mandata
1542 539 1653 585 sua,
1684 527 1866 572 natura

174 601 304 646 enim
352 599 479 646 servi
526 598 648 644 mali
698 599 813 647 sunt
861 598 908 643 et
954 597 1273 659 neglegentes
1328 613 1417 644 nec
1463 597 1609 645 facile
1657 598 1733 645 his
1781 599 1865 647 ob-

173 674 452 733 temperant
499 686 624 732 quae
672 670 918 717 iubentur.
998 670 1311 718 considerans
1357 672 1515 734 igitur
1566 673 1761 733 tempus
1817 674 1867 720 et

172 762 374 794 causam
421 746 492 792 ait
542 761 666 806 quae
715 744 824 791 dico
875 745 1053 791 animis
1103 744 1347 792 advertite
1395 745 1489 792 1100
1535 748 1610 793 est
1659 747 1866 794 intentis

171 821 354 867 animis
395 819 564 866 audite
606 834 731 879 quae
773 821 888 865 sunt
927 819 1200 866 necessario
1234 819 1474 866 facienda.
1537 821 1868 881 posteaquam

173 894 265 942 hoc
304 893 436 941 dicto
476 894 595 941 fecit
627 894 860 951 attentos,
893 892 1021 939 illud
1055 891 1186 953 quod
1216 892 1324 940 fieri
1357 893 1619 954 oportebat
1650 893 1866 941 breviter
1971 931 1989 959 «Ἦ

173 969 394 1015 intimat:
438 970 511 1014 est
550 967 668 1014 urbe
709 967 917 1028 egressis
955 966 1179 1014 tumulus
1226 967 1566 1028 templumque
1613 970 1868 1015 vetustum
1893 986 1935 1018 10
1972 963 1991 1043 1

175 1042 396 1090 desertae
439 1040 641 1088 Cereris.
712 1040 928 1088 sollicita
968 1042 1017 1087 et
1057 1042 1203 1087 cauta
1241 1041 1479 1088 mandata
1510 1040 1786 1088 traditurus
1819 1043 1869 1089 et
1968 1003 1982 1132 ἶ

174 1117 336 1163 10011111
376 1115 499 1163 dicit
539 1117 588 1162 et
626 1115 725 1163 loci
761 1129 942 1162 nomen
982 1114 1200 1162 ostendit
1239 1116 1289 1162 et
1329 1131 1454 1176 quae
1499 1116 1606 1162 eius
1649 1115 1867 1178 dignitas

175 1190 327 1236 fuerit
365 1205 554 1251 quaeve
591 1190 646 1235 in
683 1189 934 1250 praesenti
973 1189 1188 1248 fortuna,
1222 1188 1410 1236 arboris
1444 1205 1639 1250 quoque
1671 1190 1869 1253 signum

176 1266 225 1311 et
264 1279 417 1326 genus
458 1266 506 1311 et
539 1262 892 1324 antiquitatem
926 1261 1292 1311 evidentissime
1327 1263 1634 1324 conprendit,
1665 1279 1866 1324 prorsus

175 1339 234 1384 ut
287 1337 414 1384 nihil
469 1337 630 1399 dubii,
686 1337 813 1384 nihil
865 1338 1143 1383 remaneret
1192 1337 1383 1384 incerti.
1459 1337 1545 1384 ubi
1591 1337 1868 1385 insinuavit
1893 1354 1935 1388 15

175 1412 317 1471 haec,
374 1411 495 1458 dicit
549 1412 701 1458 etiam
756 1426 958 1458 causam
1011 1413 1214 1471 propter
1268 1427 1417 1472 quam
1471 1411 1708 1458 mandata
1758 1412 1869 1472 ipsa

176 1487 566 1547 praecesserant:
606 1485 733 1532 hanc
773 1500 830 1531 ex
871 1483 1064 1532 diverso
1105 1484 1283 1544 sedem,
1315 1485 1408 1532 hoc
1448 1487 1523 1533 est
1562 1501 1622 1532 ex
1661 1484 1869 1533 diversis

176 1560 297 1607 locis
335 1559 417 1607 vel
455 1558 732 1619 itineribus,
772 1559 1025 1606 veniemus
1063 1560 1116 1605 in
1155 1574 1318 1606 unam.
1397 1562 1471 1614 tu,
1506 1560 1715 1620 yenitor,
1754 1574 1871 1619 cape

175 1648 320 1682 sacra
350 1649 504 1682 mauu
527 1634 812 1693 patriosque
834 1634 1057 1692 penatis:
1096 1631 1218 1680 dicit
1249 1648 1450 1680 causam
1481 1634 1685 1694 propter
1721 1649 1871 1694 quam
1960 1635 1967 1654 ⁵

179 1707 378 1755 deberet
421 1707 661 1755 Anchises
709 1707 763 1753 id
810 1707 994 1754 faeere:
1055 1721 1130 1754 me
1178 1707 1296 1754 bello
1345 1722 1368 1754 e
1413 1711 1546 1755 tanto
1601 1707 1871 1767 diyressum
1894 1725 1914 1758 8
1958 1736 1968 1745 --

180 1785 222 1829 et
273 1783 416 1830 caede
468 1783 645 1830 receuti
699 1784 952 1829 attrectare
995 1782 1160 1840 nefas,
1206 1781 1353 1829 donec
1398 1796 1473 1829 me
1517 1783 1719 1840 flumine
1763 1782 1871 1828 vivo
1944 1783 1993 1838 ξ

92 1861 178 1900 720
197 1856 406 1904 abluero.
484 1855 626 1904 docet
671 1855 896 1902 homines
941 1856 1091 1916 poeta
1139 1855 1384 1916 quomodo
1435 1871 1486 1903 se
1539 1856 1775 1918 purgent,
1829 1855 1873 1904 si
1955 1862 1994 1907 f

180 1929 326 1977 caede
364 1930 580 1978 hominis
621 1930 710 1977 aut
747 1929 847 1976 alio
887 1944 1066 1991 genere
1103 1929 1292 1976 fuerint
1329 1929 1458 1977 forte
1495 1929 1691 1990 polluti,
1724 1929 1872 1976 simul
1949 1962 1976 1996 ff,

181 2004 333 2051 etiam
364 2005 564 2051 excusat
587 2003 806 2064 Aenean,
830 2019 891 2050 ne
922 2004 1117 2064 patrem
1149 2018 1295 2050 suum
1327 2003 1587 2064 superfluis
1619 2002 1874 2051 videretur
1944 2004 1999 2070 {a}

181 2093 399 2139 onerare,
440 2093 585 2139 quem
625 2092 790 2125 senem
827 2076 1089 2124 constabat
1120 2079 1170 2124 et
1201 2076 1426 2136 debilem,
1458 2077 1575 2124 lieet
1605 2079 1711 2138 ipse
1743 2079 1872 2124 esset
1894 2072 1970 2127 ss
1972 2075 1996 2118 ἶ

183 2152 350 2199 omnia
388 2152 490 2199 suis
527 2152 711 2199 umeris
750 2150 1982 2215 portaturus.

292 2226 432 2274 Haec
476 2226 611 2284 fatus
657 2225 779 2272 latos
824 2238 1015 2272 meros
1059 2225 1364 2284 subiectaque
1403 2225 1527 2272 colla
1563 2228 1688 2272 veste
1724 2239 1874 2284 super

181 2299 399 2359 fulvique
443 2300 686 2346 insternor
722 2299 851 2358 pelle
896 2298 1072 2347 leonis:
1132 2300 1183 2346 et
1236 2298 1309 2346 ad
1353 2298 1552 2346 laudem
1606 2298 1872 2347 fortudinis
1944 2311 1946 2315 ·

183 2388 299 2421 suae
336 2373 429 2420 hoc
467 2371 660 2420 Aeneas
699 2374 867 2434 posuit
906 2374 955 2420 et
995 2372 1058 2420 ad
1096 2372 1331 2420 meritum
1367 2372 1540 2434 patris.
1618 2388 1756 2433 onus,
1797 2370 1978 2433 111-ζ’

184 2447 307 2508 quit,
344 2447 566 2508 patrium
603 2446 796 2494 laturus
837 2447 953 2494 auxi
990 2446 1209 2495 vestibus
1249 2449 1298 2494 et
1328 2447 1486 2495 leonis
1516 2446 1646 2508 pelle
1678 2460 1872 2495 umeros
1903 2466 1942 2487 -w

302 2621 328 2658 2
361 2617 516 2661 ceteris
546 2615 588 2659 R
618 2617 780 2660 cereris
808 2631 843 2660 r.
873 2617 879 2671 Ι
913 2630 1176 2672 copraessus
1205 2615 1254 2660 L.
1360 2621 1389 2660 4
1420 2617 1625 2661 venimus
1655 2616 1697 2659 R
1727 2618 1873 2662 venie-

183 2689 286 2720 mus
306 2689 341 2718 r.
371 2677 378 2732 Ι
411 2689 558 2719 wnum
580 2674 668 2717 LR
690 2689 834 2719 unam
858 2674 930 2719 ed.
1016 2679 1041 2719 9
1067 2680 1268 2720 attentus
1289 2675 1377 2718 LR
1400 2681 1489 2720 -tos
1510 2690 1546 2719 r.
1641 2680 1694 2719 11
1719 2676 1874 2720 ceteris
1959 2722 1962 2724 .

183 2733 271 2777 LR
302 2748 416 2778 corr.
447 2734 503 2778 ut
534 2746 676 2790 supra
706 2747 741 2777 r.
793 2736 798 2789 Ι
854 2734 1044 2779 sollicite
1073 2739 1115 2779 et
1145 2738 1275 2779 caute
1305 2748 1341 2778 r.
1488 2739 1541 2778 13
1559 2735 1756 2779 ,arbores
1785 2734 1872 2778 LR
1934 2779 1941 2788 ξ

185 2807 300 2837 corr.
331 2808 367 2838 r.
522 2796 576 2836 18
615 2806 760 2836 wnum
790 2792 896 2848 LR,
938 2793 1020 2837 sed
1057 2807 1199 2861 uuam
1240 2807 1351 2837 corr.
1386 2792 1430 2836 R
1458 2792 1561 2850 ipse
1591 2795 1646 2837 ut
1675 2792 1872 2848 videtur,
1935 2796 1939 2819 ³

185 2865 331 2908 quare
354 2853 404 2896 et
425 2852 476 2896 in
499 2851 720 2896 lemmate
743 2865 884 2895 wnam
911 2851 1088 2908 scripsi.
1205 2857 1258 2896 21
1293 2857 1334 2896 et
1356 2808 1510 2897 caedep
1511 2852 1599 2896 LR
1628 2857 1671 2896 et
1693 2866 1781 2896 om.
1799 2851 1871 2896 ed.
1936 2858 1945 2902 J

246 2915 303 2954 24
333 2911 512 2956 videtur
542 2910 585 2954 R
617 2924 730 2955 corr.
762 2924 798 2953 r.
921 2915 976 2954 27
1007 2911 1161 2965 faetus
1191 2911 1278 2955 LR
1309 2924 1491 2955 0011.1.
1528 2926 1534 2963 l
1568 2912 1873 2968 superfhuique

187 2969 274 3013 LR
304 2983 418 3015 corr.
450 2970 492 3014 R
529 2969 645 3027 ipse,
769 2974 825 3013 30
857 2971 976 3014 auxi
1004 2985 1092 3014 om.
1118 2969 1189 3015 ed.
