<?xml version="1.0" encoding="UTF-8"?>
<!DOCTYPE html PUBLIC "-//W3C//DTD XHTML 1.0 Transitional//EN"
    "http://www.w3.org/TR/xhtml1/DTD/xhtml1-transitional.dtd">
<html xmlns="http://www.w3.org/1999/xhtml" xml:lang="en" lang="en">
 <head>
  <title>
</title>
<meta http-equiv="Content-Type" content="text/html;charset=utf-8" />
  <meta name='ocr-system' content='tesseract 3.04.00' />
  <meta name='ocr-capabilities' content='ocr_page ocr_carea ocr_par ocr_line ocrx_word'/>
</head>
<body>
  <div class='ocr_page' id='page_1' title='image "./interpretationes01donauoft_0398.png"; bbox 0 0 2014 3226; ppageno 0'>
   <div class='ocr_carea' id='block_1_1' title="bbox 230 131 1969 243">
    <p class='ocr_par' dir='ltr' id='par_1_1' title="bbox 230 131 1969 243">
     <span class='ocr_line' id='line_1_1' title="bbox 230 131 1969 243; baseline -0.01 -4"><span class='ocrx_word' id='word_1_1' title='bbox 230 188 336 239; x_wconf 80' lang='lat'>348</span> <span class='ocrx_word' id='word_1_2' title='bbox 695 186 927 230; x_wconf 84' lang='lat' dir='ltr'><strong>DONATI</strong></span> <span class='ocrx_word' id='word_1_3' title='bbox 957 186 1234 230; x_wconf 81' lang='lat' dir='ltr'>INTERPR.</span> <span class='ocrx_word' id='word_1_4' title='bbox 1268 186 1447 231; x_wconf 77' lang='lat' dir='ltr'>VERG.</span> <span class='ocrx_word' id='word_1_5' title='bbox 1948 131 1969 243; x_wconf 55' lang='grc' dir='ltr'>Ξ</span> 
     </span>
    </p>
   </div>
   <div class='ocr_carea' id='block_1_2' title="bbox 142 307 1992 2532">
    <p class='ocr_par' dir='ltr' id='par_1_2' title="bbox 222 307 1977 1051">
     <span class='ocr_line' id='line_1_2' title="bbox 230 307 1968 387; baseline 0.001 -12"><span class='ocrx_word' id='word_1_6' title='bbox 230 344 429 376; x_wconf 89' lang='lat' dir='ltr'>suorum</span> <span class='ocrx_word' id='word_1_7' title='bbox 492 327 746 374; x_wconf 89' lang='lat' dir='ltr'>commodo</span> <span class='ocrx_word' id='word_1_8' title='bbox 810 325 1075 374; x_wconf 71' lang='lat' dir='ltr'>orbitatem</span> <span class='ocrx_word' id='word_1_9' title='bbox 1135 326 1326 387; x_wconf 89' lang='lat' dir='ltr'>proprii</span> <span class='ocrx_word' id='word_1_10' title='bbox 1386 326 1588 374; x_wconf 88' lang='lat' dir='ltr'>luminis</span> <span class='ocrx_word' id='word_1_11' title='bbox 1650 307 1968 378; x_wconf 51' lang='lat' dir='ltr'>solabatur-,³¹⁴</span> 
     </span>
     <span class='ocr_line' id='line_1_3' title="bbox 222 400 1914 462; baseline 0 -14"><span class='ocrx_word' id='word_1_12' title='bbox 222 404 481 460; x_wconf 73' lang='lat' dir='ltr'><em>postquam</em></span> <span class='ocrx_word' id='word_1_13' title='bbox 529 402 649 447; x_wconf 81' lang='lat' dir='ltr'>altos</span> <span class='ocrx_word' id='word_1_14' title='bbox 695 402 845 460; x_wconf 71' lang='grc'><strong>1011911</strong></span> <span class='ocrx_word' id='word_1_15' title='bbox 888 402 1063 457; x_wconf 83' lang='lat' dir='ltr'>fluctus</span> <span class='ocrx_word' id='word_1_16' title='bbox 1110 404 1151 447; x_wconf 90' lang='lat' dir='ltr'>et</span> <span class='ocrx_word' id='word_1_17' title='bbox 1198 400 1263 448; x_wconf 86' lang='lat' dir='ltr'>ad</span> <span class='ocrx_word' id='word_1_18' title='bbox 1310 415 1521 459; x_wconf 79' lang='lat' dir='ltr'>aequora</span> <span class='ocrx_word' id='word_1_19' title='bbox 1572 403 1723 449; x_wconf 77' lang='lat' dir='ltr'>venit:</span> <span class='ocrx_word' id='word_1_20' title='bbox 1782 404 1914 462; x_wconf 88' lang='lat' dir='ltr'>post-</span> 
     </span>
     <span class='ocr_line' id='line_1_4' title="bbox 233 473 1916 538; baseline 0.001 -17"><span class='ocrx_word' id='word_1_21' title='bbox 233 490 379 535; x_wconf 82' lang='lat' dir='ltr'>quam</span> <span class='ocrx_word' id='word_1_22' title='bbox 434 475 633 521; x_wconf 86' lang='lat' dir='ltr'>transiit</span> <span class='ocrx_word' id='word_1_23' title='bbox 686 473 843 520; x_wconf 89' lang='lat' dir='ltr'>undas</span> <span class='ocrx_word' id='word_1_24' title='bbox 897 474 1060 521; x_wconf 85' lang='lat' dir='ltr'>litoris</span> <span class='ocrx_word' id='word_1_25' title='bbox 1109 476 1156 521; x_wconf 89' lang='lat' dir='ltr'>et</span> <span class='ocrx_word' id='word_1_26' title='bbox 1201 475 1254 521; x_wconf 87' lang='lat' dir='ltr'>in</span> <span class='ocrx_word' id='word_1_27' title='bbox 1306 474 1461 521; x_wconf 89' lang='lat' dir='ltr'>altum</span> <span class='ocrx_word' id='word_1_28' title='bbox 1515 477 1775 536; x_wconf 88' lang='lat' dir='ltr'>provectus</span> <span class='ocrx_word' id='word_1_29' title='bbox 1829 479 1916 538; x_wconf 88' lang='lat' dir='ltr'>est,</span> 
     </span>
     <span class='ocr_line' id='line_1_5' title="bbox 230 547 1916 611; baseline 0.002 -17"><span class='ocrx_word' id='word_1_30' title='bbox 230 550 429 595; x_wconf 76' lang='lat' dir='ltr'>luminis</span> <span class='ocrx_word' id='word_1_31' title='bbox 469 550 630 608; x_wconf 77' lang='lat' dir='ltr'>effossi</span> <span class='ocrx_word' id='word_1_32' title='bbox 667 548 876 605; x_wconf 79' lang='lat' dir='ltr'>fluidum</span> <span class='ocrx_word' id='word_1_33' title='bbox 914 547 1036 594; x_wconf 83' lang='lat' dir='ltr'>lavit</span> <span class='ocrx_word' id='word_1_34' title='bbox 1070 548 1184 595; x_wconf 87' lang='lat' dir='ltr'>inde</span> <span class='ocrx_word' id='word_1_35' title='bbox 1223 562 1463 595; x_wconf 83' lang='lat' dir='ltr'>cruorem:</span> <span class='ocrx_word' id='word_1_36' title='bbox 1518 547 1678 596; x_wconf 90' lang='lat' dir='ltr'>abluit</span> <span class='ocrx_word' id='word_1_37' title='bbox 1717 549 1916 611; x_wconf 88' lang='lat' dir='ltr'>sangui-</span> 
     </span>
     <span class='ocr_line' id='line_1_6' title="bbox 231 621 1916 683; baseline 0.002 -15"><span class='ocrx_word' id='word_1_38' title='bbox 231 639 337 669; x_wconf 87' lang='lat' dir='ltr'>nem</span> <span class='ocrx_word' id='word_1_39' title='bbox 391 623 475 682; x_wconf 85' lang='lat' dir='ltr'>qui</span> <span class='ocrx_word' id='word_1_40' title='bbox 513 621 698 668; x_wconf 90' lang='lat' dir='ltr'>fluebat</span> <span class='ocrx_word' id='word_1_41' title='bbox 738 637 794 668; x_wconf 92' lang='lat' dir='ltr'>ex</span> <span class='ocrx_word' id='word_1_42' title='bbox 834 621 975 669; x_wconf 90' lang='lat' dir='ltr'>oculo</span> <span class='ocrx_word' id='word_1_43' title='bbox 1017 622 1142 680; x_wconf 91' lang='lat' dir='ltr'>eius,</span> <span class='ocrx_word' id='word_1_44' title='bbox 1191 638 1335 683; x_wconf 89' lang='lat' dir='ltr'>quem</span> <span class='ocrx_word' id='word_1_45' title='bbox 1375 621 1636 669; x_wconf 74' lang='lat' dir='ltr'>constabat</span> <span class='ocrx_word' id='word_1_46' title='bbox 1674 623 1916 671; x_wconf 85' lang='lat' dir='ltr'>effossum.</span> 
     </span>
     <span class='ocr_line' id='line_1_7' title="bbox 231 694 1974 756; baseline 0.001 -13"><span class='ocrx_word' id='word_1_47' title='bbox 231 711 338 743; x_wconf 88' lang='lat' dir='ltr'>ecce</span> <span class='ocrx_word' id='word_1_48' title='bbox 385 697 459 743; x_wconf 81' lang='lat' dir='ltr'>vis</span> <span class='ocrx_word' id='word_1_49' title='bbox 506 696 651 741; x_wconf 80' lang='lat' dir='ltr'>iacti!</span> <span class='ocrx_word' id='word_1_50' title='bbox 699 711 810 742; x_wconf 88' lang='lat' dir='ltr'>cum</span> <span class='ocrx_word' id='word_1_51' title='bbox 849 694 1236 743; x_wconf 79' lang='lat' dir='ltr'>Achaemenides</span> <span class='ocrx_word' id='word_1_52' title='bbox 1284 697 1586 756; x_wconf 85' lang='lat' dir='ltr'>exposuisset</span> <span class='ocrx_word' id='word_1_53' title='bbox 1624 698 1828 743; x_wconf 88' lang='lat' dir='ltr'>tertium</span> <span class='ocrx_word' id='word_1_54' title='bbox 1868 712 1917 745; x_wconf 85' lang='lat' dir='ltr'>se</span> <span class='ocrx_word' id='word_1_55' title='bbox 1963 707 1974 724; x_wconf 87' lang='grc'><strong>·’</strong></span> 
     </span>
     <span class='ocr_line' id='line_1_8' title="bbox 230 768 1977 831; baseline 0.001 -15"><span class='ocrx_word' id='word_1_56' title='bbox 230 770 334 816; x_wconf 84' lang='grc'><strong>11110</strong></span> <span class='ocrx_word' id='word_1_57' title='bbox 373 784 589 817; x_wconf 90' lang='lat' dir='ltr'>mensem</span> <span class='ocrx_word' id='word_1_58' title='bbox 630 769 867 831; x_wconf 86' lang='lat' dir='ltr'>exegisse,</span> <span class='ocrx_word' id='word_1_59' title='bbox 914 768 1105 816; x_wconf 87' lang='lat' dir='ltr'>inflicta</span> <span class='ocrx_word' id='word_1_60' title='bbox 1150 771 1250 816; x_wconf 87' lang='lat' dir='ltr'>iam</span> <span class='ocrx_word' id='word_1_61' title='bbox 1299 769 1484 816; x_wconf 89' lang='lat' dir='ltr'>dudum</span> <span class='ocrx_word' id='word_1_62' title='bbox 1532 771 1743 818; x_wconf 89' lang='lat' dir='ltr'>caecitas</span> <span class='ocrx_word' id='word_1_63' title='bbox 1790 786 1920 819; x_wconf 88' lang='lat' dir='ltr'>nova</span> <span class='ocrx_word' id='word_1_64' title='bbox 1966 772 1977 782; x_wconf 54' lang='lat'>⁸</span> 
     </span>
     <span class='ocr_line' id='line_1_9' title="bbox 230 842 1919 905; baseline 0.002 -16"><span class='ocrx_word' id='word_1_65' title='bbox 230 843 515 904; x_wconf 89' lang='lat' dir='ltr'>putabatur,</span> <span class='ocrx_word' id='word_1_66' title='bbox 542 858 651 890; x_wconf 88' lang='lat' dir='ltr'>cum</span> <span class='ocrx_word' id='word_1_67' title='bbox 678 842 838 890; x_wconf 91' lang='lat' dir='ltr'>adhuc</span> <span class='ocrx_word' id='word_1_68' title='bbox 862 843 1090 891; x_wconf 90' lang='lat' dir='ltr'>funderet</span> <span class='ocrx_word' id='word_1_69' title='bbox 1123 844 1437 905; x_wconf 85' lang='lat' dir='ltr'>sanguinem:</span> <span class='ocrx_word' id='word_1_70' title='bbox 1469 843 1613 904; x_wconf 89' lang='lat' dir='ltr'>hunc,</span> <span class='ocrx_word' id='word_1_71' title='bbox 1645 846 1702 891; x_wconf 88' lang='lat' dir='ltr'>ut</span> <span class='ocrx_word' id='word_1_72' title='bbox 1730 844 1919 892; x_wconf 85' lang='lat' dir='ltr'>dictum</span> 
     </span>
     <span class='ocr_line' id='line_1_10' title="bbox 231 917 1918 977; baseline 0.001 -14"><span class='ocrx_word' id='word_1_73' title='bbox 231 918 328 977; x_wconf 89' lang='lat' dir='ltr'>est,</span> <span class='ocrx_word' id='word_1_74' title='bbox 382 917 599 964; x_wconf 84' lang='lat' dir='ltr'>lavabat.</span> <span class='ocrx_word' id='word_1_75' title='bbox 683 917 904 964; x_wconf 73' lang='lat' dir='ltr'>dentibus</span> <span class='ocrx_word' id='word_1_76' title='bbox 958 918 1242 975; x_wconf 83' lang='lat' dir='ltr'>infrendens</span> <span class='ocrx_word' id='word_1_77' title='bbox 1291 919 1495 976; x_wconf 58' lang='lat' dir='ltr'>cernitu:</span> <span class='ocrx_word' id='word_1_78' title='bbox 1556 918 1743 966; x_wconf 87' lang='lat' dir='ltr'>frustra</span> <span class='ocrx_word' id='word_1_79' title='bbox 1789 917 1918 965; x_wconf 93' lang='lat' dir='ltr'>enim</span> 
     </span>
     <span class='ocr_line' id='line_1_11' title="bbox 230 990 1919 1051; baseline 0.002 -15"><span class='ocrx_word' id='word_1_80' title='bbox 230 992 511 1038; x_wconf 86' lang='lat' dir='ltr'>irascuntur</span> <span class='ocrx_word' id='word_1_81' title='bbox 564 991 718 1051; x_wconf 89' lang='lat' dir='ltr'>caeci,</span> <span class='ocrx_word' id='word_1_82' title='bbox 766 991 907 1051; x_wconf 88' lang='lat' dir='ltr'>quia,</span> <span class='ocrx_word' id='word_1_83' title='bbox 954 990 1071 1037; x_wconf 91' lang='lat' dir='ltr'>dum</span> <span class='ocrx_word' id='word_1_84' title='bbox 1117 1006 1216 1037; x_wconf 94' lang='lat' dir='ltr'>non</span> <span class='ocrx_word' id='word_1_85' title='bbox 1264 990 1456 1051; x_wconf 87' lang='lat' dir='ltr'>vident,</span> <span class='ocrx_word' id='word_1_86' title='bbox 1505 1006 1556 1038; x_wconf 89' lang='lat' dir='ltr'>se</span> <span class='ocrx_word' id='word_1_87' title='bbox 1602 992 1775 1039; x_wconf 89' lang='lat' dir='ltr'>ulcisci</span> <span class='ocrx_word' id='word_1_88' title='bbox 1820 1007 1919 1040; x_wconf 93' lang='lat' dir='ltr'>non</span> 
     </span>
    </p>

    <p class='ocr_par' dir='ltr' id='par_1_3' title="bbox 142 1065 1992 2312">
     <span class='ocr_line' id='line_1_12' title="bbox 142 1065 1920 1125; baseline 0.004 -19"><span class='ocrx_word' id='word_1_89' title='bbox 142 1067 227 1107; x_wconf 84' lang='lat'>665</span> <span class='ocrx_word' id='word_1_90' title='bbox 244 1066 464 1125; x_wconf 86' lang='lat' dir='ltr'>possunt.</span> <span class='ocrx_word' id='word_1_91' title='bbox 549 1065 869 1124; x_wconf 76' lang='lat' dir='ltr'>yraditurque</span> <span class='ocrx_word' id='word_1_92' title='bbox 920 1079 1015 1124; x_wconf 77' lang='lat' dir='ltr'>per</span> <span class='ocrx_word' id='word_1_93' title='bbox 1068 1079 1247 1124; x_wconf 76' lang='lat' dir='ltr'>aequor</span> <span class='ocrx_word' id='word_1_94' title='bbox 1299 1067 1401 1112; x_wconf 77' lang='lat' dir='ltr'>iani</span> <span class='ocrx_word' id='word_1_95' title='bbox 1453 1066 1665 1113; x_wconf 75' lang='lat' dir='ltr'>‘medium</span> <span class='ocrx_word' id='word_1_96' title='bbox 1717 1066 1920 1113; x_wconf 84' lang='lat' dir='ltr'>necdwm</span> 
     </span>
     <span class='ocr_line' id='line_1_13' title="bbox 229 1138 1919 1200; baseline 0.002 -16"><span class='ocrx_word' id='word_1_97' title='bbox 229 1140 403 1197; x_wconf 78' lang='lat' dir='ltr'>fluctus</span> <span class='ocrx_word' id='word_1_98' title='bbox 440 1139 594 1185; x_wconf 81' lang='lat' dir='ltr'>latera</span> <span class='ocrx_word' id='word_1_99' title='bbox 634 1139 796 1186; x_wconf 86' lang='lat' dir='ltr'>ardua</span> <span class='ocrx_word' id='word_1_100' title='bbox 836 1140 1000 1186; x_wconf 77' lang='lat' dir='ltr'>tinxit:</span> <span class='ocrx_word' id='word_1_101' title='bbox 1039 1140 1166 1186; x_wconf 88' lang='lat' dir='ltr'>mira</span> <span class='ocrx_word' id='word_1_102' title='bbox 1205 1140 1414 1186; x_wconf 85' lang='lat' dir='ltr'>monstri</span> <span class='ocrx_word' id='word_1_103' title='bbox 1454 1138 1718 1200; x_wconf 83' lang='lat' dir='ltr'>descriptio</span> <span class='ocrx_word' id='word_1_104' title='bbox 1759 1143 1808 1187; x_wconf 89' lang='lat' dir='ltr'>et</span> <span class='ocrx_word' id='word_1_105' title='bbox 1845 1141 1919 1187; x_wconf 87' lang='grc'><strong>111-</strong></span> 
     </span>
     <span class='ocr_line' id='line_1_14' title="bbox 230 1212 1991 1274; baseline 0.002 -16"><span class='ocrx_word' id='word_1_106' title='bbox 230 1228 427 1259; x_wconf 84' lang='lat' dir='ltr'>mensae</span> <span class='ocrx_word' id='word_1_107' title='bbox 466 1213 781 1274; x_wconf 86' lang='lat' dir='ltr'>proceritatis</span> <span class='ocrx_word' id='word_1_108' title='bbox 815 1213 1072 1274; x_wconf 86' lang='lat' dir='ltr'>expressio.</span> <span class='ocrx_word' id='word_1_109' title='bbox 1131 1212 1431 1272; x_wconf 84' lang='lat' dir='ltr'>ambulabat,</span> <span class='ocrx_word' id='word_1_110' title='bbox 1462 1214 1642 1274; x_wconf 89' lang='lat' dir='ltr'>inquit,</span> <span class='ocrx_word' id='word_1_111' title='bbox 1674 1213 1726 1260; x_wconf 90' lang='lat' dir='ltr'>in</span> <span class='ocrx_word' id='word_1_112' title='bbox 1757 1213 1920 1261; x_wconf 90' lang='lat' dir='ltr'>medio</span> <span class='ocrx_word' id='word_1_113' title='bbox 1983 1227 1991 1271; x_wconf 68' lang='grc' dir='ltr'><strong>ι</strong></span> 
     </span>
     <span class='ocr_line' id='line_1_15' title="bbox 230 1286 1992 1349; baseline 0.001 -16"><span class='ocrx_word' id='word_1_114' title='bbox 230 1287 371 1346; x_wconf 86' lang='lat' dir='ltr'>mari,</span> <span class='ocrx_word' id='word_1_115' title='bbox 405 1288 549 1347; x_wconf 90' lang='lat' dir='ltr'>quasi</span> <span class='ocrx_word' id='word_1_116' title='bbox 587 1286 876 1349; x_wconf 81' lang='lat' dir='ltr'>graderetur</span> <span class='ocrx_word' id='word_1_117' title='bbox 913 1288 966 1332; x_wconf 92' lang='lat' dir='ltr'>in</span> <span class='ocrx_word' id='word_1_118' title='bbox 1005 1289 1154 1346; x_wconf 87' lang='lat' dir='ltr'>terra,</span> <span class='ocrx_word' id='word_1_119' title='bbox 1185 1301 1342 1347; x_wconf 91' lang='lat' dir='ltr'>neque</span> <span class='ocrx_word' id='word_1_120' title='bbox 1383 1287 1445 1334; x_wconf 90' lang='lat' dir='ltr'>ad</span> <span class='ocrx_word' id='word_1_121' title='bbox 1482 1288 1585 1335; x_wconf 88' lang='lat' dir='ltr'>eius</span> <span class='ocrx_word' id='word_1_122' title='bbox 1618 1287 1778 1335; x_wconf 88' lang='lat' dir='ltr'>latera</span> <span class='ocrx_word' id='word_1_123' title='bbox 1807 1303 1918 1348; x_wconf 87' lang='lat' dir='ltr'>pro·</span> <span class='ocrx_word' id='word_1_124' title='bbox 1985 1298 1992 1349; x_wconf 72' lang='grc' dir='ltr'>ξ</span> 
     </span>
     <span class='ocr_line' id='line_1_16' title="bbox 230 1360 1988 1422; baseline 0.001 -16"><span class='ocrx_word' id='word_1_125' title='bbox 230 1360 373 1406; x_wconf 85' lang='lat' dir='ltr'>fundi</span> <span class='ocrx_word' id='word_1_126' title='bbox 431 1361 584 1408; x_wconf 89' lang='lat' dir='ltr'>maris</span> <span class='ocrx_word' id='word_1_127' title='bbox 646 1360 780 1408; x_wconf 90' lang='lat' dir='ltr'>unda</span> <span class='ocrx_word' id='word_1_128' title='bbox 840 1363 1148 1422; x_wconf 88' lang='lat' dir='ltr'>pervenerat.</span> <span class='ocrx_word' id='word_1_129' title='bbox 1224 1375 1312 1408; x_wconf 89' lang='lat' dir='ltr'>nos</span> <span class='ocrx_word' id='word_1_130' title='bbox 1357 1362 1533 1420; x_wconf 76' lang='lat' dir='ltr'>procul</span> <span class='ocrx_word' id='word_1_131' title='bbox 1584 1362 1699 1409; x_wconf 88' lang='lat' dir='ltr'>inde</span> <span class='ocrx_word' id='word_1_132' title='bbox 1750 1362 1920 1420; x_wconf 77' lang='lat' dir='ltr'>fuqam</span> <span class='ocrx_word' id='word_1_133' title='bbox 1959 1395 1988 1407; x_wconf 56' lang='lat'>›.</span> 
     </span>
     <span class='ocr_line' id='line_1_17' title="bbox 230 1426 1990 1498; baseline 0.002 -18"><span class='ocrx_word' id='word_1_134' title='bbox 230 1435 407 1493; x_wconf 75' lang='lat' dir='ltr'>trepidi</span> <span class='ocrx_word' id='word_1_135' title='bbox 438 1435 668 1482; x_wconf 82' lang='lat' dir='ltr'>celerare:</span> <span class='ocrx_word' id='word_1_136' title='bbox 698 1450 944 1498; x_wconf 84' lang='lat' dir='ltr'>praesens,</span> <span class='ocrx_word' id='word_1_137' title='bbox 969 1436 1148 1496; x_wconf 83' lang='lat' dir='ltr'>inquit,</span> <span class='ocrx_word' id='word_1_138' title='bbox 1172 1434 1447 1496; x_wconf 88' lang='lat' dir='ltr'>periculum</span> <span class='ocrx_word' id='word_1_139' title='bbox 1478 1436 1637 1483; x_wconf 84' lang='lat' dir='ltr'>vitare</span> <span class='ocrx_word' id='word_1_140' title='bbox 1667 1437 1920 1496; x_wconf 86' lang='lat' dir='ltr'>cupientes</span> <span class='ocrx_word' id='word_1_141' title='bbox 1987 1426 1990 1439; x_wconf 78' lang='lat'>.</span> 
     </span>
     <span class='ocr_line' id='line_1_18' title="bbox 230 1507 1990 1572; baseline 0.002 -18"><span class='ocrx_word' id='word_1_142' title='bbox 230 1509 380 1572; x_wconf 88' lang='lat' dir='ltr'>fugae</span> <span class='ocrx_word' id='word_1_143' title='bbox 429 1507 667 1556; x_wconf 88' lang='lat' dir='ltr'>dabamus</span> <span class='ocrx_word' id='word_1_144' title='bbox 705 1509 1002 1556; x_wconf 86' lang='lat' dir='ltr'>instantiam</span> <span class='ocrx_word' id='word_1_145' title='bbox 1042 1511 1400 1570; x_wconf 88' lang='lat' dir='ltr'>conpetentem.</span> <span class='ocrx_word' id='word_1_146' title='bbox 1477 1513 1660 1569; x_wconf 74' lang='lat' dir='ltr'>recepto</span> <span class='ocrx_word' id='word_1_147' title='bbox 1704 1510 1922 1569; x_wconf 73' lang='lat' dir='ltr'>supplice</span> <span class='ocrx_word' id='word_1_148' title='bbox 1974 1519 1990 1572; x_wconf 59' lang='lat'>1}</span> 
     </span>
     <span class='ocr_line' id='line_1_19' title="bbox 231 1582 1920 1645; baseline 0.001 -16"><span class='ocrx_word' id='word_1_149' title='bbox 231 1583 301 1629; x_wconf 84' lang='lat' dir='ltr'>sic</span> <span class='ocrx_word' id='word_1_150' title='bbox 337 1584 534 1630; x_wconf 81' lang='lat' dir='ltr'>merito:</span> <span class='ocrx_word' id='word_1_151' title='bbox 583 1582 785 1630; x_wconf 87' lang='lat' dir='ltr'>liberari</span> <span class='ocrx_word' id='word_1_152' title='bbox 825 1583 956 1630; x_wconf 91' lang='lat' dir='ltr'>enim</span> <span class='ocrx_word' id='word_1_153' title='bbox 995 1583 1178 1630; x_wconf 88' lang='lat' dir='ltr'>meruit</span> <span class='ocrx_word' id='word_1_154' title='bbox 1219 1583 1305 1643; x_wconf 90' lang='lat' dir='ltr'>qui</span> <span class='ocrx_word' id='word_1_155' title='bbox 1342 1598 1431 1630; x_wconf 89' lang='lat' dir='ltr'>nos</span> <span class='ocrx_word' id='word_1_156' title='bbox 1469 1584 1673 1645; x_wconf 89' lang='lat' dir='ltr'>propria</span> <span class='ocrx_word' id='word_1_157' title='bbox 1711 1582 1920 1631; x_wconf 88' lang='lat' dir='ltr'>instruc·</span> 
     </span>
     <span class='ocr_line' id='line_1_20' title="bbox 230 1657 1970 1718; baseline 0.002 -16"><span class='ocrx_word' id='word_1_158' title='bbox 230 1657 365 1703; x_wconf 90' lang='lat' dir='ltr'>tione</span> <span class='ocrx_word' id='word_1_159' title='bbox 405 1657 635 1705; x_wconf 86' lang='lat' dir='ltr'>servavit.</span> <span class='ocrx_word' id='word_1_160' title='bbox 698 1658 922 1716; x_wconf 79' lang='lat' dir='ltr'>tacitique</span> <span class='ocrx_word' id='word_1_161' title='bbox 959 1658 1170 1705; x_wconf 73' lang='lat' dir='ltr'>incidere</span> <span class='ocrx_word' id='word_1_162' title='bbox 1208 1658 1390 1717; x_wconf 79' lang='lat' dir='ltr'>funem,</span> <span class='ocrx_word' id='word_1_163' title='bbox 1428 1659 1659 1705; x_wconf 79' lang='lat' dir='ltr'>vertimus</span> <span class='ocrx_word' id='word_1_164' title='bbox 1698 1661 1742 1706; x_wconf 87' lang='lat' dir='ltr'>et</span> <span class='ocrx_word' id='word_1_165' title='bbox 1768 1659 1922 1716; x_wconf 77' lang='lat' dir='ltr'>proni</span> <span class='ocrx_word' id='word_1_166' title='bbox 1964 1710 1970 1718; x_wconf 54' lang='grc'><strong>,</strong></span> 
     </span>
     <span class='ocr_line' id='line_1_21' title="bbox 231 1730 1965 1795; baseline 0.001 -19"><span class='ocrx_word' id='word_1_167' title='bbox 231 1731 524 1778; x_wconf 73' lang='lat' dir='ltr'>certantibus</span> <span class='ocrx_word' id='word_1_168' title='bbox 559 1744 772 1790; x_wconf 77' lang='lat' dir='ltr'>aequora</span> <span class='ocrx_word' id='word_1_169' title='bbox 800 1733 971 1779; x_wconf 83' lang='lat' dir='ltr'>remis:</span> <span class='ocrx_word' id='word_1_170' title='bbox 1010 1746 1120 1778; x_wconf 89' lang='lat' dir='ltr'>cum</span> <span class='ocrx_word' id='word_1_171' title='bbox 1160 1730 1438 1779; x_wconf 83' lang='lat' dir='ltr'>videremus</span> <span class='ocrx_word' id='word_1_172' title='bbox 1479 1730 1677 1779; x_wconf 86' lang='lat' dir='ltr'>evidens</span> <span class='ocrx_word' id='word_1_173' title='bbox 1716 1731 1919 1795; x_wconf 84' lang='lat' dir='ltr'>malum,</span> <span class='ocrx_word' id='word_1_174' title='bbox 1962 1746 1965 1749; x_wconf 55' lang='lat'><strong>⁴</strong></span> 
     </span>
     <span class='ocr_line' id='line_1_22' title="bbox 230 1804 1922 1868; baseline 0.001 -17"><span class='ocrx_word' id='word_1_175' title='bbox 230 1805 376 1851; x_wconf 90' lang='lat' dir='ltr'>taciti</span> <span class='ocrx_word' id='word_1_176' title='bbox 418 1805 588 1852; x_wconf 89' lang='lat' dir='ltr'>funem</span> <span class='ocrx_word' id='word_1_177' title='bbox 633 1804 897 1852; x_wconf 89' lang='lat' dir='ltr'>incidimus</span> <span class='ocrx_word' id='word_1_178' title='bbox 945 1806 996 1852; x_wconf 92' lang='lat' dir='ltr'>et</span> <span class='ocrx_word' id='word_1_179' title='bbox 1041 1820 1182 1852; x_wconf 87' lang='lat' dir='ltr'>verso</span> <span class='ocrx_word' id='word_1_180' title='bbox 1228 1806 1377 1853; x_wconf 88' lang='lat' dir='ltr'>remis</span> <span class='ocrx_word' id='word_1_181' title='bbox 1423 1805 1602 1868; x_wconf 86' lang='lat' dir='ltr'>pelago</span> <span class='ocrx_word' id='word_1_182' title='bbox 1655 1806 1708 1851; x_wconf 92' lang='lat' dir='ltr'>in</span> <span class='ocrx_word' id='word_1_183' title='bbox 1762 1805 1922 1853; x_wconf 89' lang='lat' dir='ltr'>altum</span> 
     </span>
     <span class='ocr_line' id='line_1_23' title="bbox 233 1878 1975 1941; baseline -0.001 -16"><span class='ocrx_word' id='word_1_184' title='bbox 233 1879 483 1939; x_wconf 90' lang='lat' dir='ltr'>coepimus</span> <span class='ocrx_word' id='word_1_185' title='bbox 529 1879 674 1926; x_wconf 87' lang='lat' dir='ltr'>taciti</span> <span class='ocrx_word' id='word_1_186' title='bbox 719 1880 924 1941; x_wconf 85' lang='lat' dir='ltr'>navigia</span> <span class='ocrx_word' id='word_1_187' title='bbox 968 1878 1177 1926; x_wconf 89' lang='lat' dir='ltr'>flectere.</span> <span class='ocrx_word' id='word_1_188' title='bbox 1253 1878 1419 1939; x_wconf 89' lang='lat' dir='ltr'>taciti,</span> <span class='ocrx_word' id='word_1_189' title='bbox 1465 1881 1686 1927; x_wconf 89' lang='lat' dir='ltr'>cessante</span> <span class='ocrx_word' id='word_1_190' title='bbox 1734 1879 1921 1928; x_wconf 87' lang='lat' dir='ltr'>scilicet</span> <span class='ocrx_word' id='word_1_191' title='bbox 1966 1886 1975 1923; x_wconf 65' lang='grc' dir='ltr'>ἴ</span> 
     </span>
     <span class='ocr_line' id='line_1_24' title="bbox 231 1953 1973 2014; baseline 0.002 -16"><span class='ocrx_word' id='word_1_192' title='bbox 231 1967 480 1999; x_wconf 90' lang='lat' dir='ltr'>remorum</span> <span class='ocrx_word' id='word_1_193' title='bbox 519 1953 734 2014; x_wconf 88' lang='lat' dir='ltr'>strepitu</span> <span class='ocrx_word' id='word_1_194' title='bbox 773 1956 822 2000; x_wconf 92' lang='lat' dir='ltr'>et</span> <span class='ocrx_word' id='word_1_195' title='bbox 861 1953 1111 2001; x_wconf 85' lang='lat' dir='ltr'>cantilena</span> <span class='ocrx_word' id='word_1_196' title='bbox 1151 1955 1441 2013; x_wconf 89' lang='lat' dir='ltr'>nautarum,</span> <span class='ocrx_word' id='word_1_197' title='bbox 1489 1954 1594 2000; x_wconf 89' lang='lat' dir='ltr'>sine</span> <span class='ocrx_word' id='word_1_198' title='bbox 1635 1968 1734 2014; x_wconf 84' lang='lat' dir='ltr'>qua</span> <span class='ocrx_word' id='word_1_199' title='bbox 1770 1954 1919 2001; x_wconf 85' lang='lat' dir='ltr'>remis</span> <span class='ocrx_word' id='word_1_200' title='bbox 1964 1990 1973 2009; x_wconf 52' lang='lat'>,.</span> 
     </span>
     <span class='ocr_line' id='line_1_25' title="bbox 232 2026 1919 2088; baseline 0.001 -16"><span class='ocrx_word' id='word_1_201' title='bbox 232 2026 425 2087; x_wconf 89' lang='lat' dir='ltr'>operari</span> <span class='ocrx_word' id='word_1_202' title='bbox 457 2041 556 2074; x_wconf 92' lang='lat' dir='ltr'>non</span> <span class='ocrx_word' id='word_1_203' title='bbox 586 2029 808 2088; x_wconf 89' lang='lat' dir='ltr'>possunt.</span> <span class='ocrx_word' id='word_1_204' title='bbox 865 2028 1038 2075; x_wconf 86' lang='lat' dir='ltr'>sensit:</span> <span class='ocrx_word' id='word_1_205' title='bbox 1075 2027 1168 2074; x_wconf 88' lang='lat' dir='ltr'>hoc</span> <span class='ocrx_word' id='word_1_206' title='bbox 1206 2027 1370 2088; x_wconf 91' lang='lat' dir='ltr'>ipsum</span> <span class='ocrx_word' id='word_1_207' title='bbox 1410 2028 1527 2088; x_wconf 84' lang='lat' dir='ltr'>quia</span> <span class='ocrx_word' id='word_1_208' title='bbox 1564 2043 1664 2075; x_wconf 91' lang='lat' dir='ltr'>non</span> <span class='ocrx_word' id='word_1_209' title='bbox 1703 2026 1919 2088; x_wconf 84' lang='lat' dir='ltr'>videbat,</span> 
     </span>
     <span class='ocr_line' id='line_1_26' title="bbox 233 2099 1971 2164; baseline 0.001 -18"><span class='ocrx_word' id='word_1_210' title='bbox 233 2099 426 2146; x_wconf 85' lang='lat' dir='ltr'>aurium</span> <span class='ocrx_word' id='word_1_211' title='bbox 473 2101 751 2162; x_wconf 83' lang='lat' dir='ltr'>suspicione</span> <span class='ocrx_word' id='word_1_212' title='bbox 799 2100 1000 2163; x_wconf 85' lang='lat' dir='ltr'>collegit</span> <span class='ocrx_word' id='word_1_213' title='bbox 1046 2101 1179 2162; x_wconf 92' lang='lat' dir='ltr'>quod</span> <span class='ocrx_word' id='word_1_214' title='bbox 1224 2101 1424 2148; x_wconf 92' lang='lat' dir='ltr'>silentio</span> <span class='ocrx_word' id='word_1_215' title='bbox 1471 2100 1735 2164; x_wconf 84' lang='lat' dir='ltr'>gerebatur</span> <span class='ocrx_word' id='word_1_216' title='bbox 1774 2103 1818 2148; x_wconf 86' lang='lat' dir='ltr'>et</span> <span class='ocrx_word' id='word_1_217' title='bbox 1854 2100 1920 2148; x_wconf 86' lang='lat' dir='ltr'>ad</span> <span class='ocrx_word' id='word_1_218' title='bbox 1965 2108 1971 2116; x_wconf 85' lang='grc'>”</span> 
     </span>
     <span class='ocr_line' id='line_1_27' title="bbox 231 2166 1961 2236; baseline 0.003 -17"><span class='ocrx_word' id='word_1_219' title='bbox 231 2175 442 2221; x_wconf 83' lang='lat' dir='ltr'>sonitum</span> <span class='ocrx_word' id='word_1_220' title='bbox 487 2176 615 2222; x_wconf 75' lang='lat' dir='ltr'>vocis</span> <span class='ocrx_word' id='word_1_221' title='bbox 660 2176 863 2234; x_wconf 72' lang='lat' dir='ltr'>vestiyia</span> <span class='ocrx_word' id='word_1_222' title='bbox 909 2177 1067 2230; x_wconf 86' lang='lat' dir='ltr'>torsit,</span> <span class='ocrx_word' id='word_1_223' title='bbox 1119 2175 1239 2236; x_wconf 89' lang='lat' dir='ltr'>quia</span> <span class='ocrx_word' id='word_1_224' title='bbox 1286 2174 1485 2223; x_wconf 87' lang='lat' dir='ltr'>silentio</span> <span class='ocrx_word' id='word_1_225' title='bbox 1530 2174 1648 2223; x_wconf 86' lang='lat' dir='ltr'>licet</span> <span class='ocrx_word' id='word_1_226' title='bbox 1695 2174 1918 2223; x_wconf 85' lang='lat' dir='ltr'>adhibito</span> <span class='ocrx_word' id='word_1_227' title='bbox 1957 2166 1961 2169; x_wconf 48' lang='grc'><strong>’</strong></span> 
     </span>
     <span class='ocr_line' id='line_1_28' title="bbox 232 2247 1985 2312; baseline 0.001 -18"><span class='ocrx_word' id='word_1_228' title='bbox 232 2261 330 2294; x_wconf 88' lang='grc'><strong>11011</strong></span> <span class='ocrx_word' id='word_1_229' title='bbox 375 2249 542 2308; x_wconf 80' lang='lat' dir='ltr'>potuit</span> <span class='ocrx_word' id='word_1_230' title='bbox 587 2247 640 2294; x_wconf 91' lang='lat' dir='ltr'>in</span> <span class='ocrx_word' id='word_1_231' title='bbox 682 2250 846 2296; x_wconf 91' lang='lat' dir='ltr'>totum</span> <span class='ocrx_word' id='word_1_232' title='bbox 885 2263 1044 2296; x_wconf 85' lang='lat' dir='ltr'>vacua</span> <span class='ocrx_word' id='word_1_233' title='bbox 1082 2263 1186 2297; x_wconf 90' lang='lat' dir='ltr'>esse</span> <span class='ocrx_word' id='word_1_234' title='bbox 1224 2250 1359 2296; x_wconf 87' lang='lat' dir='ltr'>omni</span> <span class='ocrx_word' id='word_1_235' title='bbox 1397 2250 1609 2311; x_wconf 87' lang='lat' dir='ltr'>strepitu</span> <span class='ocrx_word' id='word_1_236' title='bbox 1646 2249 1916 2312; x_wconf 88' lang='lat' dir='ltr'>navigatio.</span> <span class='ocrx_word' id='word_1_237' title='bbox 1958 2253 1985 2293; x_wconf 87' lang='grc' dir='ltr'>.ἶ</span> 
     </span>
    </p>

    <p class='ocr_par' dir='ltr' id='par_1_4' title="bbox 142 2321 1987 2532">
     <span class='ocr_line' id='line_1_29' title="bbox 142 2321 1981 2386; baseline 0.005 -25"><span class='ocrx_word' id='word_1_238' title='bbox 142 2322 230 2362; x_wconf 80' lang='grc'>670</span> <span class='ocrx_word' id='word_1_239' title='bbox 247 2321 413 2381; x_wconf 89' lang='lat' dir='ltr'>sensit,</span> <span class='ocrx_word' id='word_1_240' title='bbox 451 2322 631 2383; x_wconf 87' lang='lat' dir='ltr'>inquit,</span> <span class='ocrx_word' id='word_1_241' title='bbox 669 2323 720 2368; x_wconf 91' lang='lat' dir='ltr'>et</span> <span class='ocrx_word' id='word_1_242' title='bbox 758 2322 820 2368; x_wconf 89' lang='lat' dir='ltr'>ad</span> <span class='ocrx_word' id='word_1_243' title='bbox 859 2323 1078 2371; x_wconf 84' lang='lat' dir='ltr'>sonitum</span> <span class='ocrx_word' id='word_1_244' title='bbox 1115 2323 1250 2371; x_wconf 86' lang='lat' dir='ltr'>vocis</span> <span class='ocrx_word' id='word_1_245' title='bbox 1287 2323 1502 2386; x_wconf 85' lang='lat' dir='ltr'>vestigia</span> <span class='ocrx_word' id='word_1_246' title='bbox 1532 2322 1691 2372; x_wconf 89' lang='lat' dir='ltr'>torsit.</span> <span class='ocrx_word' id='word_1_247' title='bbox 1752 2337 1920 2370; x_wconf 85' lang='lat' dir='ltr'>verum</span> <span class='ocrx_word' id='word_1_248' title='bbox 1957 2325 1981 2386; x_wconf 27' lang='grc' dir='ltr'>ζ,</span> 
     </span>
     <span class='ocr_line' id='line_1_30' title="bbox 231 2388 1982 2456; baseline 0.002 -15"><span class='ocrx_word' id='word_1_249' title='bbox 231 2394 317 2442; x_wconf 85' lang='lat' dir='ltr'>ubi</span> <span class='ocrx_word' id='word_1_250' title='bbox 360 2395 501 2442; x_wconf 82' lang='lat' dir='ltr'>nulla</span> <span class='ocrx_word' id='word_1_251' title='bbox 547 2395 696 2443; x_wconf 84' lang='lat' dir='ltr'>datur</span> <span class='ocrx_word' id='word_1_252' title='bbox 733 2396 902 2444; x_wconf 76' lang='lat' dir='ltr'>dextra</span> <span class='ocrx_word' id='word_1_253' title='bbox 941 2397 1185 2456; x_wconf 79' lang='lat' dir='ltr'>adfectare</span> <span class='ocrx_word' id='word_1_254' title='bbox 1213 2398 1429 2456; x_wconf 76' lang='lat' dir='ltr'>potestas</span> <span class='ocrx_word' id='word_1_255' title='bbox 1465 2411 1552 2444; x_wconf 91' lang='lat' dir='ltr'>nec</span> <span class='ocrx_word' id='word_1_256' title='bbox 1581 2398 1714 2456; x_wconf 78' lang='lat' dir='ltr'>potis</span> <span class='ocrx_word' id='word_1_257' title='bbox 1751 2396 1920 2444; x_wconf 85' lang='lat' dir='ltr'>Ionios</span> <span class='ocrx_word' id='word_1_258' title='bbox 1951 2388 1982 2445; x_wconf 69' lang='lat'>³⁴⁴.</span> 
     </span>
     <span class='ocr_line' id='line_1_31' title="bbox 231 2469 1987 2532; baseline 0.002 -17"><span class='ocrx_word' id='word_1_259' title='bbox 231 2470 406 2526; x_wconf 75' lang='lat' dir='ltr'>fluctus</span> <span class='ocrx_word' id='word_1_260' title='bbox 445 2483 654 2528; x_wconf 79' lang='lat' dir='ltr'>aequare</span> <span class='ocrx_word' id='word_1_261' title='bbox 691 2471 954 2529; x_wconf 81' lang='lat' dir='ltr'>sequendo:</span> <span class='ocrx_word' id='word_1_262' title='bbox 991 2469 1079 2517; x_wconf 89' lang='lat' dir='ltr'>ubi</span> <span class='ocrx_word' id='word_1_263' title='bbox 1115 2485 1274 2532; x_wconf 92' lang='lat' dir='ltr'>neque</span> <span class='ocrx_word' id='word_1_264' title='bbox 1310 2486 1463 2518; x_wconf 85' lang='lat' dir='ltr'>manu</span> <span class='ocrx_word' id='word_1_265' title='bbox 1500 2471 1666 2532; x_wconf 88' lang='lat' dir='ltr'>potuit</span> <span class='ocrx_word' id='word_1_266' title='bbox 1701 2470 1920 2532; x_wconf 85' lang='lat' dir='ltr'>aliquem</span> <span class='ocrx_word' id='word_1_267' title='bbox 1986 2506 1987 2509; x_wconf 18' lang='grc' dir='ltr'>η</span> 
     </span>
    </p>
   </div>
   <div class='ocr_carea' id='block_1_3' title="bbox 230 2576 516 2582">
    <p class='ocr_par' dir='ltr' id='par_1_5' title="bbox 230 2576 516 2582">
     <span class='ocr_line' id='line_1_32' title="bbox 230 2576 516 2582; baseline 0 0"><span class='ocrx_word' id='word_1_268' title='bbox 230 2576 516 2582; x_wconf 95' lang='lat' dir='ltr'> </span> 
     </span>
    </p>
   </div>
   <div class='ocr_carea' id='block_1_4' title="bbox 230 2638 1993 3051">
    <p class='ocr_par' dir='ltr' id='par_1_6' title="bbox 230 2638 1993 3051">
     <span class='ocr_line' id='line_1_33' title="bbox 352 2638 1942 2686; baseline 0.003 -5"><span class='ocrx_word' id='word_1_269' title='bbox 352 2643 378 2681; x_wconf 97' lang='grc'><strong>6</strong></span> <span class='ocrx_word' id='word_1_270' title='bbox 416 2639 505 2683; x_wconf 79' lang='lat' dir='ltr'>visi</span> <span class='ocrx_word' id='word_1_271' title='bbox 544 2641 637 2684; x_wconf 78' lang='lat' dir='ltr'>acti</span> <span class='ocrx_word' id='word_1_272' title='bbox 666 2639 754 2682; x_wconf 83' lang='lat' dir='ltr'>LR</span> <span class='ocrx_word' id='word_1_273' title='bbox 790 2654 879 2684; x_wconf 73' lang='lat' dir='ltr'>vis·</span> <span class='ocrx_word' id='word_1_274' title='bbox 899 2641 980 2684; x_wconf 80' lang='lat' dir='ltr'>icti</span> <span class='ocrx_word' id='word_1_275' title='bbox 1009 2638 1051 2683; x_wconf 88' lang='lat' dir='ltr'>r‘</span> <span class='ocrx_word' id='word_1_276' title='bbox 1083 2641 1174 2685; x_wconf 70' lang='lat' dir='ltr'>vasi</span> <span class='ocrx_word' id='word_1_277' title='bbox 1203 2644 1332 2685; x_wconf 81' lang='lat' dir='ltr'>actus</span> <span class='ocrx_word' id='word_1_278' title='bbox 1363 2640 1435 2684; x_wconf 90' lang='lat' dir='ltr'>ed.</span> <span class='ocrx_word' id='word_1_279' title='bbox 1465 2642 1535 2685; x_wconf 80' lang='lat' dir='ltr'>vis</span> <span class='ocrx_word' id='word_1_280' title='bbox 1564 2641 1678 2685; x_wconf 83' lang='lat' dir='ltr'>iacti</span> <span class='ocrx_word' id='word_1_281' title='bbox 1707 2640 1736 2685; x_wconf 90' lang='lat' dir='ltr'>i.</span> <span class='ocrx_word' id='word_1_282' title='bbox 1763 2653 1800 2684; x_wconf 92' lang='lat' dir='ltr'>e.</span> <span class='ocrx_word' id='word_1_283' title='bbox 1833 2638 1942 2686; x_wconf 85' lang='lat' dir='ltr'>teli.</span> 
     </span>
     <span class='ocr_line' id='line_1_34' title="bbox 231 2699 1966 2800; baseline 0.001 -59"><span class='ocrx_word' id='word_1_284' title='bbox 231 2710 338 2799; x_wconf 49' lang='lat'><strong>11133:</strong></span> <span class='ocrx_word' id='word_1_285' title='bbox 370 2699 562 2755; x_wconf 81' lang='lat' dir='ltr'>propter</span> <span class='ocrx_word' id='word_1_286' title='bbox 592 2699 676 2743; x_wconf 85' lang='lat' dir='ltr'>telo</span> <span class='ocrx_word' id='word_1_287' title='bbox 706 2713 748 2742; x_wconf 85' lang='lat' dir='ltr'>v.</span> <span class='ocrx_word' id='word_1_288' title='bbox 774 2703 860 2742; x_wconf 84' lang='lat'>635</span> <span class='ocrx_word' id='word_1_289' title='bbox 893 2699 950 2743; x_wconf 89' lang='lat' dir='ltr'>de</span> <span class='ocrx_word' id='word_1_290' title='bbox 981 2699 1111 2743; x_wconf 83' lang='lat' dir='ltr'>iaetu</span> <span class='ocrx_word' id='word_1_291' title='bbox 1141 2699 1259 2743; x_wconf 88' lang='lat' dir='ltr'>Don.</span> <span class='ocrx_word' id='word_1_292' title='bbox 1292 2699 1483 2757; x_wconf 79' lang='lat' dir='ltr'>cogitat.</span> <span class='ocrx_word' id='word_1_293' title='bbox 1635 2703 1662 2742; x_wconf 91' lang='lat'>8</span> <span class='ocrx_word' id='word_1_294' title='bbox 1693 2699 1814 2800; x_wconf 51' lang='lat' dir='ltr'>huffe</span> <span class='ocrx_word' id='word_1_295' title='bbox 1842 2699 1920 2744; x_wconf 71' lang='grc' dir='ltr'>01ιὶ</span> <span class='ocrx_word' id='word_1_296' title='bbox 1963 2726 1966 2729; x_wconf 90' lang='grc'>-</span> 
     </span>
     <span class='ocr_line' id='line_1_35' title="bbox 230 2757 1993 2882; baseline 0.001 -23"><span class='ocrx_word' id='word_1_297' title='bbox 230 2815 303 2859; x_wconf 80' lang='lat' dir='ltr'>vel</span> <span class='ocrx_word' id='word_1_298' title='bbox 335 2757 532 2872; x_wconf 46' lang='grc' dir='ltr'><strong>911.ἑῖξᾶ</strong></span> <span class='ocrx_word' id='word_1_299' title='bbox 534 2759 1039 2871; x_wconf 48' lang='grc' dir='ltr'>ιτῃὲιεπῖνὲἔιεῗνέἕιῑᾶ</span> <span class='ocrx_word' id='word_1_300' title='bbox 1036 2759 1163 2861; x_wconf 53' lang='grc' dir='ltr'>ριξῗέν</span> <span class='ocrx_word' id='word_1_301' title='bbox 1175 2758 1263 2861; x_wconf 49' lang='grc' dir='ltr'>οῗ</span> <span class='ocrx_word' id='word_1_302' title='bbox 1266 2821 1366 2861; x_wconf 87' lang='grc'><strong>264.</strong></span> <span class='ocrx_word' id='word_1_303' title='bbox 1446 2765 1471 2802; x_wconf 73' lang='grc'><strong>9</strong></span> <span class='ocrx_word' id='word_1_304' title='bbox 1503 2759 1570 2860; x_wconf 56' lang='grc' dir='ltr'>1ιέ</span> <span class='ocrx_word' id='word_1_305' title='bbox 1571 2757 1924 2862; x_wconf 37' lang='lat' dir='ltr'>{gastigun-spi}</span> <span class='ocrx_word' id='word_1_306' title='bbox 1990 2829 1993 2882; x_wconf 60' lang='grc'>1</span> 
     </span>
     <span class='ocr_line' id='line_1_36' title="bbox 232 2873 1992 2944; baseline 0.003 -28"><span class='ocrx_word' id='word_1_307' title='bbox 232 2888 326 2917; x_wconf 84' lang='grc'><strong>11011</strong></span> <span class='ocrx_word' id='word_1_308' title='bbox 357 2874 576 2918; x_wconf 78' lang='lat' dir='ltr'>obstante</span> <span class='ocrx_word' id='word_1_309' title='bbox 606 2874 1008 2944; x_wconf 82' lang='lat' dir='ltr'>interpretatione.</span> <span class='ocrx_word' id='word_1_310' title='bbox 1139 2881 1195 2920; x_wconf 88' lang='grc'>22</span> <span class='ocrx_word' id='word_1_311' title='bbox 1226 2881 1445 2921; x_wconf 82' lang='lat' dir='ltr'>cessantes</span> <span class='ocrx_word' id='word_1_312' title='bbox 1474 2876 1561 2920; x_wconf 88' lang='lat' dir='ltr'>LR</span> <span class='ocrx_word' id='word_1_313' title='bbox 1593 2876 1664 2920; x_wconf 86' lang='lat' dir='ltr'>ed.</span> <span class='ocrx_word' id='word_1_314' title='bbox 1697 2889 1812 2920; x_wconf 79' lang='lat' dir='ltr'>corr.</span> <span class='ocrx_word' id='word_1_315' title='bbox 1844 2873 1945 2939; x_wconf 22' lang='lat' dir='ltr'>ed..</span> <span class='ocrx_word' id='word_1_316' title='bbox 1989 2887 1992 2922; x_wconf 65' lang='grc' dir='ltr'><strong><em>ε</em></strong></span> 
     </span>
     <span class='ocr_line' id='line_1_37' title="bbox 266 2926 1992 2990; baseline 0.002 -14"><span class='ocrx_word' id='word_1_317' title='bbox 266 2934 352 2976; x_wconf 82' lang='lat' dir='ltr'>ost.</span> <span class='ocrx_word' id='word_1_318' title='bbox 444 2937 500 2977; x_wconf 85' lang='grc'>23</span> <span class='ocrx_word' id='word_1_319' title='bbox 531 2934 667 2979; x_wconf 75' lang='lat' dir='ltr'>remis</span> <span class='ocrx_word' id='word_1_320' title='bbox 695 2933 784 2978; x_wconf 81' lang='lat' dir='ltr'>LR.</span> <span class='ocrx_word' id='word_1_321' title='bbox 812 2936 926 2979; x_wconf 82' lang='lat' dir='ltr'>remi</span> <span class='ocrx_word' id='word_1_322' title='bbox 957 2934 1028 2979; x_wconf 92' lang='lat' dir='ltr'>ed.</span> <span class='ocrx_word' id='word_1_323' title='bbox 1122 2940 1177 2978; x_wconf 90' lang='grc'>26</span> <span class='ocrx_word' id='word_1_324' title='bbox 1209 2935 1312 2980; x_wconf 77' lang='lat' dir='ltr'>licet</span> <span class='ocrx_word' id='word_1_325' title='bbox 1342 2949 1431 2979; x_wconf 91' lang='lat' dir='ltr'>om.</span> <span class='ocrx_word' id='word_1_326' title='bbox 1457 2935 1530 2980; x_wconf 85' lang='lat' dir='ltr'>ed.</span> <span class='ocrx_word' id='word_1_327' title='bbox 1623 2939 1678 2979; x_wconf 84' lang='grc'>29</span> <span class='ocrx_word' id='word_1_328' title='bbox 1711 2936 1921 2990; x_wconf 52' lang='lat' dir='ltr'>dextram</span> <span class='ocrx_word' id='word_1_329' title='bbox 1988 2926 1992 2989; x_wconf 72' lang='grc' dir='ltr'>Ξ</span> 
     </span>
     <span class='ocr_line' id='line_1_38' title="bbox 277 2991 1991 3051; baseline 0.002 -16"><span class='ocrx_word' id='word_1_330' title='bbox 277 2991 319 3035; x_wconf 85' lang='lat' dir='ltr'><strong>R</strong></span> <span class='ocrx_word' id='word_1_331' title='bbox 350 2992 423 3036; x_wconf 86' lang='lat' dir='ltr'>ed.</span> <span class='ocrx_word' id='word_1_332' title='bbox 455 2992 846 3050; x_wconf 82' lang='lat' dir='ltr'>interpretatione</span> <span class='ocrx_word' id='word_1_333' title='bbox 874 2992 1124 3050; x_wconf 81' lang='lat' dir='ltr'>refutatur,</span> <span class='ocrx_word' id='word_1_334' title='bbox 1155 3006 1299 3050; x_wconf 78' lang='lat' dir='ltr'>quare</span> <span class='ocrx_word' id='word_1_335' title='bbox 1330 2994 1492 3040; x_wconf 76' lang='lat' dir='ltr'>deoetra</span> <span class='ocrx_word' id='word_1_336' title='bbox 1523 2993 1702 3051; x_wconf 85' lang='lat' dir='ltr'>scripsi.</span> <span class='ocrx_word' id='word_1_337' title='bbox 1989 2996 1991 3005; x_wconf 70' lang='lat'><strong><em>⁴</em></strong></span> 
     </span>
    </p>
   </div>
   <div class='ocr_carea' id='block_1_5' title="bbox 1996 0 2014 3226">
    <p class='ocr_par' dir='ltr' id='par_1_7' title="bbox 1996 0 2014 3226">
     <span class='ocr_line' id='line_1_39' title="bbox 1996 0 2014 3226; baseline 0 0"><span class='ocrx_word' id='word_1_338' title='bbox 1996 0 2014 3226; x_wconf 95' lang='lat' dir='ltr'> </span> 
     </span>
    </p>
   </div>
  </div>
 </body>
</html>
