2014 3226
789 210 1088 254 AENEIDOS
1123 212 1183 254 VI
1718 217 1824 268 603

141 362 317 408 corpus
359 348 525 394 autem
564 348 783 408 interire,
823 350 952 410 quod
995 366 1050 397 ex
1090 355 1222 399 terra
1262 354 1557 413 concipitur,
1598 356 1823 415 spiritum

139 421 378 468 mundum
419 436 537 479 esse,
578 436 754 482 corpus
796 439 909 470 vero
951 425 1325 487 contagionibus
1367 427 1581 486 plenum,
1623 427 1704 474 sed
1744 429 1823 475 ubi

140 495 190 540 in
239 511 392 541 unum
434 496 736 542 consortium
776 499 1022 557 venerint,
1072 502 1123 545 ut
1166 515 1339 560 corpus
1380 500 1678 562 spiritusque
1720 504 1824 548 iun-

140 570 344 630 gantur,
390 568 622 630 spiritum
670 570 814 617 malis
864 574 1080 631 corporis
1129 574 1381 620 maculari.
1458 575 1568 621 hinc
1613 579 1825 622 metuunt

95 659 115 691 5
140 643 444 701 cupiuntque,
485 643 644 706 dolent
677 644 980 703 ‚candentque
1011 661 1159 705 neque
1200 662 1351 693 auras
1390 648 1663 707 dispiciunt,
1696 650 1826 696 clan-

137 730 221 764 sae
261 717 466 773 tenebris
505 719 548 763 et
586 731 773 765 carcere
812 733 971 765 caeco:
1011 735 1162 780 usque
1204 720 1324 767 adeo
1364 736 1539 782 corpus
1572 722 1822 769 inimicum

139 791 213 837 est
245 790 290 837 ei
323 804 466 851 quem
499 791 634 837 intra
663 806 712 838 se
737 791 900 851 habet,
925 794 979 838 ut
1006 794 1069 840 sit
1096 810 1237 840 caeco
1271 796 1452 841 carceri
1488 799 1823 857 conparatum.

141 864 353 926 denique
393 864 635 925 polluitur
675 881 731 911 ex
765 881 819 912 eo
855 869 902 912 et
934 867 1152 927 pollutus
1187 868 1246 913 :id
1282 868 1575 930 supplicium
1611 869 1825 915 mittitur

139 941 398 999 tamquam
440 937 500 984 ad
539 954 749 999 poenam
791 955 847 986 ex
888 941 1159 987 carceribus
1193 942 1262 987 rei
1295 945 1357 998 et,
1389 941 1506 1002 quia
1538 944 1695 1003 perire
1729 958 1821 988 non

49 1013 115 1060 ²10
139 1014 319 1073 potest,
358 1015 602 1074 purgatur
639 1015 828 1073 poenis,
869 1014 1020 1061 donec
1060 1014 1295 1061 reddatur
1332 1016 1447 1062 talis
1488 1016 1650 1076 qualis
1693 1017 1825 1063 inter

139 1087 286 1133 initia
342 1087 536 1148 corpori
591 1087 755 1134 fuerat
811 1087 1092 1135 attributus.
1171 1090 1287 1147 quin
1342 1092 1383 1136 et
1427 1103 1648 1148 supr-(mo
1701 1105 1808 1136 cam
1828 1094 1911 1134 786

138 1161 321 1208 lamine
365 1161 466 1208 vita
512 1161 725 1220 reliquit,
774 1175 871 1207 non
919 1164 1078 1209 tamen
1118 1176 1254 1210 omne
1292 1163 1476 1209 malam
1515 1164 1702 1210 ‘misere‘s
1740 1177 1824 1211 nec

136 1234 361 1292 funditas
400 1248 564 1281 omnes
602 1248 856 1295 corporeae
892 1234 1121 1283 excedwnt
1141 1240 1300 1295 pestes
1323 1238 1609 1295 penitusque
1638 1250 1824 1284 necesse

139 1309 208 1355 est
243 1308 398 1355 malta
437 1309 523 1356 diu
563 1312 780 1356 concreta
818 1310 972 1357 modis
1010 1309 1264 1358 inolescere
1302 1311 1466 1357 miris:
1508 1313 1650 1357 tanta
1688 1309 1822 1358 labes

46 1375 114 1430 κ’15
139 1383 214 1430 est
252 1384 472 1444 corporis
511 1383 682 1444 itaque
724 1382 955 1445 spiritum
994 1384 1188 1444 polluit,
1218 1386 1289 1443 ut,
1322 1399 1427 1430 cum
1470 1387 1642 1431 exutus
1675 1399 1821 1430 mem·

11 1455 25 1498 5
137 1455 238 1504 bris
278 1457 350 1503 ire
392 1456 455 1503 ad
493 1456 677 1504 inferos
719 1459 949 1518 coeperit,
990 1457 1139 1519 pestis
1180 1458 1339 1504 omnis
1377 1472 1538 1504 secum
1570 1460 1733 1518 portet
1766 1472 1823 1504 ac

12 1518 14 1526 ¹
119 1531 280 1590 'ferat,
318 1529 528 1592 ideoque
568 1545 668 1578 non
706 1531 836 1579 redit
876 1531 938 1578 ad
971 1531 1173 1592 caelum,
1206 1532 1323 1592 quia
1356 1531 1561 1578 caeleste
1592 1532 1822 1577 meritum

135 1604 356 1666 perdidit
391 1604 599 1666 hospitii
640 1605 714 1652 sui
748 1606 1039 1669 contagione
1070 1605 1303 1666 pollutus
1362 1619 1555 1652 necesse
1588 1606 1661 1651 est
1693 1604 1821 1651 enim

137 1678 334 1740 penitus
374 1678 630 1726 inhaerere
671 1678 796 1727 vitia
837 1694 964 1740 quac
996 1678 1205 1726 vivendo
1240 1677 1485 1726 contraxit
1517 1680 1565 1724 et
1597 1679 1823 1725 concreta.

44 1749 114 1800 ‘20
137 1768 235 1800 non
290 1752 436 1800 facile
486 1751 705 1816 purgari.
785 1755 1060 1800 concretum
1111 1752 1292 1800 dicitur
1338 1751 1468 1814 quod
1515 1767 1572 1799 ex
1618 1751 1822 1798 minutis

137 1827 310 1874 multis
348 1827 402 1873 in
439 1843 592 1874 unam
630 1826 856 1875 redditur
892 1842 1118 1874 massam.
1180 1824 1382 1887 perinde
1420 1825 1578 1872 multa
1611 1824 1741 1871 mala
1773 1827 1822 1870 et

137 1901 285 1964 longo
332 1903 555 1962 tempore
604 1896 833 1961 collecta,
884 1902 1116 1963 quoniam
1162 1901 1214 1946 in
1261 1916 1412 1946 unum
1459 1901 1507 1946 et
1554 1899 1821 1945 maximum

138 1976 336 2036 coeunt,
384 1974 521 2022 ablui
566 1976 647 2023 vel
692 1976 746 2022 in
792 1989 937 2022 suum
983 1976 1169 2022 statum
1206 1973 1426 2020 revocari
1463 1987 1564 2019 non
1602 1974 1822 2033 possunt,

137 2049 236 2096 nisi
287 2048 410 2096 haec
462 2051 537 2096 vis
592 2050 752 2097 maior
808 2047 1092 2110 expiaverit.
1171 2061 1279 2107 erqo
1333 2049 1606 2094 exercentur
1651 2046 1821 2104 poenis

46 2130 112 2170 '25
136 2126 439 2182 veterumque
485 2123 728 2171 malorum
773 2123 1014 2182 supplicia
1065 2121 1358 2181 expendwnt:
1417 2119 1595 2181 incipit
1648 2117 1806 2166 dicere
1826 2121 1909 2162 '140

137 2211 263 2259 quae
309 2212 522 2259 poenae,
570 2212 696 2259 quae
743 2197 844 2244 sint
889 2197 998 2258 ipsa
1037 2194 1293 2257 supplicia.
1371 2193 1499 2240 aliae
1530 2192 1823 2252 pandantur

56 2331 62 2336 Φ
135 2272 309 2319 inanes
354 2285 618 2330 suspensae
663 2272 731 2318 ad
775 2271 960 2318 ventos:
1019 2267 1145 2316 nihil
1191 2268 1397 2315 interest
1441 2268 1613 2314 ventos
1660 2264 1820 2313 inanis

137 2359 200 2391 an
241 2345 431 2393 animas
471 2345 665 2404 dixerit,
707 2346 822 2406 quia
858 2347 1120 2404 utrumque
1153 2341 1231 2388 vel
1264 2341 1474 2388 alterum
1505 2341 1693 2387 rectum
1724 2340 1819 2396 cst3

38 2467 42 2474 ,
135 2420 303 2481 potest
341 2421 392 2466 et
430 2419 515 2480 sic,
555 2421 612 2466 ut
651 2418 800 2466 semel
839 2417 1057 2479 positum
1094 2415 1170 2462 bis
1210 2415 1525 2476 accipiamus,
1555 2414 1613 2460 ut
1650 2413 1819 2459 inanes

34 2487 35 2490 ’
67 2506 113 2539 80
137 2493 331 2541 animae
377 2494 551 2540 inanes
598 2492 662 2540 ad
704 2493 877 2540 ventos
916 2494 1183 2552 suspensae
1223 2487 1504 2551 penderent.
1580 2486 1695 2533 aliis
1730 2484 1819 2532 sub

9 654 55 701 ,1¹

14 1164 26 1218 ,ὑῒ

12 1221 27 1251 ἐ

13 1300 33 1330 v„

254 2667 283 2707 4
322 2663 457 2707 malis
494 2662 697 2718 corporis
728 2659 768 2703 V
803 2675 859 2704 m.
893 2659 1155 2716 corporibus
1185 2656 1256 2702 ed.
1437 2660 1464 2701 δ
1502 2668 1558 2699 ne
1678 2665 1821 2723 auras

43 2759 49 2766 ..
137 2719 390 2778 dispiciwnt
419 2721 463 2765 V
492 2735 572 2766 nec
602 2735 645 2765 α.
668 2720 918 2776 respiciunt
948 2718 1019 2762 ed.
1165 2721 1189 2760 7
1223 2716 1266 2761 ei
1294 2729 1422 2772 quem
1451 2712 1494 2757 V
1524 2726 1550 2758 c
1582 2712 1604 2757 1
1633 2715 1820 2768 sporum

113 2779 358 2838 interposi.
385 2779 494 2826 edF.
535 2781 542 2838 Ι
583 2783 867 2836 comparetur
898 2777 969 2821 ed.
1113 2780 1140 2820 8
1166 2775 1391 2833 pollutum
1422 2771 1465 2816 V
1496 2772 1566 2818 cd.
1599 2783 1713 2840 corr.
1745 2768 1817 2815 cd.

42 2851 58 2877 2
134 2841 256 2897 post.
373 2843 399 2883 9
431 2844 475 2885 et
501 2838 758 2884 carceribus
780 2836 818 2879 V
839 2842 894 2890 *et
923 2846 1119 2880 carceres
1149 2834 1220 2878 ed.
1329 2836 1381 2876 11
1415 2830 1478 2876 ad
1505 2842 1739 2888 mppr-mo
1763 2826 1816 2872 V.

228 2902 284 2943 13
315 2899 534 2943 excidunt
562 2897 616 2942 V.
718 2900 773 2940 1³
806 2900 991 2940 exutum
1022 2893 1094 2938 cd.
1195 2894 1369 2937 16—17
1401 2903 1456 2935 ac
1482 2890 1604 2946 ferat
1631 2900 1719 2932 om.
1745 2885 1816 2933 ed.

227 2962 284 3001 28
316 2970 381 3002 an
411 2970 499 3002 om.
524 2955 567 3002 V
598 2955 706 3000 add.
731 2954 803 2999 ed.
831 2957 839 3012 1
872 2958 1039 2999 rectum
1071 2962 1130 3002 —3-
1153 2951 1195 2995 V
1226 2963 1337 3010 ergo
1367 2953 1447 3004 cst,
1475 2962 1512 2994 r.
1537 2960 1627 2993 em
1657 2945 1728 2991 ed.

137 3019 194 3060 29
226 3017 293 3061 sic
322 3021 375 3061 at
406 3016 444 3058 V
476 3017 544 3061 sic
573 3015 641 3060 vel
672 3012 743 3058 ed.
