2014 3226
186 118 216 168 8
650 113 879 157 DONATI
909 110 1189 154 INTERPR.
1225 109 1401 153 VERG.

185 272 302 317 gens
351 256 469 302 haec
518 254 755 301 secundae
795 251 1137 314 propositioni,
1178 266 1238 296 ne
1278 249 1495 296 hiulcam
1535 250 1720 297 faceret
1759 264 1871 296 nar-

184 330 438 376 rationem.
533 330 754 388 sequitur
808 327 966 373 altera
1017 339 1126 371 cum
1173 323 1512 386 propositione
1561 323 1760 383 divisio,
1815 325 1873 370 ut

187 403 413 450 ostendat
470 402 587 462 quid
634 401 824 447 Aeneas
879 399 1024 446 fatali
1078 399 1294 457 ratione,
1351 396 1471 457 quid
1526 399 1664 445 extra
1710 398 1871 444 fatum

186 491 443 537 perpessus
485 476 569 534 sit,
610 490 724 520 nam
765 475 861 520 fuit
899 472 993 520 fati
1033 474 1089 518 ut
1127 470 1323 533 perdita
1362 471 1528 531 patria
1568 486 1660 518 sua
1697 473 1769 518 116
1809 470 1874 517 ad

186 550 384 596 Italiam
434 551 482 595 et
527 550 578 594 in
628 563 733 595 eam
775 547 941 594 venire
984 547 1253 608 cogeretur.
1335 560 1429 605 quo
1470 545 1578 592 loco
1618 544 1873 607 Vergilius
1919 560 1939 594 ὃ

186 624 385 670 Aenean
439 622 661 683 perditae
718 621 936 668 civitatis
994 620 1196 666 6111111116
1253 618 1489 678 absolvit,
1549 619 1690 666 nulla
1744 618 1875 666 6111111

187 697 332 757 culpa
380 699 452 743 est
500 695 752 742 defensare
801 696 1028 755 nequisse
1077 692 1209 754 quod
1256 692 1482 739 fataliter
1520 691 1747 740 interisse
1787 691 1874 739 du-

186 770 334 816 bitari
382 785 478 816 non
524 771 734 830 poterat.
829 768 975 816 simul
1021 768 1268 814 monstrat
1313 781 1413 814 non
1459 781 1670 828 poenam
1723 766 1876 814 fuisse

189 843 316 904 quod
356 843 504 890 Asiae
550 842 729 890 finibus
778 842 1001 890 exclusus
1042 840 1236 887 Aeneas
1285 841 1466 888 amisso
1515 839 1724 903 genitali
1771 840 1876 887 solo
1958 839 1960 841 ’

189 918 330 978 quasi
384 917 494 963 exul
547 916 838 963 trahebatur
897 918 950 962 in
1010 915 1198 962 alienas
1259 916 1441 973 terras,
1505 915 1590 962 sed
1650 915 1875 978 gloriam.
1902 929 1970 963 ιο»

188 992 428 1066 ‹gptimum
476 991 658 1051 quippe
705 993 779 1038 est
824 989 1006 1037 idcirco
1055 1003 1266 1050 parvum
1312 987 1515 1050 perdere
1554 1003 1878 1049 unumquem-

189 1081 303 1125 que,
352 1067 410 1110 ut
456 1065 642 1112 minore
691 1078 949 1126 percussus
998 1062 1294 1110 detrimento
1337 1061 1541 1110 maioris
1580 1063 1654 1109 rei
1693 1062 1879 1109 emolu-

188 1140 353 1185 menta
401 1138 672 1198 conquirat.
766 1140 895 1185 certe
944 1139 992 1185 et
1038 1136 1165 1184 illud
1213 1135 1546 1196 sentiendum,
1601 1152 1700 1183 non
1746 1135 1879 1183 malo

189 1213 404 1258 fatorum
451 1216 567 1259 voto
615 1211 787 1259 Iliensi
833 1211 1041 1272 imperio
1091 1209 1335 1258 excidium
1383 1211 1628 1270 extitisse,
1685 1209 1769 1257 sed
1818 1225 1879 1257 ne

190 1287 316 1333 esset
365 1285 494 1346 quod
539 1287 592 1332 in
640 1285 791 1332 Asiae
838 1285 1063 1347 partibus
1114 1301 1225 1331 eum
1273 1283 1518 1332 detineret
1564 1285 1650 1346 qui
1701 1283 1879 1332 consti·
1905 1297 1948 1331 15

190 1358 371 1406 tuendo
411 1359 633 1407 Romano
679 1361 888 1421 imperio
938 1359 1117 1422 dignus
1166 1360 1340 1406 auctor
1382 1359 1432 1406 et
1472 1358 1698 1406 conditor
1735 1373 1880 1420 para-

189 1432 349 1480 batur.
443 1448 558 1495 ergo
607 1433 739 1494 quod
787 1434 859 1480 ait
908 1433 1084 1481 Troiae
1137 1434 1221 1492 qui
1264 1434 1464 1492 primus
1511 1433 1572 1480 ab
1627 1433 1727 1479 oris
1773 1432 1879 1479 Ita-

192 1507 308 1554 liam
360 1507 461 1564 fato
507 1508 754 1568 profuyus
800 1507 1112 1566 Laviniaque
1165 1508 1295 1554 venit
1340 1506 1507 1562 litora,
1563 1506 1782 1553 fatorum
1829 1505 1880 1552 id

190 1580 382 1627 ratione
431 1582 694 1644 contigisse
742 1596 842 1628 non
885 1580 1089 1628 dubium
1138 1582 1223 1630 est.
1302 1580 1388 1628 sed
1431 1579 1768 1642 quaerendum
1807 1582 1882 1627 651

192 1669 277 1701 cur
314 1654 536 1718 posuerit
573 1654 881 1716 Laviniaque
922 1656 1060 1702 venit
1098 1655 1263 1715 litora,
1297 1670 1407 1702 cum
1446 1653 1667 1702 nondum
1705 1654 1882 1701 fuisset
1906 1667 1950 1701 20

190 1727 283 1774 hoc
322 1727 419 1774 loci
457 1743 648 1787 nomen,
690 1745 745 1776 eo
786 1728 976 1776 scilicet
1014 1731 1238 1790 tempore
1279 1744 1376 1790 quo
1407 1727 1602 1776 Aeneas
1641 1728 1781 1775 venit
1820 1727 1882 1774 ad

190 1800 404 1847 Italiam.
481 1817 579 1849 non
627 1818 743 1865 ergo
790 1803 892 1849 iam
930 1805 1052 1850 tunc
1090 1803 1290 1850 fuerant
1333 1801 1546 1850 Lavinia
1583 1802 1758 1862 litora,
1798 1801 1883 1849 sed

194 1877 313 1920 tunc
368 1889 478 1921 cum
532 1878 673 1938 gesta
725 1876 973 1925 veteribus
1028 1876 1239 1925 saeculis
1285 1876 1539 1940 Vergilius
1592 1874 1881 1938 replicabat.

195 1946 293 1995 alia
317 1947 540 2010 Vergilio
579 1949 636 1996 fit
674 1965 838 2011 causa,
880 1952 996 2011 quia
1035 1950 1162 1998 dixit
1198 1951 1419 2012 primum
1455 1950 1648 1998 venisse
1678 1949 1881 1997 Aenean
1975 1950 1981 1988 j

197 2019 258 2067 ad
304 2020 527 2082 Italiam,
576 2037 685 2070 cum
733 2025 924 2071 constet
974 2024 1125 2071 etiam
1173 2024 1297 2072 alios
1346 2039 1403 2071 eo
1450 2039 1554 2072 esse
1610 2025 1882 2086 pervectos,
1906 2037 1983 2071 2⁵,

196 2098 466 2156 antequam
497 2095 688 2145 Aeneas
719 2096 921 2144 Italiam
951 2099 1219 2161 tetigisset:
1260 2101 1310 2145 et
1340 2113 1512 2145 verum
1543 2100 1632 2158 est,
1664 2096 1749 2144 sed
1784 2113 1883 2144 non
1969 2091 1986 2121 ³*

197 2167 258 2215 ad
299 2183 407 2216 eam
445 2168 623 2218 Italiae
661 2172 854 2231 partem
892 2172 945 2219 in
985 2187 1084 2233 qua
1123 2173 1239 2219 sunt
1259 2171 1489 2238 *Lavinia
1526 2171 1692 2219 litora.
1766 2186 1883 2234 ergo
1974 2175 1989 2237 f}

196 2243 246 2289 et
291 2242 480 2302 primus
528 2243 652 2304 fato,
702 2245 819 2304 quia
867 2245 956 2292 alii
1003 2261 1060 2292 ex
1108 2248 1287 2293 eventu
1335 2245 1397 2292 ad
1435 2245 1640 2294 Italiam
1685 2245 1884 2301 fuerant
1975 2250 1992 2303 [³

197 2314 366 2375 delati,
404 2314 597 2364 Aeneas
637 2333 753 2364 vero
794 2319 1072 2380 conpulsus,
1113 2320 1247 2381 quia,
1287 2319 1415 2367 sicut
1451 2320 1624 2366 multis
1656 2318 1777 2367 locis
1809 2322 1884 2366 est
1968 2316 1993 2359 Ὺ

195 2388 436 2450 positum,
482 2389 632 2437 aliam
678 2393 863 2438 terram
901 2394 1067 2440 1611616
1105 2408 1203 2440 11011
1243 2395 1442 2455 poterat
1480 2395 1560 2441 cui
1597 2393 1763 2440 fuerat
1801 2392 1882 2440 dc·
1907 2407 1980 2446 ³0:-

197 2463 332 2509 creta
370 2461 522 2510 Italia
558 2464 611 2510 in
651 2478 710 2511 66
747 2467 890 2525 parte
929 2465 982 2512 in
1021 2481 1120 2528 qua
1159 2465 1221 2514 ab
1261 2482 1318 2514 eo
1350 2466 1614 2514 Lavinium
1646 2465 1882 2528 oppidum
1964 2341 1996 2544 ἰ

197 2534 452 2583 conditum
506 2538 593 2584 est.
687 2553 802 2601 ergo
859 2539 1111 2602 colligitur
1162 2540 1468 2601 intellectus,
1521 2543 1579 2588 ut
1630 2540 1736 2587 fato
1783 2555 1884 2588 non
1971 2583 1975 2585 .

319 2679 342 2718 1
370 2677 705 2732 praepositioni
728 2676 816 2720 LR
833 2679 1140 2734 propositioni
1162 2693 1186 2723 1·
1216 2679 1317 2723 edI:
1350 2679 1407 2723 cf.
1433 2679 1561 2736 quod
1585 2682 1770 2736 spectat
1791 2679 1884 2724 Do—

199 2735 337 2777 natus
371 2737 411 2787 ⁷,
436 2738 492 2777 37
523 2747 690 2779 ‘novum
721 2736 959 2780 exordium
989 2738 1220 2782 carminis.
1371 2743 1397 2782 6
1423 2739 1632 2794 perditae
1662 2738 1750 2783 LR
1772 2751 1885 2796 pro-

200 2792 324 2835 ditae
355 2792 426 2836 ed.
460 2791 517 2837 cf.
551 2797 593 2848 2,
619 2797 717 2838 199.
812 2799 864 2837 12
897 2800 951 2839 ut
979 2796 1152 2840 minore
1182 2797 1219 2839 L
1251 2797 1322 2840 ed.
1355 2802 1409 2842 ut
1438 2811 1527 2840 om.
1559 2796 1614 2840 R.
1701 2801 1754 2842 17
1782 2811 1884 2854 pri-

201 2850 286 2918 mis
316 2849 364 2894 L.
519 2855 574 2895 18
605 2852 897 2909 Laviniaque
926 2853 1014 2897 LR
1043 2855 1316 2912 Lavinaque
1345 2870 1369 2899 r
1400 2855 1470 2900 ed.
1627 2860 1685 2900 24
1715 2857 1769 2912 fit
1798 2855 1886 2900 LR

198 2909 295 2963 fuit
315 2923 339 2952 r
362 2908 432 2953 ed.
462 2914 469 2965 1
497 2911 607 2965 quia
623 2910 710 2954 LR
734 2925 824 2967 qua
848 2912 919 2955 ed.
999 2917 1054 2956 32
1078 2918 1132 2957 ut
1152 2915 1251 2969 fato
1267 2914 1355 2958 LR
1377 2915 1547 2959 scilieet
1568 2915 1791 2972 interpos.
1810 2915 1883 2960 ed.
1929 2923 1932 2926 ⁴
