2014 3226
220 166 326 217 558
687 164 918 208 DONATI
949 165 1228 209 INTERPR.
1261 165 1439 209 VERG.

218 307 430 354 tentiam
481 322 714 366 superum
766 305 915 353 semel
968 305 1153 352 dictam
1203 305 1334 353 flecti
1389 306 1702 367 aliquatenus
1752 322 1908 368 posse.

220 381 304 427 secl
342 394 458 439 cape
498 380 625 426 dicta
663 393 857 434 memor,
899 380 1014 427 duri
1054 379 1235 427 solacia
1275 394 1440 426 casus:
1487 380 1572 428 sed
1617 383 1728 427 tene
1776 380 1910 428 dicta

220 470 332 501 mea
387 456 435 500 et
488 453 665 499 horum
719 469 907 500 memor
962 455 1065 501 esto
1120 453 1380 500 habiturus
1430 455 1483 500 in
1539 454 1758 502 adversis
1809 455 1909 502 tuis

222 527 461 575 solacium
502 527 870 588 sempiternum.
946 542 1064 574 ozam
1103 530 1188 575 lua
1218 529 1415 586 finitimi
1445 527 1581 587 lonye
1613 529 1795 588 lateque
1816 542 1911 594 per

132 608 217 647 380
235 602 371 648 urbis
415 602 659 660 prodiyiis
712 603 806 648 acti
861 601 1141 648 caelestibus
1194 615 1305 649 ossa
1349 602 1562 661 piabunt
1618 605 1659 648 et
1702 604 1912 650 statuent
1953 618 1994 654 sv

220 676 460 722 tumulum
514 678 557 722 et
609 675 792 722 tumulo
847 674 1099 722 sollemnia
1151 677 1337 722 mittent
1388 679 1726 735 aeternumque
1780 676 1911 723 locus

218 749 449 797 Palinuri
494 763 668 796 nomen
712 749 924 796 habebit:
977 749 1154 796 melius
1206 765 1262 796 ex
1309 765 1520 810 persona
1568 750 1696 797 vatis
1746 751 1792 796 ei
1837 766 1910 796 re·
1982 812 1984 814 Ι

220 838 454 884 31)011311111
510 825 582 870 031
638 838 763 884 quae
818 825 1026 871 noverat
1082 824 1315 871 universa
1377 839 1527 884 quam
1590 839 1647 870 ex
1700 839 1911 885 persona
1982 871 1984 874 ,

218 898 438 956 Α,011000
478 913 539 944 110
579 897 710 958 quod
748 913 846 944 non
893 897 1075 945 licebat
1115 897 1364 944 videretur
1410 912 1614 960 negasse
1652 897 1910 945 voluntate

220 1008 1586 1020 ..............................................
1640 987 1740 1019 11011
1793 971 1911 1019 licet
1934 983 1976 1029 10

219 1045 351 1107 quod
390 1046 577 1092 frustra
625 1044 925 1127 deprecaris,
975 1043 1082 1106 [sed
1120 1045 1323 1093 habebis
1362 1043 1621 1108 magnum]
1671 1045 1911 1093 solacium
1967 1028 1989 1050 '

220 1135 318 1180 quo
358 1119 591 1167 releveris
630 1118 682 1166 in
723 1119 1172 1180 οᾶνθΥ313ςο1111103
1207 1121 1390 1181 quippe
1423 1121 1527 1167 eius
1559 1119 1656 1167 1001
1686 1119 1910 1168 110111111οε

219 1193 282 1241 ad
322 1210 468 1254 quem
507 1194 654 1241 funus
692 1195 834 1240 tuum
872 1193 1070 1241 videtur
1109 1209 1212 1241 esse
1253 1193 1472 1240 delatum
1513 1195 1562 1241 et
1607 1193 1765 1240 multo
1806 1194 1911 1240 lon·
1956 1191 1977 1239 3¹2

217 1268 328 1331 gius
382 1268 534 1328 positi
582 1267 785 1315 deorum
832 1268 1212 1315 commonefacti
1263 1267 1535 1329 responsis,
1586 1282 1698 1315 cum
1737 1267 1910 1315 exinde
1959 1267 1981 1306 ³³¹

216 1340 447 1403 prodigia
487 1341 695 1388 existere
735 1343 1002 1403 coeperint,
1042 1343 1092 1389 et
1130 1341 1401 1403 expiabunt
1447 1357 1558 1389 ossa
1604 1344 1693 1388 tua
1741 1343 1792 1389 et
1837 1357 1908 1390 se·
1947 1334 1974 1394 ,³j

216 1416 449 1477 pulturae
488 1415 798 1463 mandabunt
837 1431 892 1462 ac
939 1417 1138 1463 nomine
1178 1418 1265 1463 tuo
1304 1415 1442 1463 locus
1480 1417 1587 1477 ipse
1628 1418 1818 1463 erectus
1856 1417 1910 1463 in
1962 1408 1981 1474 ξ

214 1490 460 1537 tumulum
501 1491 554 1536 in
587 1491 843 1537 aeternum
874 1490 1134 1538 vocabitur
1164 1488 1445 1537 Palinurus.
1523 1505 1631 1538 ecce
1671 1490 1910 1538 solacium

217 1579 274 1611 ac
312 1565 545 1611 meritum
577 1563 816 1625 Palinuri,
858 1579 968 1611 cum
1009 1563 1102 1612 diis
1144 1563 1429 1611 auctoribus
1468 1563 1659 1613 ossibus
1691 1563 1796 1611 eius
1836 1579 1909 1612 30-
1959 1621 1981 1640 ⁴*

215 1638 422 1699 pultura
461 1640 510 1686 01
549 1636 811 1685 celebritas
850 1639 1063 1686 nominis
1110 1638 1162 1685 in
1210 1639 1468 1685 aeternum
1513 1653 1746 1688 mansura
1796 1653 1907 1699 pro·
1957 1636 1991 1703 7':

215 1713 448 1759 mittitur.
518 1713 595 1760 his
626 1711 766 1760 dictis
797 1727 944 1760 curae
976 1716 1154 1760 emotae
1175 1712 1448 1772 pulsusque
1469 1727 1745 1773 parmper
1768 1712 1908 1760 corde

217 1786 376 1833 dolor:
436 1787 633 1833 tantum
685 1785 930 1834 veridicae
993 1787 1124 1834 vatis
1186 1787 1458 1834 auctoritas
1522 1788 1571 1834 et
1633 1786 1907 1835 consolatio
1966 1807 1973 1814 ··

215 1860 392 1920 valuit,
429 1862 486 1907 111
524 1859 790 1908 Palinurus
830 1863 1060 1922 suscepta
1092 1861 1315 1908 oratione
1346 1860 1441 1908 tali
1472 1875 1640 1908 curam
1669 1860 1909 1908 inflictam

217 1933 404 1980 dudum
456 1934 729 1982 relaxasset
783 1936 948 1982 animo
1004 1937 1054 1982 et
1103 1934 1324 1983 dolorem
1378 1950 1475 1996 quo
1531 1934 1773 1997 agebatur
1826 1949 1910 1983 cor
1952 1958 1974 1967 ν

215 2009 501 2055 remisisset.
587 2009 714 2056 tristi
754 2009 936 2069 gaudet
988 2010 1265 2069 cognomine
1319 2011 1501 2056 terrae:
1556 2008 1804 2072 gaudebat
1857 2024 1908 2066 se
1971 2004 1987 2035 ‘³'

214 2082 409 2130 tristem
447 2081 579 2143 licet,
618 2085 787 2130 tamen
823 2084 1119 2145 perpetuam
1155 2083 1447 2130 memoriam
1487 2083 1564 2130 sui
1601 2082 1815 2131 nominis
1854 2084 1907 2130 in

213 2155 315 2204 illis
353 2155 639 2220 regionibus
677 2155 979 2206 habiturum.
1967 2147 1987 2228 ,f

326 2229 462 2290 Ergo
485 2231 576 2278 iter
598 2232 840 2291 ‘inceptum
861 2234 1132 2291 peraywnt:
1162 2232 1415 2292 inceptum
1447 2230 1574 2277 dixit
1605 2229 1906 2278 destinatum
1956 2231 1981 2294 'T‘

216 2307 366 2366 atque
413 2303 721 2365 dispositum.
798 2306 1040 2365 fluvioque
1076 2306 1437 2365 propinquant:
1491 2303 1732 2366 conpletis
1779 2319 1905 2366 quae

335 2449 361 2488 3
393 2445 486 2489 tuis
517 2458 604 2488 om.
633 2444 703 2488 ed.
828 2450 853 2488 9
885 2447 992 2502 post
1022 2446 1254 2490 voluntate
1285 2444 1492 2502 spatium
1515 2449 1571 2488 45
1604 2443 1700 2488 fere
1723 2443 1904 2488 littera·
1967 2443 1986 2498 {s

214 2519 317 2547 rum
349 2505 488 2548 vacat
517 2503 567 2547 in
591 2503 646 2558 V,
672 2504 798 2559 quod
823 2504 1008 2561 explere
1031 2518 1124 2548 non
1149 2503 1314 2558 audeo,
1337 2518 1425 2548 sua
1449 2503 1556 2547 add.
1576 2504 1646 2548 ed.
1695 2503 1907 2560 sequitur

213 2577 309 2607 ‘non
340 2564 442 2607 licet
457 2589 512 2595 —
529 2563 737 2608 ‘relevaris
767 2577 872 2606 cum
904 2563 1074 2607 lacuna
1101 2569 1155 2608 15
1187 2563 1284 2606 fere
1315 2563 1580 2607 litterarum
1610 2563 1660 2606 in
1683 2562 1739 2618 V,
1764 2575 1905 2618 quam
1944 2606 1947 2607 ⁷
1988 2603 1989 2606 ,

215 2621 411 2679 explevi.
473 2636 558 2678 pro
597 2621 671 2665 his
708 2623 863 2666 verbis
903 2623 1128 2677 „habebis
1167 2621 1556 2666 iucundissimum
1593 2621 1750 2678 inquit
1784 2621 1904 2666 sola.-

214 2681 334 2725 tium
374 2694 533 2725 eorum
573 2694 694 2736 quae
733 2681 926 2726 tuleris“
965 2681 1183 2738 intel-pol.
1217 2681 1288 2725 ed.
1444 2685 1496 2724 13
1537 2695 1626 2726 esse
1664 2694 1752 2725 om.
1787 2680 1857 2725 ed.
1893 2680 1899 2739 Ι
1951 2684 2009 2740 ξς

215 2741 412 2785 dilatum
442 2739 485 2783 V
509 2754 623 2784 corr.
649 2740 722 2784 ed.
826 2745 881 2784 14
912 2741 1261 2796 commu-nefasti
1289 2739 1332 2784 V
1355 2754 1470 2784 corr.
1495 2740 1567 2784 ed.
1673 2744 1727 2783 16
1758 2745 1905 2784 rectus
1956 2751 2009 2793 ,μς

213 2799 256 2843 V
287 2804 455 2844 erectus
488 2799 560 2843 ed.
705 2804 758 2842 21
792 2801 885 2844 viri
914 2800 1044 2846 dicae
1074 2800 1117 2844 V
1147 2799 1350 2844 veridica
1380 2799 1451 2844 ed.
1596 2802 1652 2842 23
1685 2800 1905 2857 ayebatm·

215 2858 272 2902 cf.
306 2873 345 2903 v.
374 2862 458 2902 159
498 2857 540 2902 V
579 2859 833 2917 anyebatur
871 2859 943 2903 ed.
1100 2863 1222 2903 23-
1233 2862 1290 2902 24
1327 2872 1423 2903 non
1459 2859 1701 2903 remisisset
1729 2857 1772 2902 V
1809 2870 1904 2902 ‘non
1967 2872 2008 2903 1..

215 2931 303 2961 om.
328 2917 374 2961 H
404 2917 475 2961 ed.
509 2931 586 2962 cor
614 2932 652 2962 r.
684 2931 782 2962 nos.
928 2923 986 2963 24
1018 2919 1144 2963 tristi
1172 2918 1251 2962 1110
1280 2916 1426 2962 habet
1455 2916 1499 2961 V
1529 2917 1590 2960 ad
1622 2916 1902 2987 antecedens

214 2976 388 3020 lemma
417 2975 539 3021 falso
569 2976 767 3020 retraxit
797 2976 868 3020 ed.
1946 2979 1947 2982 ’
1979 2983 1983 2986 ’
