2014 3226
182 143 251 193 52
645 138 875 182 DONATI
905 137 1183 180 INTERPR.
1217 136 1394 182 VERG.

182 281 348 343 igebat
396 294 563 338 causa,
620 277 752 339 apud
791 281 984 339 patrem
1023 278 1156 324 enim
1193 293 1292 325 non
1331 277 1495 338 potuit
1535 277 1770 338 conqueri
1809 276 1868 324 de

183 355 300 416 diis,
350 354 433 401 sed
479 352 657 399 iustius
706 366 787 398 eos
834 350 1066 411 pulsabat
1113 350 1247 411 apud
1290 367 1477 413 regem,
1533 351 1743 411 denique
1799 351 1867 397 sic

182 429 363 489 coepit:
405 444 430 474 o
474 426 557 486 qui
596 441 672 472 res
712 425 1065 486 hominumque
1097 425 1339 486 deumque
1372 427 1584 472 aeternis
1615 425 1745 486 regis
1778 423 1868 470 im-

182 502 329 563 periis
370 504 417 547 et
456 499 661 546 fulmine
701 502 870 545 terres,
942 498 1037 545 duo
1079 502 1246 545 autem
1283 499 1544 559 proposuit
1584 501 1632 546 et
1672 498 1868 560 singula

183 575 387 638 singulis
437 573 589 631 dedit,
639 572 843 618 deorum
888 587 1128 633 personae
1171 572 1442 632 adplicavit
1484 573 1695 618 aeternis
1735 572 1866 634 regis
1915 587 1935 619 5
1975 621 1979 626 ,

182 648 414 710 imperiis,
455 647 712 693 hominum
751 661 866 693 vero
908 649 956 693 et
996 646 1203 692 fulmine
1243 649 1419 707 terres,
1466 649 1522 692 ut
1571 645 1867 692 auctoritate

181 726 413 784 regantur
460 720 551 779 dii,
598 719 818 767 homines
867 723 1032 766 autem
1079 719 1289 766 fulmine
1335 722 1617 766 terreantur
1665 722 1714 766 et
1754 733 1866 766 con-

180 796 428 857 pellantur
483 794 544 841 ad
599 794 980 841 venerationem.
1073 794 1262 840 interea
1320 808 1431 839 eum
1485 792 1606 840 dicit
1655 794 1866 840 aeternis

180 869 308 932 regis
354 868 597 929 imperiis,
645 867 771 914 illud
809 868 1035 930 intellegi
1074 870 1259 929 potest,
1308 868 1427 928 quia
1473 867 1723 914 contemni
1769 882 1867 914 non

181 943 323 990 debet
368 944 587 1003 potestas
637 957 762 1002 quae
816 944 1055 1003 perpetuo
1110 944 1300 1001 manet3
1361 940 1451 987 illa
1507 942 1639 987 enim
1693 955 1866 988 revera
1893 957 1934 989 ιο

180 1017 376 1080 neglegi
400 1016 524 1062 solet
551 1030 675 1076 quae
702 1015 871 1076 aliquo
893 1014 989 1062 fine
1013 1014 1250 1076 temporis
1279 1014 1602 1062 concluditur.
1656 1014 1864 1075 proinde

181 1092 252 1138 ait
290 1106 375 1138 cur
411 1088 618 1136 veniunt
658 1088 728 1135 dii
767 1092 937 1136 contra
977 1105 1033 1135 ea
1073 1104 1199 1150 quae
1239 1091 1354 1136 sunt
1382 1088 1529 1135 fatali
1560 1089 1668 1151 lege
1702 1087 1863 1149 dispo-

180 1162 309 1212 sita?
387 1162 505 1224 quid
544 1178 680 1210 meus
718 1163 911 1210 Aeneas
950 1164 1003 1209 in
1041 1165 1091 1210 te
1131 1165 1436 1210 committere
1483 1165 1701 1222 tantum,
1748 1161 1868 1223 quid

182 1239 330 1285 Troes
375 1235 614 1298 potuere?
692 1251 884 1299 secura,
932 1237 1064 1297 quod
1111 1251 1313 1284 causam
1359 1236 1543 1284 diceret
1591 1236 1863 1283 insontium

182 1311 367 1372 delicti,
416 1311 590 1358 dehinc
637 1310 791 1374 exigit
837 1325 1037 1370 nomen,
1087 1311 1322 1371 quoniam
1367 1313 1575 1358 noverat
1613 1310 1740 1356 nihil
1779 1309 1863 1356 ad·
1893 1325 1935 1359 15

183 1386 370 1433 misisse
419 1384 680 1446 Troianos,
727 1387 804 1447 ut,
853 1399 965 1431 cum
1010 1385 1203 1431 nullum
1251 1388 1377 1432 esset
1423 1386 1705 1443 inventum,
1753 1398 1865 1431 con-

183 1463 334 1507 staret
374 1458 628 1506 inmeritos
667 1459 789 1506 haec
827 1473 1000 1519 passos
1041 1473 1143 1506 esse
1182 1458 1263 1506 vel
1301 1458 1423 1519 pati.
1493 1458 1564 1505 ait
1597 1473 1714 1521 ergo
1749 1457 1867 1518 quid

182 1549 317 1580 meus
370 1532 587 1580 Aeneas:
651 1531 935 1594 specialiter
994 1548 1173 1580 nomen
1236 1532 1340 1579 eius
1403 1531 1574 1594 attigit
1637 1535 1786 1592 atque
1841 1548 1868 1578 a

184 1607 343 1669 specie
366 1605 547 1654 transit
572 1606 635 1653 ad
659 1606 1040 1669 generalitatem
1071 1606 1276 1654 dicendo
1304 1606 1423 1667 quid
1447 1605 1598 1654 Troes
1628 1603 1869 1668 potuere?

185 1681 315 1742 quod
360 1696 477 1728 vero
526 1680 597 1727 ait
641 1680 694 1726 in
740 1683 790 1727 te
836 1680 1163 1740 committere,
1209 1683 1259 1727 te
1305 1696 1577 1741 pronomen
1623 1678 1870 1742 significat
1895 1695 1970 1739 2⁰2

183 1757 231 1801 te
276 1769 444 1818 regem
491 1753 695 1801 deorum
741 1757 790 1801 et
835 1753 1111 1815 hominum,
1159 1758 1209 1801 te
1257 1753 1343 1815 qui
1390 1755 1556 1802 omnia
1594 1753 1779 1801 habeas
1818 1753 1871 1799 in
1968 1744 1970 1748 ’

184 1831 442 1889 potestate,
482 1831 531 1875 te
571 1843 719 1876 avum
759 1843 915 1889 suum,
953 1831 1004 1875 te
1042 1828 1392 1889 promissorem
1431 1827 1629 1889 imperii
1665 1827 1783 1875 novi
1824 1829 1871 1874 et

186 1901 290 1963 spei
335 1901 554 1948 melioris
598 1904 869 1962 auctorem,
915 1905 966 1949 te
1005 1917 1152 1964 quem
1191 1917 1358 1949 omnes
1398 1901 1468 1948 dii
1509 1902 1784 1963 suspiciunt
1823 1903 1871 1948 et

185 1975 407 2022 homines
460 1974 666 2022 fulmine
719 1975 882 2022 territi
936 1979 1246 2023 venerantur.
1321 1975 1452 2037 quod
1504 1974 1674 2036 posuit
1734 1989 1871 2022 meus
1951 1971 1970 1990 '²¹

187 2049 393 2107 Aeneas,
432 2064 569 2095 meus
610 2065 759 2109 quam
797 2049 900 2097 vim
938 2050 1018 2096 vel
1059 2049 1178 2110 quid
1209 2049 1438 2111 ponderis
1470 2049 1654 2096 habeat
1684 2049 1738 2096 in
1770 2049 1870 2095 evi-
1895 2063 1941 2098 2⁵

188 2123 323 2170 denti
362 2126 436 2170 est
475 2138 632 2170 nosse.
694 2138 831 2170 meus
872 2125 1003 2170 enim
1041 2124 1134 2171 hoc
1173 2126 1268 2171 est:
1307 2123 1438 2170 filius
1479 2138 1616 2170 meus
1646 2121 1870 2184 perinde-

190 2211 282 2257 que
332 2211 483 2257 nepos
537 2199 673 2258 tuus,
727 2198 840 2258 pius
888 2200 936 2244 et
984 2197 1188 2245 deorum
1236 2196 1455 2244 omnium
1503 2197 1674 2244 cultor.
1755 2195 1875 2257 quid
1951 2215 1969 2234 »τ

192 2269 340 2316 Troes
379 2271 577 2316 tantum
616 2268 852 2331 potuere?
927 2274 1125 2318 tantum
1169 2271 1245 2319 bis
1291 2269 1701 2334 intellegendum:
1755 2269 1875 2331 quid

190 2346 385 2391 tantum
431 2342 624 2391 Aeneas
673 2342 952 2391 commisit?
1029 2345 1148 2406 quid
1192 2347 1390 2392 tantum
1435 2345 1586 2392 Troes
1637 2340 1874 2405 potuere?
1950 2351 1969 2384 ³!

190 2419 387 2464 tantum
424 2416 516 2463 hoc
555 2420 629 2464 est
666 2419 772 2464 tam
811 2433 975 2481 grave,
1014 2421 1122 2466 tam
1159 2433 1410 2482 magnum,
1441 2421 1547 2465 tam
1585 2419 1784 2465 inmane
1825 2419 1873 2464 et
1897 2419 1980 2477 ⁸⁰2]

192 2489 321 2552 quod
360 2492 437 2537 tot
474 2490 646 2551 poenis
687 2491 877 2552 expiari
913 2507 1012 2539 non
1050 2494 1228 2554 possit,
1275 2493 1406 2554 quod
1446 2492 1624 2539 scelere
1673 2490 1876 2538 admissi
1942 2523 1950 2538 «,

193 2579 356 2611 arcere
388 2562 628 2612 Troianos
668 2563 845 2612 debeat
883 2565 946 2612 ab
977 2565 1141 2613 Italia.
1203 2581 1264 2628 pr
1266 2568 1468 2627 opterea
1497 2567 1665 2627 posuit
1697 2563 1874 2626 quibus
1938 2573 1978 2630 Jss‘

1948 2470 1967 2506 ’ὁ

1944 2596 1967 2722 ἒ

311 2767 363 2806 11
396 2765 504 2807 solet
535 2762 620 2806 LR
645 2769 791 2819 potest
823 2763 892 2807 ed.
998 2768 1053 2807 20
1086 2770 1126 2808 te
1150 2778 1402 2820 pronomen
1433 2764 1518 2807 LR
1549 2769 1590 2808 te
1621 2777 1709 2808 om.
1743 2763 1800 2807 ed
1924 2721 1967 2818 ἲ

193 2826 247 2865 21
279 2821 414 2866 habes
445 2822 515 2865 ed.
669 2826 724 2865 22
757 2826 798 2866 te
828 2836 961 2866 avum
993 2837 1126 2867 suum
1158 2838 1247 2867 om.
1278 2824 1349 2867 ed.
1507 2827 1563 2867 26
1593 2836 1771 2867 ‘noscere
1802 2822 1872 2864 ed.
1938 2822 1950 2827 “

281 2884 337 2923 28
370 2881 715 2938 intelleyendum
745 2886 810 2925 est
840 2881 911 2924 ed.
1027 2886 1078 2924 31
1114 2883 1236 2939 quod
1264 2883 1420 2927 scelere
1451 2882 1643 2926 admissi
1670 2880 1757 2924 LR
1788 2893 1875 2937 quo
1936 2882 1941 2886 ’

193 2938 264 2981 ed.
296 2938 447 2995 magis
479 2941 592 2982 mut.
626 2939 697 2983 ed.
730 2941 848 2996 post.
