2014 3226
746 176 1048 221 AENEmos
1080 177 1143 220 VI
1694 181 1801 232 543

112 330 225 362 rum
271 315 459 362 viscera
512 316 731 374 flammis
777 314 985 377 [pinque
1037 331 1276 378 superque
1329 319 1485 366 oleum
1540 320 1803 379 infundens

115 389 397 436 ardentibus
437 386 606 448 extiss·
661 390 759 450 ipsi
806 392 913 452 regi
959 390 1228 438 inferorum
1275 398 1517 440 nocturna
1565 393 1803 443 sacrificia

114 462 333 510 instituit
365 461 604 522 exhiberi3
648 478 763 509 nam
797 465 946 510 etiam
978 464 1070 511 hoc
1101 467 1296 526 tempus
1331 466 1461 527 quod
1492 466 1803 515 tenebrosum

116 538 190 583 est
228 536 398 583 inferis
440 537 683 583 convenit.
762 538 893 598 quod
927 540 1089 584 autem
1123 539 1281 587 solida
1311 542 1567 587 taurorum
1601 556 1805 602 corpora

71 626 90 659 5
114 611 336 672 inposuit
377 611 466 657 aut
506 609 731 671 obsequii
777 611 912 672 pleni
952 613 1049 658 fuit
1097 620 1184 660 aut
1229 614 1381 661 moris
1429 614 1598 676 aliqua
1644 629 1804 663 sacro-

112 700 224 731 rum
263 684 370 747 lege
418 682 623 731 definiti.
702 684 863 732 oleum
903 701 1018 732 vero
1065 702 1161 733 non
1209 686 1465 735 dubitatur
1510 688 1692 736 idcirco
1731 688 1804 734 in-

115 759 302 819 fusum,
352 759 410 805 ut
450 757 549 805 aris
587 759 808 821 inposita
846 759 1042 807 facilius
1082 763 1412 808 exurerentur.
1490 763 1649 809 omnis
1689 777 1804 809 vero

114 833 214 880 ista
252 831 519 894 descriptio
560 832 779 880 ostendit
819 848 915 894 quo
955 849 1089 880 more
1129 835 1207 881 vel
1248 835 1424 896 quibus
1458 838 1544 883 aut
1575 835 1804 898 qualibus

116 909 166 953 et
217 907 416 967 quantis
470 905 769 954 animalibus
822 905 974 954 caesis
1034 907 1303 954 inferorum
1355 910 1609 956 numinum
1662 910 1805 958 favor

50 996 92 1028 10
115 980 274 1042 possit
305 979 514 1042 adquiri.
579 995 679 1028 ecce
703 984 887 1028 autem:
925 980 1220 1042 ubicumque
1252 984 1456 1043 ponitur
1483 998 1592 1030 ecce
1625 987 1791 1031 autem
1808 988 1894 1028 255

117 1053 311 1115 aliquid
350 1069 544 1102 necesse
585 1056 660 1101 est
706 1053 846 1115 sequi
896 1054 1027 1115 quod
1066 1057 1252 1102 metum
1300 1056 1493 1104 adferat
1530 1058 1609 1104 vel
1649 1056 1803 1105 admi-

116 1127 374 1175 rationem.
444 1129 602 1187 primi
639 1123 730 1175 sub
762 1129 952 1176 lumina
981 1129 1121 1176 solis:
1158 1146 1219 1177 ne
1250 1131 1491 1178 incertum
1525 1133 1653 1179 esset
1685 1131 1804 1192 quid

117 1201 418 1265 significaret
458 1201 546 1248 sub
586 1202 780 1248 lumina
819 1202 950 1262 solis,
991 1202 1183 1250 addidit
1222 1207 1264 1250 et
1301 1208 1447 1258 ortus,
1487 1207 1544 1252 ut
1582 1208 1806 1267 apertam

8 1330 24 1339 ‚
117 1275 509 1339 designationem
534 1275 683 1323 horae
707 1276 788 1323 vel
810 1276 1050 1338 temporis
1067 1276 1439 1325 demonstraret.
1486 1281 1653 1340 potest
1676 1279 1806 1326 enim

50 1365 92 1398 ιτ)
119 1365 223 1398 esse
254 1350 421 1397 lumen
453 1349 572 1398 solis
605 1350 758 1398 etiam
788 1350 922 1398 horis
955 1350 1068 1399 aliis
1100 1351 1278 1413 quibus
1311 1351 1492 1399 dicitur
1523 1352 1639 1400 dies.
1716 1353 1805 1399 sub

107 1425 318 1485 pedibus
356 1425 544 1484 muqire
589 1425 774 1473 solum:
819 1425 1011 1487 mugire
1058 1427 1288 1487 coeperat
1333 1424 1556 1474 subiecta
1600 1425 1806 1488 pedibus

116 1501 265 1546 terra.
343 1501 386 1546 et
421 1499 542 1559 iuya
580 1501 746 1558 coepta
782 1500 964 1546 moveri
1001 1499 1240 1547 silvarum
1269 1501 1494 1559 visaeque
1524 1514 1668 1548 canes
1697 1500 1807 1547 ulu-

117 1573 222 1620 lare
250 1587 346 1634 per
375 1572 625 1620 umbram:
663 1573 785 1620 haec
815 1571 1001 1620 fiebant
1037 1588 1126 1636 per
1163 1571 1409 1634 umbram,
1448 1589 1601 1635 prope
1638 1575 1806 1622 tamen

119 1645 208 1695 sub
257 1646 374 1694 solis
420 1648 658 1694 exortum.
737 1646 1034 1707 existebant,
1088 1647 1277 1708 inquit,
1331 1647 1570 1695 miracula
1626 1648 1807 1708 omnia,

16 1724 25 1762 ἶ
51 1735 95 1769 so
120 1735 225 1768 cum
276 1720 397 1768 deae
437 1720 636 1768 Triviae
682 1722 785 1768 iam
829 1736 984 1782 prope
1022 1719 1273 1768 videretur
1312 1720 1565 1768 adventus.
1642 1736 1806 1768 move-

117 1794 302 1842 bantur
346 1796 397 1842 et
446 1793 565 1858 iuga
618 1795 879 1854 silvarum,
932 1793 1152 1859 mugitus
1207 1794 1295 1842 sub
1345 1793 1551 1856 pedibus
1607 1797 1806 1842 exortus

117 1868 374 1918 hominum
416 1870 550 1917 auris
589 1868 829 1932 tangebat
874 1871 924 1915 et
970 1870 1207 1928 mentem,
1256 1883 1398 1916 canes
1448 1884 1537 1930 per
1582 1868 1807 1916 umbram

118 1943 343 1991 ululatus
390 1941 590 1990 dabant.
674 1958 763 2005 per
816 1942 1045 1990 umbram
1100 1941 1163 1990 ad
1208 1941 1373 1989 omnia
1418 1942 1635 2004 pertinet
1681 1957 1806 2004 quae

120 2016 395 2079 descripsit,
426 2017 545 2064 licet
575 2017 726 2065 semel
750 2018 818 2064 sit
839 2015 1069 2077 positum.
1131 2015 1207 2063 his
1233 2015 1589 2063 animadversis
1615 2014 1808 2078 Sibylla

15 2081 25 2130 ἵ
51 2104 96 2139 2⁵
117 2090 366 2139 intellexit
394 2090 557 2153 ipsam
587 2092 756 2139 venire
787 2090 999 2137 inferum
1029 2089 1304 2152 principem
1337 2092 1386 2137 et
1416 2090 1486 2138 sic
1515 2089 1684 2137 locuta
1711 2092 1806 2137 est:

16 2157 20 2165 ’
120 2165 410 2213 adventante
439 2165 532 2212 dea
553 2164 731 2227 procul
754 2178 782 2212 o
804 2165 982 2225 procul
1012 2166 1105 2212 este
1126 2164 1335 2223 profani
1364 2163 1632 2211 comlamat
1659 2166 1806 2211 vates.

16 2266 26 2303 ς,
121 2237 242 2301 quid
280 2237 375 2286 sibi
412 2238 538 2287 velit
575 2238 847 2300 duplicatio
886 2236 1031 2298 dicti,
1070 2236 1345 2285 evidentius
1386 2236 1692 2285 demonstrat
1734 2237 1804 2284 di-

15 2313 32 2382 '4
61 2343 63 2345 >
121 2311 273 2360 cendo
305 2316 490 2372 totoque
520 2313 735 2362 absistite
765 2313 885 2361 luco,
948 2312 1183 2373 quoniam
1207 2310 1446 2359 adventus
1471 2310 1591 2359 deae
1622 2310 1807 2358 nullius

119 2387 320 2450 profani
356 2388 693 2448 praesentiam
732 2387 938 2448 patitur,
977 2384 1234 2444 discedite,
1272 2384 1458 2446 inquit,
1505 2384 1671 2445 alieni,
1709 2399 1806 2431 non

41 2474 99 2508 2⁸0
121 2461 398 2523 paululum,
436 2460 522 2510 sed
560 2460 636 2508 ita
673 2462 731 2508 ut
769 2460 935 2508 lucum
964 2460 1129 2521 ipsum
1161 2459 1358 2520 penitus
1390 2457 1640 2506 deseratis.
1715 2457 1807 2505 hoc

242 2634 264 2672 1
275 2630 540 2698 pinque—
558 2635 584 2674 2
624 2630 741 2676 extis
779 2629 912 2674 deest
948 2627 999 2671 in
1029 2627 1086 2684 V,
1125 2627 1207 2672 sed
1238 2627 1516 2684 explicatur,
1556 2626 1809 2682 infundens

123 2687 289 2745 scripsi
319 2691 512 2746 propter
541 2690 761 2743 infusum.
900 2692 927 2732 6
958 2662 1136 2742 detin'iti
1165 2685 1208 2730 V
1238 2687 1427 2742 definita
1457 2686 1529 2730 ed.
1661 2689 1688 2729 8
1720 2697 1808 2740 quo

121 2760 242 2792 more
264 2746 308 2791 V
330 2763 422 2805 qua
451 2753 592 2794 morte
621 2748 694 2793 ed.
790 2751 816 2791 9
846 2760 1083 2791 numerum
1113 2747 1248 2801 favor
1270 2745 1312 2789 V
1342 2745 1584 2790 numinum
1612 2744 1649 2799 f.
1674 2742 1746 2788 ed.

124 2810 180 2849 13
210 2811 254 2851 et
282 2812 408 2852 ortus
438 2807 481 2851 V
511 2813 554 2852 et
584 2821 673 2852 om.
699 2806 771 2851 ed.
888 2809 944 2849 14
974 2805 1330 2863 designationem
1359 2804 1402 2849 V
1430 2803 1808 2862 siqnificationm

122 2863 214 2910 ΗΟ
248 2866 319 2910 ed.
443 2871 497 2911 19
528 2866 700 2912 subolis
729 2864 774 2910 V
801 2866 885 2911 sub
914 2864 1024 2909 solis
1054 2864 1124 2908 ed.
1176 2866 1182 2920 Ι
1239 2868 1397 2908 exortu
1427 2862 1470 2907 V
1499 2867 1701 2907 exortum
1733 2859 1806 2905 ed.

213 2928 271 2968 20
301 2926 396 2969 iam
427 2939 515 2970 om.
541 2925 614 2970 ed.
737 2929 792 2968 22
828 2924 959 2970 canis
988 2922 1044 2967 V.
1166 2927 1222 2966 25
1254 2923 1454 2977 inferum
1484 2919 1526 2964 V
1555 2921 1808 2975 insa-orum

125 2982 196 3027 ed.
290 2988 347 3028 30
377 2986 486 3042 post
515 2984 732 3030 deseratis
762 2981 985 3027 dimidius
1016 2994 1173 3026 versus
1204 2983 1343 3026 vacat
1372 2994 1478 3025 oum
1500 2991 1663 3024 rasura
1685 2976 1806 3023 inv.
