2014 3226
901 139 1203 184 AENEmos
1237 139 1298 183 vl
1832 143 1939 195 619

256 295 438 329 ancora
484 281 542 328 de
579 294 736 339 prora
783 281 980 334 iacitur,
1034 281 1165 326 stant
1213 279 1351 327 litore
1396 295 1610 340 puppes:
1672 282 1762 327 hae
1810 282 1940 329 enim

256 355 359 402 illic
406 354 608 402 stabant
654 354 877 400 munitae
923 354 1136 413 ancoris,
1185 353 1371 414 duplici
1411 354 1599 402 scilicet
1636 356 1828 402 ratione
1868 371 1939 403 se-

256 443 423 488 curae,
471 428 551 476 vel
599 426 728 488 quod
776 426 1031 474 muniebat
1076 427 1164 474 has
1212 431 1385 488 portus
1432 428 1510 475 vel
1557 428 1686 490 quod
1728 429 1940 490 pondere

255 502 562 550 tenebantur.
646 503 846 562 portum
902 500 1101 548 Caietae
1157 517 1215 548 ex
1268 516 1477 563 persona
1530 504 1704 563 poetae
1767 503 1940 550 melius

211 593 231 626 5
258 576 551 638 accipimus3
590 575 783 622 Aeneas
825 576 954 622 enim
994 574 1212 622 nondum
1249 575 1356 622 loco
1388 576 1484 636 ipsi
1516 575 1719 623 dederat
1750 591 1939 624 nomen.

18 586 23 635 ἕ

379 751 400 789 1
429 759 577 802 pupes
607 745 662 787 V.
700 748 705 802 Ι
747 746 855 789 haec
886 745 939 787 V.
1063 750 1087 787 2
1121 745 1319 800 duplicis
1353 746 1452 790 licet
1483 746 1536 789 V.
1574 772 1627 778 —
1661 745 1941 802 subscriptio

256 805 419 862 plena:
458 806 610 850 Tiberi
637 805 805 850 Claudi
828 805 1009 849 Donati
1039 805 1101 847 ad
1140 805 1365 848 Tiberium
1400 806 1646 849 Claudium
1680 806 1942 849 Maximum

256 865 580 909 Donatianum
609 865 757 919 filium
780 877 910 907 suum
937 865 1358 920 interpretatiommn
1387 865 1754 921 Veryilianarum
1779 865 1941 909 Aenei-

257 925 339 969 dos
369 925 483 969 liber
506 924 579 967 VI
605 924 789 980 explicit
820 923 985 978 incipit
1016 923 1128 967 liber
1157 923 1261 966 VII.

914 2063 1302 2128 Corrigenda:

510 2193 555 2236 p.
582 2181 608 2221 8
640 2193 685 2222 n.
714 2182 767 2222 18
799 2179 906 2234 post
936 2176 1228 2232 Laviniaque
1256 2174 1408 2219 insere
1440 2176 1507 2230 (et
1536 2173 1691 2230 infra).

510 2253 556 2294 p.
582 2242 638 2282 42
670 2253 716 2281 n.
742 2240 798 2280 10
828 2235 934 2293 lege
965 2240 1123 2292 aequet
1150 2249 1235 2291 pro
1266 2238 1470 2291 aequent.

510 2312 556 2354 p.
583 2301 683 2351 65‚2
715 2295 820 2354 lege
851 2309 967 2351 opus
999 2308 1084 2351 pro
1115 2307 1242 2350 opes.

510 2371 557 2414 p.
584 2359 715 2411 431‚8
747 2354 853 2399 dele
885 2390 896 2408 ‚
929 2358 1038 2398 ante
1070 2366 1127 2397 ex
1157 2367 1262 2410 quo.
