2014 3226
735 165 1037 210 AENEIDOS
1068 166 1131 210 VI
1666 172 1772 224 (509

87 306 338 369 regnabit,
388 307 472 366 qui
520 320 668 351 aurea
706 307 932 367 tempora
971 306 1146 353 habuit
1184 308 1508 370 regnavitque
1548 326 1636 371 per
1675 312 1772 358 lta-

88 381 221 427 liam.
300 380 418 426 dum
467 377 669 426 Saturni
716 382 1231 428 commemorationem
1277 382 1420 442 facit,
1475 400 1618 444 quem
1667 386 1773 431 vult

87 454 218 502 inter
262 455 472 500 maiores
516 451 738 500 Caesaris
784 455 1056 513 numerari,
1104 455 1229 501 illud
1270 456 1466 503 videtur
1505 457 1772 518 adstruere,

86 531 142 575 ut
187 526 425 590 regnandi
473 526 686 574 felicitas
734 529 902 589 generi
949 529 1054 575 eius
1095 529 1337 576 attributa
1376 529 1618 578 videatur.
1697 548 1772 578 or-

41 619 60 651 5
86 602 288 648 dinatur
341 615 508 648 36113113
562 602 654 647 sic:
717 600 796 648 hic
851 603 925 649 est
975 602 1231 665 Augustus
1283 602 1481 664 Caesar,
1536 604 1637 652 divi
1691 622 1770 669 ge-

85 690 198 734 nus,
254 676 344 736 qui
396 689 566 721 rursus
621 674 788 722 condit
842 691 994 722 aurea
1046 676 1242 723 saecula
1289 676 1502 725 Saturno
1549 682 1770 741 regnata.

85 785 899 796 ............................
921 744 1228 813 [impe]rium
1270 751 1486 811 proferet
1526 766 1582 799 ae
1621 752 1770 800 latius

85 824 248 870 faciet.
324 859 840 870 ..................
874 826 954 870 tor
999 840 1097 871 non
1144 824 1265 871 adeo
1321 825 1481 873 laudis
1535 826 1772 887 inplesset

84 896 323 957 officium,
370 898 413 943 si
460 912 517 943 ea
555 900 750 944 tantum
799 913 925 958 quae
968 896 1209 945 Saturnus
1258 901 1477 960 gesserat
1523 900 1770 947 facturum

16 988 60 1019 ιο
85 970 345 1018 Caesarem
378 970 574 1018 diceret.
633 970 751 1031 quid
784 972 914 1018 enim
946 971 1264 1019 memorabile
1297 974 1463 1033 posset
1494 987 1611 1031 esse,
1646 975 1687 1021 si
1718 973 1769 1020 id

84 1045 255 1092 fecisse
299 1043 558 1091 Caesarem
598 1043 781 1092 diceret
821 1044 950 1106 quod
991 1045 1117 1093 alius
1157 1045 1385 1092 videatur
1422 1046 1635 1108 inplesse
1684 1047 1769 1108 qui

83 1119 135 1164 in
177 1119 281 1166 sola
320 1119 550 1180 regnavit
587 1116 772 1166 Italia?
848 1119 1020 1179 faciet,
1059 1121 1245 1180 inquit,
1286 1117 1465 1167 Caesar
1513 1120 1642 1181 quod
1682 1119 1768 1167 Sa-

82 1196 257 1240 turnus
313 1194 362 1239 et
417 1208 472 1240 eo
528 1192 765 1254 amplius,
819 1192 1042 1240 domabit
1095 1195 1254 1256 gentis
1309 1197 1358 1240 et
1410 1194 1593 1241 terram
1641 1210 1767 1255 quae

15 1327 20 1330 .
82 1266 210 1314 iacet
250 1269 389 1314 extra
427 1266 590 1314 sidera
629 1269 679 1315 et
717 1268 856 1314 extra
896 1268 1014 1314 anni
1053 1268 1159 1314 vias
1199 1268 1249 1314 et
1283 1266 1414 1326 solis,
1447 1261 1579 1331 [ubi]
1612 1282 1768 1316 annus

14 1357 57 1391 15
81 1339 308 1388 noctibus
349 1340 600 1388 concurrit
638 1342 688 1387 et
726 1339 953 1388 deficitur
991 1340 1107 1388 solis
1148 1343 1198 1388 et
1236 1343 1506 1388 ceterorum
1553 1341 1767 1388 siderum

80 1413 310 1462 motibus.
390 1414 499 1462 vult
545 1429 661 1476 ergo
710 1429 814 1463 esse
860 1414 1068 1461 ulterius
1109 1414 1299 1475 aliquid
1336 1417 1486 1474 poeta
1523 1414 1654 1475 quod
1693 1414 1767 1462 sol

81 1487 271 1536 nesciat
317 1490 367 1535 et
412 1487 623 1535 mundus
665 1487 904 1535 excludat.
982 1488 1068 1535 ubi
1106 1491 1201 1547 est,
1240 1487 1425 1548 inquit,
1463 1488 1642 1536 Atlans
1681 1487 1766 1535 ba-

81 1562 213 1608 iulus
261 1561 384 1609 caeli
433 1564 483 1609 et
530 1563 633 1609 axis
681 1561 807 1622 eius,
855 1561 940 1623 qui
986 1562 1133 1609 astris
1181 1562 1486 1624 fulgentibus
1528 1561 1767 1623 splendet,

81 1636 169 1683 1116
231 1650 385 1696 usque
447 1637 711 1696 imperium
776 1634 997 1683 Caesaris
1059 1635 1395 1697 triumphique
1463 1635 1764 1697 pervenient.

0 1724 57 1760 136
82 1725 190 1758 6666
230 1710 406 1757 11161161
445 1708 626 1757 Caesar
665 1725 813 1770 quam
853 1709 1115 1768 Saturnus3
1166 1709 1251 1756 ille
1291 1710 1422 1756 enim
1459 1710 1511 1756 in
1552 1709 1671 1767 3616,
1710 1712 1768 1757 ut

83 1783 270 1830 dictum
311 1786 399 1843 est,
438 1785 667 1847 regnavit
697 1783 848 1830 Italia
880 1786 930 1830 et
959 1783 1141 1830 meruit
1170 1782 1348 1830 habere
1381 1782 1495 1830 boni
1528 1784 1578 1829 et
1608 1782 1766 1831 felicis

80 1859 284 1906 rectoris
316 1859 630 1918 memoriam3
670 1859 856 1918 quanto
886 1857 1141 1904 meliorem
1172 1855 1316 1903 debet
1345 1855 1524 1903 habere
1556 1856 1766 1919 gloriam

81 1930 264 1979 Caesar
302 1946 453 1992 quam
495 1930 751 1992 Saturnus,
792 1930 878 1992 qui
915 1931 1042 1978 hanc
1081 1930 1309 1978 excedere
1340 1931 1541 1977 virtutis
1574 1932 1624 1977 et
1655 1929 1763 1976 feli-

81 2006 248 2053 citatis
288 2006 464 2053 merito
506 2005 751 2052 adseritur
779 2019 923 2066 posse
956 2007 1006 2051 et
1036 2005 1170 2051 ultra
1201 2003 1317 2052 36113
1348 2003 1455 2051 vias
1486 2002 1762 2065 triumphos

0 2095 55 2129 125
80 2094 191 2127 suos
240 2079 523 2143 gloriasque
565 2079 851 2140 perducere!
926 2079 1071 2126 huius
1109 2079 1162 2125 in
1201 2078 1459 2125 adventum
1496 2078 1597 2124 iam
1634 2091 1765 2124 nunc

78 2157 122 2202 et
163 2152 349 2212 Caspia
387 2168 539 2212 reyna
577 2154 822 2214 responsis
858 2153 1054 2200 horrent
1090 2152 1258 2200 divum
1297 2154 1340 2197 et
1368 2151 1587 2198 Maeotia
1627 2150 1764 2199 tellus

86 2358 88 2362 ,
199 2327 224 2366 5
264 2323 363 2367 divi
399 2322 441 2366 V
480 2324 690 2367 divinum
728 2323 799 2366 ed.
961 2326 985 2365 6
1025 2337 1055 2365 a
1094 2321 1295 2365 Saturno
1334 2319 1404 2363 ed.
1464 2321 1469 2375 Ι
1526 2325 1686 2377 reynat
1721 2318 1764 2363 V

79 2395 193 2425 corr.
220 2382 291 2426 ed.
424 2387 447 2426 7
481 2383 694 2438 sequitur
722 2381 892 2425 lacuna
923 2380 1121 2438 triginta
1150 2379 1247 2423 fere
1278 2378 1542 2422 litterarum
1573 2378 1640 2422 sie
1671 2378 1764 2422 for-

0 2468 2 2490 1
77 2443 204 2485 tasse
236 2441 487 2498 explenda:
531 2447 572 2486 et
601 2455 737 2498 super
764 2441 1078 2485 Garamantas
1107 2444 1149 2483 et
1171 2438 1328 2491 Indos,
1360 2439 1477 2493 impe
1508 2436 1701 2494 explevi.

0 2496 1 2500 ’
78 2503 106 2544 8
137 2501 247 2557 post
274 2502 414 2555 faciet
445 2499 768 2558 duodeviginti
800 2499 1063 2543 litterarum
1095 2497 1298 2554 spatium
1338 2498 1494 2551 vacat,
1533 2495 1658 2551 quod
1694 2496 1762 2539 sic

78 2559 288 2616 expleas:
320 2560 586 2618 [Veryilias
615 2560 734 2603 enim
767 2559 1031 2615 laudaJtor;
1071 2570 1155 2600 sua
1186 2558 1359 2600 temere
1389 2554 1603 2611 interpol.
1629 2554 1700 2599 ed.

79 2622 106 2662 9
135 2631 234 2664 swa
263 2619 306 2663 V
343 2633 383 2663 st
414 2633 468 2663 ea
505 2633 589 2663 nos
626 2620 670 2663 si
707 2618 778 2662 ed.
932 2621 987 2660 10
1018 2616 1131 2673 quid
1154 2641 1210 2647 -
1238 2619 1289 2658 11
1322 2615 1487 2659 diceret
1515 2626 1604 2658 om.
1629 2613 1702 2657 ed.

81 2681 137 2721 14
166 2677 294 2732 facet
318 2691 401 2735 pro
434 2679 550 2723 iacet
578 2677 632 2722 V.
680 2678 686 2736 Ι
734 2677 844 2722 solis
873 2690 1027 2721 annus
1057 2674 1099 2718 V
1129 2675 1209 2718 ubi
1238 2672 1508 2730 interposui.
1552 2674 1560 2728 Ι
1609 2685 1761 2716 annus

79 2761 136 2790 5-
154 2740 209 2780 16
240 2738 434 2782 motibus
466 2751 554 2781 om.
580 2736 652 2781 ed.
787 2741 840 2780 15
872 2739 1106 2780 conemret
1134 2739 1177 2792 et*¹
1205 2733 1302 2777 luce
1330 2732 1413 2777 sub
1443 2731 1555 2775 soles
1584 2730 1627 2773 V
1655 2744 1760 2775 eon·

16 2811 23 2817 ·
78 2795 228 2840 cam-it
253 2797 534 2852 etdefie'eitur
562 2796 671 2840 solis
700 2808 797 2839 nos.
892 2798 946 2837 16
978 2807 1081 2851 erqo
1113 2805 1199 2836 om.
1227 2791 1298 2835 ed.
1400 2794 1454 2834 18
1485 2790 1682 2846 splendit
1703 2788 1757 2833 V.

170 2858 224 2897 19
250 2857 482 2911 perveniet
510 2854 554 2900 V
585 2868 698 2898 corr.
724 2855 796 2898 ed.
912 2857 967 2896 20
999 2853 1146 2897 ille—
1165 2855 1221 2895 23
1254 2850 1482 2895 Summus
1513 2862 1601 2892 om.
1628 2846 1699 2892 ed.

79 2917 135 2957 23
159 2913 362 2963 excidere
384 2913 427 2958 V
450 2928 563 2959 6611.
581 2914 653 2958 611.
747 2918 920 2957 24—25
945 2911 1134 2966 triumfo
1155 2924 1211 2955 su
1234 2908 1277 2954 V
1299 2922 1412 2953 6611.
1430 2907 1502 2952 ed.
1587 2911 1643 2950 25
1665 2906 1758 2965 916-

77 2973 283 3028 riamque
313 2972 384 3018 ed.
413 2974 420 3030 Ι
447 2972 699 3030 producere
730 2972 801 3018 ed.
925 2974 981 3014 26
1015 2970 1247 3015 Maeotica
1278 2967 1349 3013 ed.

168 3053 266 3087 Don.
290 3055 447 3096 interpr.
470 3055 583 3097 Verg.
621 3055 697 3088 vol.
719 3054 750 3087 1.
1350 3044 1406 3085 39
