2014 3226
810 148 1113 192 AENEIDos
1145 148 1187 191 v
1738 150 1846 202 487

156 290 281 349 quit,
322 288 433 347 fuit,
476 303 601 349 quae
644 289 762 348 quia
801 304 900 335 non
939 291 1105 349 potest
1146 290 1282 336 aetas
1322 289 1432 348 ipsa
1472 290 1577 351 regi
1608 305 1696 349 per
1728 303 1847 349 sese,

156 362 449 424 adiungitur
481 363 525 408 ei
558 365 721 409 eustos
755 365 804 409 et
836 378 995 409 comes
1022 364 1108 423 qui
1132 362 1420 423 inpuberem
1449 378 1545 409 non
1578 362 1847 410 recedendo

158 439 368 484 tueatur.
441 440 482 483 et
511 436 665 494 fidam
696 438 766 484 sic
797 438 934 495 fatur
966 437 1032 483 ad
1064 452 1257 484 aurem:
1295 436 1440 483 facile
1480 438 1610 483 enim
1651 437 1696 483 ei
1736 452 1846 484 con·

158 510 382 557 siliorum
434 525 633 557 suorum
681 514 869 558 secreta
917 509 1157 557 fundebat
1211 511 1291 556 cui
1345 525 1544 558 securus
1592 526 1730 572 spem
1776 510 1847 556 fili

110 600 132 631 5
158 586 484 631 commiserat.
562 584 685 631 vade
725 599 811 644 aye
844 587 886 630 et
917 583 1147 639 Ascania
1188 587 1232 631 si
1269 586 1370 631 iamv
1395 582 1586 643 puerile
1609 587 1846 643 paratum

158 672 331 718 aymeu
379 659 519 705 habet
565 672 726 706 seciam
781 673 1068 717 cursumque
1113 660 1347 705 instruxit
1392 673 1643 716 equorum,
1690 659 1836 706 ducat
1852 664 1939 703 550

157 746 247 779 avo
280 735 467 779 turmas
500 735 542 779 et
578 746 678 779 sese
709 732 928 780 ostendat
956 734 1011 779 iu
1043 734 1210 786 armis,
1252 732 1343 788 dic,
1377 735 1460 779 ait.
1527 733 1632 791 ipse
1662 746 1850 779 omnem

157 806 296 864 louqo
336 806 576 853 discedere
615 808 740 854 circo
771 807 996 865 infusum
1019 807 1262 865 populum
1294 810 1336 854 et
1367 820 1561 865 campos
1591 807 1720 854 iubet
1752 820 1851 853 esse

149 882 378 939 patentis.
471 882 657 927 secreto
712 879 906 927 Aeneas
959 882 1282 941 praeceperat
1344 880 1463 941 quid
1520 879 1681 940 fieret,
1737 895 1851 927 cum

90 970 134 1001 ιο
158 953 410 1015 Epytiden
441 955 686 1013 mitteret3
728 955 950 1016 gratiora
976 955 1107 1001 enim
1139 956 1255 1002 sunt
1280 969 1405 1016 quae
1432 954 1495 1001 ad
1519 956 1850 1014 spectantium

158 1027 327 1074 oculos
367 1029 621 1089 insperata
662 1031 812 1088 atque
853 1028 1112 1089 inopinata
1150 1029 1460 1089 perveniunt.
1538 1028 1644 1089 ipse
1684 1031 1851 1075 tamen

159 1117 353 1148 omnem
390 1102 631 1163 populum
672 1101 811 1149 iubet
851 1102 909 1149 de
948 1102 1110 1149 medio
1146 1102 1419 1162 abscedere,
1459 1102 1546 1163 qui
1585 1117 1635 1149 se
1666 1101 1851 1163 passim

157 1175 307 1238 longo
341 1176 460 1224 circi
491 1177 655 1236 spatio
688 1176 957 1236 infuderat,
997 1178 1054 1223 ut
1086 1176 1248 1238 campi
1279 1176 1559 1223 vacuefacti
1597 1175 1852 1223 hominum

31 1306 42 1313 ,
158 1249 380 1297 coetibus
431 1250 600 1297 futuro
658 1251 918 1298 certamini
970 1250 1180 1298 liberum
1234 1251 1453 1312 spatium
1513 1250 1701 1298 darent.
1778 1252 1852 1297 iu-

91 1340 133 1372 15
158 1324 331 1371 cedunt
359 1326 510 1382 pueri
539 1326 825 1384 pariterque
863 1328 975 1372 aute
1019 1339 1108 1372 ora
1151 1326 1412 1383 pareutum
1450 1325 1657 1383 frenatis
1696 1325 1854 1372 lucent

157 1399 212 1445 in
266 1399 421 1457 equi8‚
485 1412 602 1458 quos
655 1400 813 1446 omnis
874 1400 1031 1446 euntis
1088 1398 1379 1446 Trinacriae
1431 1400 1614 1446 mirata
1674 1400 1839 1458 fremit
1856 1404 1942 1445 555

161 1471 429 1532 Troiaeque
466 1474 705 1520 iuventus.
775 1473 998 1520 omuibus
1035 1474 1090 1520 iu
1128 1487 1310 1519 morem
1340 1475 1480 1520 torisa
1510 1486 1646 1520 coma
1675 1486 1854 1532 pressa

159 1560 338 1594 corona
347 1563 364 1604 ;
413 1559 590 1593 cornea
640 1547 757 1594 bina
803 1548 969 1606 ferunt
1004 1549 1234 1606 praefixa
1282 1547 1482 1594 hastilia
1531 1548 1685 1606 ferm,
1726 1560 1854 1606 pars

159 1620 277 1667 levis
315 1633 481 1667 umero
511 1621 791 1679 pharetrae,
829 1622 867 1668 it
896 1624 1090 1680 pectore
1126 1634 1314 1668 summo
1352 1621 1531 1679 flexilis
1568 1621 1739 1668 obtorti
1762 1634 1856 1680 per

26 1752 32 1758 .
89 1710 135 1742 20
159 1693 334 1742 collum
365 1695 574 1741 circulus
606 1696 744 1742 auri:
775 1697 1119 1757 processerunt
1149 1695 1291 1756 pueri
1323 1693 1384 1741 ad
1418 1709 1661 1756 campum,
1686 1708 1855 1742 omnes

160 1767 351 1829 equites
391 1768 600 1816 frenatis
640 1770 781 1830 equis
828 1768 1098 1830 splendidi,
1145 1768 1406 1816 constituti
1453 1767 1545 1816 sub
1591 1770 1855 1830 parentum

160 1841 340 1903 oeulis,
389 1857 500 1890 cum
540 1841 671 1890 ludis
717 1844 840 1904 ipsis
882 1845 1184 1904 spectatores
1229 1844 1536 1890 interessent.
1614 1842 1856 1908 fiemebat

159 1915 320 1963 omnis
343 1915 612 1964 multitudo
636 1917 950 1979 populorum,
982 1917 1074 1965 hoc
1099 1918 1174 1964 est
1203 1916 1281 1964 his
1314 1915 1654 1964 incedentibus
1678 1917 1855 1963 freme-
1878 1968 1889 1978 ,

162 1989 285 2037 bant
314 1992 419 2038 tam
453 1989 657 2038 Troiani
689 2006 839 2052 quam
871 1991 1022 2039 etiam
1049 1989 1219 2038 Siculi.
1281 1991 1444 2038 cultus
1476 2005 1647 2038 eorum
1679 1989 1854 2038 dehine

94 2079 136 2112 25
162 2063 481 2112 describitur:
522 2079 706 2126 omnes,
738 2065 919 2126 inquit,
951 2066 1138 2113 attonsi
1162 2067 1212 2112 et
1237 2065 1475 2124 coronati,
1498 2063 1619 2111 bina
1642 2065 1854 2112 ferentes

161 2138 350 2186 ferrata
387 2137 593 2186 hastilia
631 2153 808 2186 corneo
856 2139 1018 2202 ligno,
1065 2139 1155 2186 alii
1201 2140 1412 2202 sagittas
1460 2138 1642 2186 umeris
1680 2138 1855 2200 phare-

161 2214 366 2274 trasque
403 2214 683 2274 portantes,
723 2215 775 2261 et
818 2229 976 2275 usque
1017 2212 1079 2260 ad
1119 2229 1365 2261 summam
1410 2213 1624 2274 pectoris
1662 2214 1856 2274 partem

162 2287 324 2334 aureis
364 2285 561 2334 circulis
601 2288 779 2335 ornati.
848 2287 943 2335 hoc
973 2287 1162 2348 pariter
1193 2286 1252 2334 de
1285 2286 1512 2334 omnibus
1545 2285 1736 2334 dictum
1766 2288 1856 2344 est,

162 2359 338 2408 dehinc
368 2360 522 2408 refert
553 2359 738 2409 div-isos
770 2376 874 2410 esse
903 2377 993 2423 per
1022 2363 1234 2408 tumas:
1273 2363 1369 2409 tres
1399 2362 1611 2421 equitum
1639 2373 1841 2408 numero
1859 2367 1947 2408 560

93 2449 139 2482 ³⁰
161 2437 351 2482 turmae
388 2435 604 2494 ternique
640 2438 887 2496 vayauiur
924 2435 1158 2491 ductoreS,
1187 2436 1336 2494 pueri
1375 2435 1448 2483 bis
1485 2436 1591 2482 seni
1629 2448 1858 2494 quemque

287 2610 309 2647 1
344 2610 470 2648 aetas
491 2606 724 2662 transpos.
745 2605 813 2648 ed.
845 2607 851 2662 Ι
879 2606 982 2662 ipsa
1005 2605 1103 2662 reqi
1119 2619 1206 2662 per
1226 2619 1317 2650 sese
1340 2604 1376 2647 L
1410 2606 1439 2648 i.
1459 2619 1508 2661 p.
1533 2618 1568 2649 s.
1594 2619 1631 2648 r.
1649 2603 1691 2646 R
1716 2617 1753 2648 r.
1773 2618 1859 2660 per

161 2676 208 2707 se
237 2662 387 2719 ipsam
419 2664 491 2707 ed.
622 2668 648 2708 3
681 2665 723 2709 ei
755 2664 840 2708 LR
879 2678 966 2708 om.
1001 2663 1072 2708 ed.
1203 2669 1229 2708 5
1255 2664 1433 2720 puerile
1458 2668 1635 2720 paratu
1665 2661 1707 2705 R
1740 2675 1859 2718 puer

162 2722 240 2766 ille
266 2728 463 2778 paratus
493 2723 529 2766 L
561 2723 632 2768 ed.
766 2728 792 2767 6
824 2737 1094 2779 cursumque
1122 2722 1210 2767 LR
1238 2736 1484 2779 cursusque
1514 2722 1586 2766 ed.
1619 2723 1668 2765 et
1698 2734 1858 2765 omnes

163 2779 275 2824 fere'
292 2781 431 2839 Verg.
464 2780 589 2827 libri.
744 2786 768 2826 7
801 2782 966 2827 dicatit
994 2782 1044 2826 L.
1197 2786 1223 2826 9
1262 2782 1388 2837 fieret
1423 2781 1512 2825 LR
1547 2781 1649 2836 fieri
1686 2780 1861 2824 deberet

163 2840 236 2884 ed.
368 2842 594 2886 10>mittit
623 2841 695 2885 ed.
828 2846 883 2886 18
913 2842 1120 2898 praesicco
1151 2841 1223 2886 ed.
1358 2844 1416 2884 24
1445 2841 1580 2885 etiam
1611 2853 1700 2884 om.
1725 2838 1797 2883 ed.

166 2903 221 2942 27
254 2898 319 2944 ad
348 2913 438 2943 om.
464 2900 536 2944 ed.
599 2904 709 3003 L28
732 2902 916 2957 pariter
947 2900 1034 2944 LR
1057 2901 1234 2957 partim
1267 2900 1338 2945 ed.
1451 2904 1506 2943 29
1538 2913 1777 2943 numerum
1806 2897 1860 2942 L.

255 2962 312 3001 30
343 2964 569 3004 vacantur
641 2994 648 3003 .
1146 2990 1150 2994 ·
