2014 3226
799 165 1100 210 AENEIDos
1135 168 1173 210 v
1727 176 1834 226 449

147 321 246 352 non
273 304 463 363 habuit,
489 307 744 364 supererat
770 305 902 353 solus
931 306 1212 355 Cloanthus.
1259 309 1386 356 hunc
1411 311 1608 370 petebat
1635 328 1834 373 sperans

148 378 283 440 quod
322 379 474 426 etiam
513 377 678 438 ipsum
709 380 920 426 transire
953 384 1130 440 posset.
1195 381 1403 443 denique
1437 385 1507 431 ait
1539 386 1669 432 solus
1700 388 1820 433 inm-
1840 392 1923 429 2⁶25»

144 467 237 511 quc
276 454 379 512 'ipso
418 454 635 510 superest
672 453 725 498 in
764 454 862 510 fiue
905 453 1186 503 Cloanthus.
1232 471 1369 514 qurm
1400 460 1519 515 petit
1558 463 1599 506 et
1636 462 1837 507 sum-mis

146 527 377 574 adnixus·
402 526 589 572 viribus
628 529 777 585 τιν-φεῖ.
855 528 906 572 in
948 527 1288 588 desperatione
1329 533 1580 590 sequentis
1629 532 1836 580 victoria

101 615 123 648 5
147 600 260 660 fuit,
300 600 537 661 quoniam
577 602 871 659 consumpta
911 601 1077 662 pelagi
1117 604 1280 663 spatia
1316 604 1512 651 fuerant
1546 608 1594 653 et
1626 609 1835 653 transire

147 673 428 721 volentibus
475 673 738 733 prolixitas
786 672 949 720 fuerat
996 676 1290 735 necessaria,
1348 678 1395 723 in
1446 694 1543 738 qua
1594 682 1835 743 remigum

147 748 306 795 virtus
346 746 582 808 proficere
622 748 879 807 potuisset.
948 764 1044 794 non
1085 749 1242 796 defuit
1282 754 1444 798 tamen
1486 754 1741 813 instantia,
1781 759 1835 801 ut

144 823 481 883 opponeretur
528 837 615 882 per
660 820 959 868 industriam
1007 823 1138 882 quod
1186 826 1402 870 artatum
1452 826 1547 871 iter
1594 827 1835 889 angustiis

147 894 475 959 pernegabat:
507 898 610 941 tum
642 908 752 942 vcro
784 897 1052 954 iuyemiuat
1081 897 1262 944 'clamor
1293 901 1540 957 cunctique
1569 905 1833 958 sequentem

80 985 124 1017 10
147 971 383 1029 iusttfflmt
405 969 581 1016 studiis
604 972 888 1028 resonatque
912 970 1190 1027 flasset-ibus
1222 972 1391 1018 aether.
1448 975 1644 1020 conanti
1676 976 1835 1022 trans-

147 1045 219 1090 ire
251 1044 410 1106 magis
443 1042 647 1090 favebat
679 1044 1012 1104 spectantium
1044 1044 1206 1103 turba,
1239 1046 1356 1105 quia
1388 1061 1528 1106 posse
1563 1046 1833 1095 videbatur.

145 1119 316 1164 tantus
365 1118 531 1164 autem
576 1117 747 1179 fragor
786 1117 905 1177 fuit,
952 1119 1009 1164 ut
1051 1118 1158 1178 ipso
1200 1119 1394 1166 aethere
1434 1136 1664 1181 percusso
1705 1137 1834 1169 reso-

143 1194 287 1239 naret
326 1206 420 1238 vox
459 1190 648 1251 populi.
710 1205 826 1254 ergo
865 1190 958 1238 hoc
998 1191 1160 1239 studio
1202 1195 1478 1253 spectantes
1519 1194 1832 1242 ducebantur.

25 1327 38 1333 -
145 1265 401 1313 videamus
450 1264 864 1326 quemadmodum
914 1267 1210 1312 certantium
1260 1269 1398 1328 gesta
1453 1267 1708 1315 describat.
1786 1270 1835 1315 1ιί

79 1353 121 1387 15
136 1340 400 1399 proprium
439 1339 583 1386 decus
623 1341 666 1385 et
694 1341 900 1398 partum
938 1340 1260 1399 iuclz‘yuautur
1297 1341 1521 1388 honorem
1552 1343 1606 1389 ui
1638 1345 1824 1389 teneant
1840 1346 1923 1384 230

144 1415 387 1472 vitamque
425 1413 591 1459 volunt
621 1426 718 1472 pro
757 1413 903 1460 laude
934 1414 1144 1472 pacisci:
1188 1415 1274 1474 qui
1312 1414 1474 1461 locum
1513 1417 1723 1476 primum
1763 1421 1834 1463 te-

146 1487 328 1534 nebant
375 1487 505 1534 hunc
553 1502 614 1533 ne
663 1487 951 1534 amitterent
989 1487 1284 1534 laborabant
1322 1489 1491 1549 itaque
1531 1488 1835 1535 ducebantur

146 1561 329 1624 gloria,
376 1563 433 1608 ut
477 1560 605 1607 hanc
653 1560 811 1608 saluti-
854 1577 971 1608 suae
1013 1563 1383 1622 praesumerent
1420 1562 1832 1623 praeponendam.

143 1636 229 1682 hos
266 1649 514 1682 successus
561 1635 670 1690 alit,
702 1638 932 1694 possunt,
981 1637 1095 1694 quia
1133 1649 1278 1693 posse
1322 1635 1570 1682 videntur:
1631 1636 1833 1683 alterius

74 1723 122 1756 20
145 1709 286 1757 navis
341 1710 497 1769 viros,
561 1709 649 1770 qui
700 1710 918 1770 primum
977 1709 1139 1756 locum
1201 1709 1479 1770 praeripere
1534 1709 1835 1768 nitebantur,

146 1782 402 1847 erigebant
446 1798 525 1830 res
572 1782 815 1831 secundae
855 1786 904 1830 et
943 1783 1173 1830 fortunae
1212 1782 1524 1846 suffragium,
1573 1798 1628 1830 eo
1676 1783 1833 1846 magis

147 1857 280 1918 quod
318 1856 616 1904 videbantur
654 1872 802 1904 ausus
844 1871 956 1904 suos
995 1871 1138 1918 posse
1178 1856 1418 1917 conplere.
1478 1859 1662 1917 quanto
1703 1858 1833 1904 enim

144 1931 476 1979 ludibriosum
514 1933 588 1980 est
626 1932 823 1992 partam
863 1930 1074 1993 gloriam
1106 1945 1130 1976 e
1162 1929 1392 1977 manibus
1430 1930 1647 1991 perdere,
1691 1933 1833 1977 tanto

146 2007 221 2054 est
251 2005 524 2069 gloriosum
556 2005 815 2067 adquirere
848 2004 1172 2065 desperatam.
1233 2006 1275 2050 et
1303 2005 1407 2063 fors
1439 2006 1656 2063 aequatis
1688 2006 1834 2063 cepis-

71 2093 121 2127 25
143 2083 250 2127 seut
284 2080 516 2139 praemia
560 2080 754 2134 rostris,
808 2093 950 2140 pares
1005 2077 1193 2126 scilicet
1247 2076 1310 2125 ad
1358 2078 1577 2138 palmam
1625 2078 1831 2126 forsitan

144 2154 419 2214 venissent,
479 2154 533 2200 πὶ
580 2153 779 2212 palmas
824 2155 975 2212 ponto
1036 2152 1231 2199 tendens
1284 2154 1515 2210 utrasque
1571 2150 1833 2199 Cloanthus

143 2226 441 2287 fudissetque
470 2241 640 2287 preces
679 2227 906 2286 divosque
936 2228 989 2273 iu·
1020 2229 1129 2273 vota
1159 2228 1385 2280 vocasset,
1423 2226 1521 2272 nisi
1559 2223 1833 2283 victoriam,

29 2315 37 2319 ·
73 2342 76 2345 .
147 2317 272 2363 quae
317 2302 519 2362 utrique
566 2303 734 2363 posset
780 2315 884 2348 esse
931 2298 1225 2358 communis,
1275 2298 1610 2359 praevenisset
1658 2297 1832 2346 Cloan-

28 2375 37 2434 ’ξ
143 2375 262 2423 thus
299 2374 527 2437 precibus
568 2374 669 2423 suis
702 2376 753 2422 et
784 2373 1089 2436 supplicibus
1121 2371 1347 2420 manibus
1379 2372 1494 2420 deos
1529 2371 1833 2419 adhibuisset

31 2463 123 2497 ω
145 2450 199 2496 in
237 2452 371 2498 vota.
440 2449 562 2496 haec
600 2447 926 2511 praedicendo
966 2446 1183 2495 ostendit
1221 2448 1368 2507 poeta
1406 2447 1570 2507 ipsum
1609 2446 1830 2501 futurum

125 2537 248 2571 -esse
295 2524 547 2572 victorem.
624 2523 718 2578 dit,
764 2522 938 2582 quibus
982 2521 1240 2579 imperium
1279 2522 1347 2568 est
1378 2520 1567 2580 polemi,
1613 2533 1815 2579 quorum
1834 2521 1919 2560 235

145 2610 358 2658 aequora
396 2610 553 2652 curm,
593 2597 727 2644 vobis
763 2595 918 2644 laetus
956 2607 1061 2654 cqc,
1097 2594 1191 2642 hoc
1230 2596 1306 2642 est
1344 2595 1386 2642 si
1424 2594 1583 2641 laetus
1622 2591 1680 2639 de
1719 2606 1830 2653 pro·

264 2741 291 2782 8
323 2742 623 2794 opponeretur
652 2735 739 2780 LR
770 2736 841 2779 ed.
874 2736 1177 2782 obtineretur?
1323 2737 1377 2776 14
1410 2732 1642 2776 videamus
1671 2730 1759 2774 LR
1787 2744 1827 2775 v.

133 2810 289 2842 nwnc
301 2796 372 2840 ed..
408 2797 415 2854 Ι
456 2801 580 2854 qesta
610 2795 698 2839 LR
726 2795 855 2850 facta
886 2793 1134 2838 ed.17
1169 2806 1283 2850 aque
1314 2790 1401 2835 LR
1430 2796 1564 2847 atque
1591 2789 1662 2834 rO
1693 2803 1831 2846 eaque

140 2855 240 2899 ΗΠ
272 2855 343 2899 ed.
375 2857 530 2913 itaque
559 2868 660 2899 nos.
781 2857 838 2898 28
871 2853 1171 2898 ludibriosum
1200 2851 1287 2895 LR
1317 2850 1591 2895 laboriosum
1625 2846 1662 2892 U
1694 2847 1766 2892 ed.

54 2931 60 2933 -
145 2918 203 2958 24
234 2915 478 2972 coepissem
507 2913 607 2958 LR.
730 2917 786 2958 29
811 2912 1055 2970 praecibus
1090 2912 1253 2966 fmbset
1283 2909 1370 2953 LR
1403 2909 1551 2965 precis
1584 2907 1779 2962 fud-beet
1809 2920 1831 2949 r

132 2974 353 3030 precibus
380 2973 479 3019 suis
508 2978 550 3018 et
578 2971 723 3017 HOU
755 2971 827 3016 ed.
949 2974 1001 3015 31
1036 2975 1100 3015 est
1130 2983 1219 3014 om.
1245 2968 1315 3013 ed.

235 3055 651 3096 Don.1ntorp1·.Ver.g
689 3054 764 3087 vol.
787 3054 819 3086 1.
1418 3044 1474 3084 29
