2014 3226
197 163 268 214 34
659 159 892 203 DONATI
922 157 1204 201 INTERPR.
1238 157 1417 202 VERG.

199 302 388 351 cumulo
420 303 721 360 praeruptus
762 313 918 358 aquae
956 312 1118 345 mons:
1173 298 1434 359 descripsit
1473 298 1681 346 adversa
1721 298 1889 346 omnia

201 391 325 438 quae
387 373 740 440 navigantibus
805 371 1057 432 accidunt,
1120 387 1231 419 cum
1287 387 1311 418 e
1367 371 1559 420 diverso
1618 373 1887 433 tempestas

199 448 476 497 intervenit.
554 448 602 494 hi
649 460 835 494 summo
880 447 935 493 in
980 448 1130 504 fluctu
1167 447 1402 505 pendent,
1451 447 1526 493 leis
1573 446 1709 494 unda
1760 446 1888 494 dehi-

199 537 333 571 seens
388 526 566 570 terrani
620 522 745 567 inter
802 521 978 578 fluetus
1041 521 1218 579 aperit,
1278 521 1402 578 furit
1456 523 1615 567 aestus
1667 521 1888 568 harenis:

199 596 431 644 fiuctibus
484 595 624 642 vario
677 596 817 641 motu
871 593 1182 641 venientibus
1239 595 1326 640 aut
1373 593 1690 656 erigebantur
1736 589 1886 642 naves
1935 611 1956 645 5

200 671 328 718 aliae
375 686 463 731 per
508 671 752 718 tumorem
798 667 950 714 maris
998 670 1048 715 et
1092 668 1144 714 in
1193 666 1403 714 sublime
1458 667 1748 714 ferebantur
1799 671 1890 715 aut

199 759 353 804 usque
411 743 471 789 ad
526 744 681 788 imum
737 741 1140 802 deprimebantur
1203 741 1354 801 aliae,
1419 756 1529 788 cum
1589 743 1665 789 vis
1727 741 1888 788 undae

201 817 487 865 subsideret.
552 816 675 862 furit
715 818 882 862 aestus
919 815 1139 863 harenis:
1180 831 1280 862 non
1312 815 1474 862 solum
1505 815 1683 876 undae,
1714 831 1889 863 verum

201 891 351 938 etiam
405 891 507 937 ima
560 889 728 952 pelagi
781 892 1135 950 tempestatum
1189 888 1436 936 furoribus
1494 888 1887 952 exagitabantur.
1972 949 1975 956 .

199 965 254 1012 fit
300 966 401 1011 iam
449 963 581 1025 quod
626 963 750 1011 Iuno
797 963 1045 1023 voluerat,
1092 979 1209 1010 nam
1248 966 1515 1024 coeperunt
1562 963 1745 1011 diversi
1793 964 1959 1026 agi.1o

201 1039 409 1099 denique
450 1037 617 1099 posuit
656 1039 743 1084 tris
774 1037 932 1084 Notus
965 1038 1190 1096 abreptas
1221 1039 1275 1084 in
1306 1052 1430 1084 saxa
1463 1038 1662 1085 latentia
1694 1039 1889 1096 torquet,

113 1118 197 1157 110
216 1114 303 1159 tris
342 1112 515 1159 Eurus
554 1112 616 1158 ab
656 1112 751 1158 alto
790 1113 842 1158 in
883 1112 1047 1158 brevia
1088 1114 1130 1158 et
1167 1110 1338 1172 Syrtis.
1411 1111 1553 1172 quasi
1590 1111 1779 1172 peritus
1819 1111 1890 1159 lo-

200 1201 366 1234 corum
414 1189 463 1233 et
508 1185 845 1248 navigationis
891 1185 1061 1246 posuit
1107 1185 1168 1232 ab
1217 1185 1318 1233 alto
1367 1185 1529 1232 Eurus
1581 1185 1791 1232 ducebat
1837 1186 1891 1231 in

201 1260 376 1322 Syrtis,
415 1260 506 1307 hoc
549 1262 622 1306 est
661 1258 719 1305 de
760 1258 920 1306 medio
960 1259 1162 1321 pelag03
1211 1259 1356 1306 aliter
1395 1260 1527 1306 enim
1566 1276 1666 1307 non
1711 1262 1891 1320 potest,

198 1337 371 1395 utpote
419 1334 506 1395 qui
552 1333 699 1380 flatus
746 1332 928 1380 habeat
977 1348 1035 1379 ex
1082 1333 1285 1381 orientis
1325 1332 1551 1394 partibus
1560 1370 1573 1396 ⁷
1620 1335 1675 1380 in
1715 1333 1890 1394 quibus
1917 1349 1983 1384 15-

201 1411 315 1456 sunt
362 1411 410 1454 et
452 1406 643 1468 Syrtes,
692 1422 747 1454 eo
795 1407 1000 1469 navigia
1047 1422 1219 1470 cogere
1265 1407 1394 1454 unde
1441 1408 1606 1468 potuit
1644 1422 1890 1455 revocare.

201 1497 283 1529 sex
336 1482 492 1544 igitur
546 1495 696 1528 naves
753 1481 997 1527 alienatae
1046 1484 1161 1528 sunt
1209 1497 1238 1528 a
1285 1482 1483 1541 ceteris,
1537 1497 1637 1528 una
1690 1480 1895 1528 turbata

199 1556 431 1617 primitus
477 1555 529 1602 in
579 1571 677 1616 qua
723 1554 995 1618 navigabat
1041 1555 1256 1615 Aeneas,
1311 1571 1441 1603 nunc
1495 1570 1636 1603 casus
1688 1558 1892 1604 octavae

203 1629 516 1676 describitur:
571 1643 746 1684 unani,
793 1629 980 1692 inquit,
1029 1643 1152 1689 quae
1190 1629 1367 1688 Lycios
1412 1630 1660 1690 fidumque
1698 1630 1894 1677 vehebat

205 1702 435 1758 Oronten,
489 1705 645 1762 ipsius
699 1705 809 1750 ante
862 1704 1022 1750 oeulos
1075 1704 1245 1763 inyens
1299 1719 1330 1750 a
1382 1705 1555 1751 vertice
1599 1706 1782 1764 pontus
1836 1705 1891 1751 in
1915 1720 1983 1755 εον

117 1782 201 1820 115
210 1778 423 1838 puppim
446 1777 573 1835 ferit,
600 1777 834 1824 eoeeutitur
849 1791 1133 1837 pronusque
1163 1779 1392 1837 niaqister
1423 1778 1632 1825 volvitur
1653 1778 1708 1825 in
1731 1779 1890 1837 eaput,

203 1853 279 1898 ast
314 1850 452 1897 illam
490 1853 560 1897 ter
597 1852 772 1908 fluctus
807 1851 985 1898 ibidem
1023 1853 1207 1909 torquet
1245 1866 1392 1910 aqens
1441 1853 1622 1900 circum
1671 1855 1714 1899 et
1759 1853 1893 1911 rapi-

204 1923 295 1971 dus
335 1925 474 1970 vorat
510 1937 717 1983 aequore
755 1926 931 1980 vortere,
970 1928 1212 1985 apparent
1248 1926 1356 1973 rari
1386 1929 1558 1973 nantes
1595 1923 1679 1986 [in
1705 1926 1895 1985 yuryite

204 2000 360 2052 vasto,
410 2011 552 2045 arma
597 1999 759 2045 virum
805 1999 1090 2058 tabulaeque
1129 2002 1172 2046 et
1211 1999 1362 2046 Troia
1396 2014 1523 2059 ,qaea
1562 1997 1676 2060 per]
1714 2000 1891 2055 ‘emdasz

204 2074 260 2118 ut
322 2070 634 2132 conpleretur
695 2071 824 2132 quod
886 2074 1107 2134 positum
1168 2076 1242 2121 est
1303 2072 1678 2134 submersasque
1740 2072 1891 2122 obrue
1915 2086 1959 2124 2⁶

203 2145 384 2206 puppis
447 2147 495 2191 et
556 2144 731 2193 dissice
793 2161 1001 2208 corpora
1061 2149 1230 2208 ponto.
1332 2146 1464 2208 perit
1525 2163 1641 2210 ergo
1705 2148 1892 2196 amicus

326 2319 347 2356 1
383 2329 456 2370 aq:
486 2314 521 2357 L
562 2320 653 2371 atq:
683 2315 723 2357 R
762 2330 786 2358 1·
809 2338 864 2353 =
890 2316 925 2359 L
967 2317 1279 2373 (superposita
1317 2316 1508 2372 lineola)
1549 2331 1632 2373 pro
1673 2331 1831 2373 aquae.

206 2378 232 2415 4
265 2377 413 2417 aestas
443 2373 478 2415 L
510 2379 618 2418 estes
647 2374 688 2416 R
719 2381 868 2419 aestus
897 2390 931 2419 r.
985 2378 990 2431 Ι
1039 2377 1100 2419 ha
1130 2389 1215 2432 pro
1246 2377 1431 2420 harenis
1461 2376 1559 2419 LR.
1685 2381 1707 2420 7
1740 2378 1788 2420 vi
1818 2375 1890 2420 ed.

325 2436 351 2475 8
382 2432 662 2477 subsiderent
692 2433 763 2476 ed.
916 2438 941 2477 9
975 2435 1275 2492 aqitabantur
1306 2435 1375 2478 ed.
1529 2441 1580 2479 11
1615 2441 1822 2492 torquent
1851 2435 1895 2478 R

206 2505 238 2533 n
270 2504 496 2547 suprascr.
530 2491 572 2534 H
603 2505 724 2535 man.
758 2492 807 2535 in
839 2493 873 2535 L
921 2508 954 2536 n
986 2493 1074 2537 del.
1107 2509 1142 2536 r.
1312 2499 1366 2537 12
1408 2495 1561 2538 brevia
1600 2509 1633 2539 e.
1666 2509 1701 2539 s.
1732 2509 1767 2539 s.
1806 2493 1895 2538 LR

206 2555 404 2607 uryet—
424 2552 522 2594 visu
557 2550 706 2607 suppl.
741 2551 828 2605 ed„
861 2552 942 2594 sed
973 2566 1067 2595 non
1100 2552 1374 2609 explicatur,
1537 2558 1590 2597 16
1616 2555 1775 2610 posuit
1805 2552 1893 2596 LR
1933 2584 1939 2588 -

208 2621 320 2652 corr.
354 2622 388 2652 r.
542 2613 597 2652 18
623 2610 842 2664 primitus
874 2610 958 2653 LR
991 2611 1070 2654 edI
1101 2614 1329 2668 premitur
1360 2612 1468 2656 edF.
1624 2617 1677 2656 19
1712 2612 1772 2655 ab
1803 2612 1894 2655 hoc

207 2679 340 2710 versu
386 2667 465 2710 fol.
499 2672 524 2711 9
572 2682 719 2724 usque
766 2669 815 2712 in
859 2669 939 2713 fol.
977 2675 1029 2713 12
1077 2684 1220 2714 manu
1267 2671 1443 2725 aliena,
1492 2671 1573 2714 sed
1618 2673 1804 2715 vetusta
1842 2671 1894 2714 in

207 2725 417 2782 margine
464 2728 647 2781 „textus
687 2726 913 2784 Vergilii“
960 2728 1194 2773 lemmatis
1241 2730 1530 2786 adscriptum
1577 2732 1649 2774 est
1693 2730 1743 2773 in
1781 2730 1830 2775 L.
1939 2731 1956 2778 ⁴,

209 2787 265 2826 20
297 2789 469 2840 pontus
507 2785 639 2829 deest
676 2786 726 2828 in
765 2786 851 2829 LR
882 2793 1046 2843 portus
1085 2802 1310 2845 superscr.
1342 2804 1377 2832 r.
1561 2793 1616 2832 22
1656 2790 1800 2834 illum'
1819 2789 1890 2832 ed.

298 2847 352 2885 23
399 2846 545 2888 vertiae
589 2859 616 2889 v
663 2858 803 2901 supra
848 2860 870 2890 e
910 2848 1170 2891 atramento
1218 2848 1394 2904 scripta
1432 2847 1468 2890 L
1516 2850 1664 2892 vortioe
1704 2847 1746 2890 R
1791 2857 1891 2893 vor-

209 2906 295 3015 2221}
297 2902 418 3016 pedo
421 2905 472 3005 d]
542 2905 653 2959 post
705 2909 866 2949 nantes
920 2905 1130 2961 sequitur
1182 2921 1322 2964 usque
1366 2907 1519 2951 undas
1563 2906 1650 2950 LR
1704 2905 1760 2950 cf.
1807 2909 1894 2993 109
1931 2975 1933 2977 ι
