2014 3226
160 189 266 240 166
626 187 857 231 DONATI
888 188 952 230 IN
955 187 1167 231 TERPR.
1201 188 1379 232 VERG.

155 330 377 376 laborum
409 332 664 376 tantorum.
690 330 915 375 ‘miserere
947 329 1101 375 ammi
1133 343 1231 375 mm
1264 329 1414 388 diana
1444 330 1665 388 ferentis:
1687 329 1848 376 *verba

155 403 310 464 ipsius
353 402 631 448 adhibentis
674 401 736 448 ad
776 403 1116 449 testimonium
1156 402 1271 449 deos
1313 401 1462 455 dubia
1499 404 1547 448 et
1578 402 1767 450 incerta
1800 406 1848 449 et

157 492 282 537 quae
331 491 549 536 premere
598 490 695 521 non
743 479 945 535 possent
992 477 1327 523 mentientem.
1405 491 1494 536 per
1541 492 1744 537 superos
1783 480 1848 536 te,

154 551 332 610 inquit,
358 565 491 615 rogo,
518 548 601 609 qui
628 550 790 595 sciunt
815 551 1091 596 veritatem.
1142 551 1251 610 quis
1284 551 1475 596 nesciat
1504 565 1647 610 posse
1681 551 1862 596 omnia-

156 625 277 670 scire
334 621 570 683 superos?
646 623 889 683 numquid
938 623 1065 670 dixit
1110 640 1199 684 per
1247 639 1448 684 superos
1496 626 1545 670 te
1592 639 1713 685 rogo
1762 626 1849 685 qui
1895 642 1913 672 5

155 697 315 744 sciunt
362 713 438 742 me
478 696 617 743 nulla
656 697 709 742 in
749 700 891 757 parte
930 695 1166 744 mentiri?
1243 714 1332 760 per
1369 696 1537 756 fidem,
1576 698 1764 758 inquit⁷
1805 699 1849 745 si

153 774 317 817 tamen
373 772 661 831 incorrupta
715 772 880 830 potest
935 771 1119 818 alicubi
1174 761 1403 831 reperiri3
1474 770 1661 818 sciebat
1716 772 1847 818 enim

154 844 285 906 apud
333 860 382 891 se
429 843 575 890 fidem
621 859 722 890 non
768 844 919 894 fuisse
969 847 1018 891 et
1064 845 1178 891 inde
1227 844 1566 892 arbitrabatur
1604 860 1702 891 non
1744 860 1847 893 esse

154 918 285 978 apud
341 933 653 978 quemquam.
730 919 961 966 miserere
1009 918 1236 966 laborum
1284 921 1560 979 tantorum,
1615 920 1847 984 miserere

153 993 307 1057 animi
339 1007 438 1038 non
470 991 622 1055 digna
654 992 879 1039 ferentis:
921 992 1108 1040 sciebat
1141 1008 1191 1040 se
1225 993 1448 1040 odiosam
1481 995 1652 1054 utpote
1688 993 1846 1040 hostis
1873 1011 1915 1041 ιο

152 1081 318 1128 gerere
366 1081 627 1126 personam
675 1068 725 1113 et
771 1082 828 1113 ex
877 1082 934 1113 ea
982 1082 1131 1114 causa
1179 1066 1385 1129 dignum
1426 1081 1527 1114 esse
1569 1067 1653 1127 qui
1693 1082 1847 1114 mere-

151 1143 287 1186 retur
343 1139 511 1186 occidi.
589 1139 710 1187 tulit
757 1155 806 1186 se
854 1140 917 1187 ab
963 1141 1056 1187 hac
1102 1143 1246 1202 parte
1294 1143 1344 1187 et
1389 1142 1585 1188 veniam
1641 1139 1735 1188 sibi
1791 1157 1849 1188 ex

153 1214 404 1260 occasione
444 1213 692 1260 malorum
730 1216 1066 1275 praesentium
1107 1215 1396 1275 postulavit.
1474 1213 1669 1261 vinctus
1716 1208 1847 1261 enim

152 1286 416 1334 crudeliter
454 1287 551 1333 fuit
589 1289 763 1349 utpote
796 1290 1039 1349 captivus.
1103 1287 1287 1335 idcirco
1328 1290 1401 1334 ait
1438 1289 1670 1335 miserere
1710 1288 1846 1335 labo-

149 1378 259 1407 rum
306 1362 575 1408 tantorum.
654 1362 826 1423 utique
874 1362 1110 1409 offerebat
1158 1362 1358 1410 vincula
1406 1378 1495 1409 sua
1542 1364 1591 1409 et
1637 1363 1846 1423 captivi·
1874 1379 1913 1410 15

150 1436 269 1482 tatis
310 1436 535 1482 miserias
580 1435 876 1483 testabatur.

66 1514 147 1551 145
262 1509 486 1570 Denique
525 1525 639 1556 mox
679 1513 902 1557 secutum
943 1512 1017 1557 est
1054 1511 1130 1557 his
1166 1511 1383 1557 lacrimis
1413 1511 1562 1556 vitam
1595 1510 1770 1556 damus
1805 1513 1849 1557 et

153 1584 500 1630 miserescimus
545 1583 687 1630 ultro,
764 1585 868 1643 ipse
912 1587 1017 1631 viro
1055 1586 1253 1643 primus
1294 1585 1515 1631 manicas
1553 1587 1695 1642 atque
1711 1628 1715 1632 .
1734 1587 1846 1631 arta

152 1658 304 1704 levari
341 1658 501 1704 vincla
540 1658 669 1704 iubet
699 1658 955 1706 Priamus:
993 1673 1152 1720 usque
1185 1657 1308 1705 adeo
1339 1657 1500 1705 flendo
1539 1657 1848 1720 singulorum

153 1730 341 1778 animos
388 1730 544 1792 flexit⁷
592 1734 648 1778 ut
695 1731 815 1779 haec
853 1731 1084 1779 Priamus
1129 1725 1300 1779 statim
1339 1732 1583 1779 removeri
1621 1731 1848 1779 iussisset
1872 1749 1915 1780 zo
1974 1722 1978 1779 Ξ

153 1804 330 1865 quibus
386 1805 549 1852 fuerat
603 1821 755 1853 nexus
805 1805 982 1866 Sinon,
1036 1808 1093 1853 ut
1147 1807 1364 1853 securior
1413 1805 1638 1852 redditus
1685 1807 1848 1852 cetera

152 1893 278 1939 quae
331 1878 511 1926 habere
564 1879 839 1940 putabatur
891 1879 1105 1928 fideliter
1157 1881 1423 1927 enarraret.
1501 1879 1733 1938 dictisque
1777 1881 1846 1926 ita

151 1955 289 2010 tatu-r
327 1955 520 2000 amieis:
576 1953 808 2000 audiendi
848 1953 1092 2002 desiderio
1133 1954 1310 2000 ductus
1351 1952 1578 2000 Priamus
1617 1953 1848 2014 deposuit

153 2027 502 2074 auctoritatem
539 2027 669 2090 regis
711 2029 760 2075 et
799 2043 912 2075 cum
952 2029 1151 2089 captivo
1192 2030 1242 2074 et
1272 2027 1414 2074 hoste
1446 2027 1618 2074 amicis
1650 2027 1845 2074 locutus

153 2101 228 2147 est
275 2099 460 2159 verbis3
522 2101 670 2148 aliter
717 2102 849 2166 enim
895 2118 994 2149 non
1040 2100 1254 2163 putabat
1301 2100 1427 2149 solvi
1479 2100 1670 2148 animos
1725 2102 1846 2162 eius,²
1872 2105 1913 2149 ις’

151 2174 249 2221 nisi
279 2175 331 2220 in
365 2190 475 2220 eum
507 2174 804 2223 multimoda
835 2175 1175 2240 benivolentia
1204 2176 1567 2236 praecessisset.
1629 2174 1848 2234 quisquis

153 2260 215 2302 es,
258 2249 462 2295 ‹mvnssos
499 2249 611 2296 hine
649 2244 752 2296 ‘iam
790 2250 1065 2297 obliviscere
1107 2249 1302 2303 Graio-3,
1342 2251 1503 2296 noster
1546 2250 1661 2303 eris,
1707 2244 1851 2295 mihiss

152 2334 242 2380 que
279 2322 396 2368 haee
435 2323 644 2369 edissere
670 2337 786 2370 vera
817 2325 1033 2383 roganti:
1071 2322 1406 2385 superioribus
1438 2322 1600 2370 verbis
1629 2321 1848 2391 breviter
1950 2376 1954 2385 1
1966 2368 1973 2393 a

154 2395 204 2442 et
234 2397 480 2443 succincte
513 2396 780 2457 respondit.
845 2397 1086 2459 suspectis
1127 2398 1259 2444 enim
1297 2396 1442 2444 rebus
1482 2399 1532 2443 et
1571 2396 1846 2443 necessario
1948 2395 1973 2445 *3

151 2469 372 2517 tractatu
410 2471 464 2516 in
502 2469 664 2517 medio
712 2472 875 2531 posito
922 2486 1022 2518 non
1067 2470 1240 2518 debuit
1286 2473 1480 2531 tempus
1527 2468 1846 2530 multiloquio
1869 2486 1914 2518 eo
1939 2443 1973 2498 ἐς

155 2543 355 2590 conteri.
434 2544 507 2590 ait
561 2559 678 2606 ergo
733 2545 957 2606 quisquis
1013 2560 1063 2593 es
1115 2545 1210 2591 hoc
1263 2546 1339 2592 est
1392 2544 1494 2591 sive
1543 2542 1695 2590 Sinon
1742 2544 1846 2591 sive
1903 2575 1906 2581 =
1945 2574 1956 2599 -,

154 2614 306 2676 alius3
361 2615 487 2664 dixit
526 2618 658 2664 enim
696 2616 780 2664 ille
823 2617 1056 2673 Sinonem
1095 2633 1145 2666 se
1184 2618 1407 2666 vocitari.
1487 2618 1693 2665 amissos
1733 2617 1846 2664 hinc

153 2691 255 2737 iam
287 2690 576 2738 obliviscere
610 2689 808 2753 Graios:
849 2706 956 2739 ecce
996 2691 1121 2739 dixit
1162 2690 1377 2739 Graecus
1417 2707 1603 2752 „neque
1642 2707 1720 2737 me
1753 2690 1845 2738 Ar-

274 2879 300 2918 8
334 2874 558 2919 inde'LR
589 2876 690 2923 ideo
723 2875 794 2919 ed.
972 2880 1025 2918 18
1058 2877 1156 2920 alta
1178 2886 1271 2932 *pro
1305 2881 1410 2920 arta
1441 2875 1490 2918 L.
1660 2878 1713 2930 19
1745 2875 1846 2919 vin-

153 2934 261 3035 ξα-ῑὶι
283 2933 390 3036 IPR'
503 2984 506 2987 ¹
530 2995 534 2999 ι
575 2939 630 2999 26
657 2935 941 3004 processisset
974 2934 1097 3016 equf..
1150 3004 1154 3008 .
1258 2938 1313 2977 32
1347 2948 1435 2979 esse
1466 2947 1550 2990 pro
1581 2945 1642 3011 se·²
1658 2933 1698 2976 R
1730 2942 1850 3016 corr.
1894 2954 1897 2955 ⁷
1924 2936 1927 2938 '
