2014 3226
77 1822 132 1861 80

170 133 239 181 30
636 127 862 170 DONATI
893 125 1185 178 1111611111,ΛΔ
1209 125 1385 169 VERG.

168 272 396 318 discretio
445 269 573 315 inter
619 282 943 329 personarum
989 266 1191 326 merita,
1247 266 1316 313 sic
1362 268 1414 312 et
1461 265 1624 313 officia
1676 267 1857 314 discer—-.

167 348 364 391 nuntur,
432 347 485 389 tu
518 342 690 404 regina
723 356 787 400 es,
829 340 1048 387 officium
1087 341 1245 398 tuum>
1268 338 1495 400 iubendo,
1534 355 1699 387 meum
1738 355 1855 388 vero

168 418 447 478 exequendo
497 416 765 476 conpletur.
844 416 920 460 tui
970 414 1153 461 laboris
1194 415 1268 460 est
1306 414 1398 460 hoc
1438 415 1513 461 est
1550 415 1668 460 tuae
1709 429 1853 462 curae

166 493 387 538 invenire
428 490 546 551 quid
586 489 771 547 iubeas,
806 487 1155 535 sollicitudinis
1196 490 1362 534 autem
1394 502 1533 534 meae
1565 487 1683 535 dare
1714 503 1853 549 prae-

168 567 321 626 ceptis
356 565 592 611 effectum.
663 565 711 609 et
745 561 874 622 quod
908 561 979 609 ait
1011 563 1088 608 fas
1121 564 1208 621 est,
1240 561 1332 608 hoc
1365 563 1439 609 est
1469 561 1639 608 licebit
1678 562 1853 621 facere,
1898 578 1922 610 v5

167 639 358 685 etiamsi
399 637 593 683 inlicita
631 635 800 684 iubeas
840 635 947 682 fieri
988 629 1101 700 (illa
1141 637 1272 682 enim
1312 634 1438 681 dixit
1476 634 1733 697 victosque
1772 651 1852 698 pe-

167 706 352 777 nates),
409 711 589 758 Aeolus
645 711 714 758 sic
776 709 972 756 videtur
1035 710 1206 756 contra,
1264 708 1597 770 respondisse,
1661 709 1852 757 etiamsi

168 788 285 832 victi
325 801 421 832 non
462 787 637 844 essent,
673 785 901 844 facerem,
935 784 1052 844 quia
1085 799 1195 830 cum
1227 782 1334 830 fieri
1367 781 1561 843 aliquid
1592 799 1691 830 non
1723 782 1854 843 licet,

166 860 342 920 incipit
387 860 556 918 licere,
605 860 646 904 si
694 858 798 906 eius
846 857 934 904 fiat
979 858 1118 905 iussu
1159 858 1241 904 cui
1279 860 1336 904 ut
1373 855 1545 905 iubeat
1582 857 1732 918 plena
1769 873 1854 918 po-

165 935 317 981 testas
358 935 444 979 est.
524 947 632 978 ecce
682 931 892 992 exempli
940 946 1088 979 causa
1126 946 1367 992 ponamus
1406 930 1646 978 iudicium
1689 930 1852 993 publi·
1880 949 1922 980 10

166 1024 295 1053 cum:
359 1023 456 1053 non
512 1007 629 1053 licet
682 1006 933 1052 hominem
987 1004 1247 1052 verberare
1296 1007 1345 1052 et
1391 1007 1623 1066 torquere
1672 1006 1722 1052 et
1770 1005 1854 1066 qui

165 1082 283 1127 haec
330 1081 502 1127 fecerit
548 1080 807 1141 plectitur,
855 1078 939 1126 sed
987 1079 1028 1127 si
1071 1078 1211 1126 iussu
1249 1078 1429 1126 iudicis
1469 1078 1616 1140 fiant,
1663 1079 1854 1144 nullum

166 1154 448 1203 admittitur
487 1153 695 1201 crimen:
734 1154 827 1201 hoc
857 1153 1020 1200 voluit
1052 1152 1204 1201 etiam
1234 1152 1420 1200 Aeolus
1454 1152 1630 1214 dicere,
1661 1153 1854 1201 inlicita

166 1229 206 1275 si
237 1244 314 1275 me
346 1227 519 1275 iubeas
551 1228 727 1287 facere,
759 1227 939 1275 faciam
973 1230 1023 1274 et
1052 1226 1254 1288 impune
1285 1227 1485 1287 faciam,
1526 1228 1643 1288 quia
1682 1228 1855 1291 regina

164 1302 363 1349 iubente
395 1301 534 1349 nulla
566 1301 918 1362 obsequentem
950 1317 1109 1363 poena
1141 1301 1219 1349 vel
1253 1301 1400 1362 culpa
1431 1302 1679 1362 sequetur.
1734 1303 1855 1350 item
1880 1318 1921 1351 15

165 1378 337 1423 contra
383 1375 640 1437 respondit
686 1375 892 1423 dicendo
941 1379 993 1422 tu
1038 1375 1159 1423 mihi
1206 1376 1532 1434 quodcumque
1577 1375 1664 1422 hoc
1702 1376 1852 1434 γεραιά,

165 1454 215 1496 tu
254 1453 442 1509 sceptra
479 1450 735 1509 Iovemque
774 1449 1015 1497 concilias.
1083 1449 1174 1496 illa
1213 1450 1345 1496 enim
1385 1448 1512 1496 dixit
1551 1465 1579 1496 a
1618 1448 1736 1497 Iove
1776 1464 1851 1497 ac—

166 1523 339 1585 cepisti
377 1525 699 1585 potestatem,
737 1523 823 1570 ille
861 1525 915 1571 in
954 1537 1072 1571 voce
1114 1522 1334 1570 officiosa
1380 1515 1654 1584 persistens>
1695 1523 1852 1585 ipsius

164 1598 364 1645 Iunonis
397 1597 507 1645 vult
538 1613 642 1646 esse
683 1597 815 1657 quod
843 1599 1056 1659 poterat.
1125 1595 1318 1645 addidit
1348 1599 1405 1643 tu
1437 1599 1631 1658 sceptra
1662 1596 1852 1646 Iovem-

166 1687 259 1732 que
300 1671 556 1720 concilias:
595 1672 774 1733 ipsum,
809 1671 988 1732 inquit,
1027 1670 1197 1719 Iovem
1235 1673 1293 1718 ut
1330 1671 1604 1733 propitium
1642 1670 1852 1721 habeam
1877 1689 1921 1720 20

164 1749 220 1792 tu
258 1745 380 1793 facis
420 1746 483 1806 et,
514 1748 570 1792 ut
609 1760 876 1793 memorem
918 1760 969 1793 se
1008 1746 1230 1792 omnium
1267 1743 1616 1794 beneficiorum
1647 1744 1851 1794 Iunonis

166 1818 469 1879 ostenderet,
515 1818 708 1867 addidit
754 1822 807 1867 tu
852 1820 943 1867 das
983 1820 1139 1878 epulis
1179 1819 1454 1868 accumbere
1492 1820 1660 1867 divum
1697 1817 1851 1880 [m'm—

166 1894 423 1952 borumque
467 1893 592 1952 facis
638 1896 1060 1952 tempestatumque
1095 1891 1378 1954 potentemJ.
1455 1909 1612 1941 unum
1658 1892 1853 1944 videtur

164 1966 383 2027 posuisse
421 1966 711 2014 beneficium
749 1967 1017 2028 praestitae
1056 1966 1406 2027 humanitatis,
1446 1966 1531 2015 sed
1570 1967 1853 2015 cumulatur

165 2039 285 2099 alio,
326 2040 368 2087 si
408 2039 689 2088 convivium
730 2056 840 2088 cum
879 2042 1072 2102 potiore
1111 2041 1402 2101 misceatur,
1440 2041 1613 2102 tertio,
1657 2042 1700 2089 si
1739 2056 1850 2090 cum
1874 2058 1916 2096 25.

164 2113 440 2174 potioribus
470 2113 714 2175 plurimis,
747 2116 941 2175 quarto,
975 2114 1017 2163 si
1046 2115 1252 2163 inferior
1282 2129 1493 2177 persona
1531 2129 1630 2163 non
1669 2114 1852 2176 sedeat,

164 2189 220 2234 ut
257 2187 364 2234 fieri
403 2187 540 2248 solet,
580 2187 666 2236 sed
706 2187 975 2236 accumbat.
1041 2190 1212 2250 posuit
1248 2190 1303 2237 in
1340 2187 1458 2236 fine:
1498 2190 1549 2238 et
1585 2188 1678 2236 hoc
1718 2189 1851 2252 quod

164 2260 411 2308 desideras
458 2263 598 2309 tuum
646 2263 720 2310 est
767 2265 816 2309 et
860 2263 912 2309 in
958 2264 1047 2310 tua
1084 2262 1304 2325 positum
1342 2264 1606 2325 potestate.
1682 2277 1849 2325 perso-

164 2350 435 2395 narumque
481 2336 536 2382 in
582 2338 795 2397 utraque
842 2335 1088 2397 oratione,
1134 2336 1231 2384 loci
1277 2351 1472 2398 quoque
1519 2339 1570 2384 et
1610 2336 1853 2399 temporis

163 2407 388 2456 habitam
441 2410 686 2457 rationem
740 2407 963 2458 dubitari
1008 2426 1108 2458 non
1154 2413 1340 2472 potest,
1394 2410 1586 2461 scilicet
1629 2410 1848 2471 IunoniS,
1871 2428 1922 2465 so

284 2523 307 2560 2
341 2533 384 2562 es
415 2519 501 2562 LR
530 2520 611 2563 hoe
641 2525 704 2564 est
735 2519 804 2564 ed.
989 2525 1015 2564 5
1047 2523 1155 2577 post
1185 2521 1261 2575 fas
1291 2527 1354 2565 est
1383 2521 1559 2566 inserui
1589 2522 1672 2566 hoc
1702 2527 1766 2567 est
1794 2525 1849 2566 ut

164 2593 202 2625 v.
240 2582 306 2621 76.
483 2583 508 2621 9
541 2579 617 2622 cui
647 2579 803 2623 iubeas
833 2578 919 2622 LR
949 2581 1027 2624 cui
1057 2594 1159 2624 cum
1189 2581 1342 2626 iubeat
1372 2595 1395 2623 r
1432 2580 1621 2630 iubendi
1650 2593 1774 2625 man.
1805 2581 1848 2624 Π

163 2636 212 2680 111
243 2637 279 2679 L
310 2636 423 2680 item
456 2637 526 2680 ed.
559 2642 610 2682 ut
642 2639 793 2682 iubeat
823 2652 920 2682 nos.
1022 2643 1075 2682 11
1111 2644 1314 2695 torquere
1344 2639 1431 2682 LR.
1461 2644 1545 2683 aut
1576 2645 1605 2684 t.
1639 2639 1710 2684 ed.
1744 2644 1786 2684 et
1815 2645 1844 2683 t.

164 2709 259 2739 nos,
404 2700 458 2740 15
489 2697 556 2740 vel
587 2698 725 2752 eulpa
755 2711 844 2740 om.
878 2697 948 2740 ed.
1097 2702 1149 2740 19
1184 2703 1234 2742 tu
1262 2704 1439 2755 sceptra
1469 2697 1556 2741 LR
1587 2698 1673 2743 das
1701 2700 1849 2755 epulis

164 2755 419 2799 accumbere
449 2755 606 2799 divwm
636 2758 745 2811 post
775 2761 826 2800 tu
857 2755 1072 2812 inter-pol.
1107 2756 1179 2801 ed.
1343 2761 1398 2800 22
1431 2757 1774 2814 nimborumque
1789 2785 1846 2790 —-

164 2816 220 2854 23
245 2818 471 2868 potentem
503 2814 635 2858 deest
665 2814 715 2858 in
745 2814 845 2869 LR,
881 2814 963 2859 sed
994 2814 1147 2859 verbis
1171 2817 1330 2872 posuit
1361 2818 1447 2860 616.
1481 2815 1754 2872 explicatur.

164 2875 220 2914 28
244 2885 632 2929 personarumque
661 2873 703 2916 R
733 2871 848 2918 item
881 2887 987 2917 cum
1017 2877 1192 2930 puncto
1226 2888 1367 2931 supra
1401 2890 1445 2931 q‚·
1476 2874 1512 2918 L
1543 2889 1628 2931 que
1659 2889 1746 2920 om.
1772 2875 1843 2919 ed.

253 2934 310 2972 30
333 2943 634 2986 personarum
664 2934 774 2988 post
796 2937 944 2988 potest
971 2932 1189 2990 interpol.
1222 2933 1332 2980 edF.
