2014 3226
127 710 181 744 25

216 123 282 172 14
673 117 901 160 nomm
935 114 1215 158 INTERPR.
1249 112 1429 157 VERG.

212 262 449 307 Troianos
499 260 718 305 animum
763 255 965 302 Iunonis
1006 270 1202 316 urgere:
1259 253 1510 300 faciebant
1558 252 1684 300 aliae
1732 268 1897 300 cumu—

212 336 313 380 lum
354 336 403 380 et
442 332 607 379 odium
649 347 704 377 ex
745 330 906 391 priore
946 343 1096 375 causa
1137 330 1419 388 susceptum
1458 326 1617 390 magis
1650 342 1707 374 ac
1737 328 1898 389 magis

213 408 471 470 augebant.
564 406 654 452 hoc
712 402 927 451 ostendit
980 404 1129 462 poeta
1185 400 1390 448 dicendo
1448 402 1501 447 id
1553 404 1789 448 metuens:
1843 403 1901 448 ut

213 483 431 528 firmaret
470 478 602 540 quod
634 478 861 536 diximus,
894 476 1044 523 fuisse
1077 490 1230 522 unam
1261 477 1311 522 et
1340 474 1669 536 principalem
1701 489 1902 522 causam

214 570 359 615 quam
411 555 569 614 primo
618 552 724 598 loco
773 549 953 611 posuit.
1046 548 1225 611 incipit
1269 550 1371 596 iam
1419 549 1544 596 alias
1592 547 1774 596 dicere:
1830 549 1904 596 ait
1946 565 1968 603 5

213 628 338 674 enim
401 628 654 683 veterisque
714 637 892 670 memor
944 623 1182 670 Saturnia
1244 623 1376 676 belli,
1431 623 1603 680 prima
1657 623 1784 681 quod
1837 621 1904 669 ad
2012 616 2014 624 '

220 702 412 747 r'l'roz'am
454 714 548 759 pro
596 700 725 745 ‹z‘aris
767 699 982 757 yesserat
1025 694 1191 755 Aryis,
1239 694 1473 756 [necdum
1528 697 1671 743 etiam
1727 710 1904 743 causae

218 778 403 821 irarum,
428 774 650 830 saei-ique
681 772 867 818 dolores
902 771 1177 818 exciderant
1208 772 1395 816 animo:
1426 773 1589 817 ‘manet
1619 770 1721 817 alta
1751 773 1904 818 mente

215 851 453 907 repostum
509 847 739 893 iudicium
792 845 992 892 Paridis
1045 847 1326 903 spretaeque
1380 843 1568 891 iniuria
1619 844 1808 903 formae
1861 847 1906 891 et

210 936 359 981 aemes
402 922 608 966 invisum
653 922 694 966 et
731 915 864 977 rapti
898 917 1196 977 Ganymedis
1233 915 1487 978 honoress·
1526 919 1584 965 ut
1623 916 1903 966 ostenderet
1926 934 1968 969 ιο

212 995 445 1041 Iunonem
477 994 751 1055 pernicioso
785 991 948 1039 studio
980 991 1206 1038 laborare
1239 1007 1299 1038 ne
1333 990 1559 1039 Troianis
1593 991 1903 1055 contingeret

211 1070 394 1129 inpune
449 1068 661 1115 evasisse
714 1068 828 1127 post
882 1065 1126 1112 excidium
1189 1064 1366 1112 Troiae
1435 1065 1517 1112 vel
1577 1064 1766 1113 viribus
1826 1081 1902 1112 re-

211 1143 398 1204 paratis
447 1141 679 1188 adversus
719 1138 930 1187 Graecos
971 1139 1177 1199 armari,
1225 1154 1349 1200 quos
1389 1138 1580 1187 Illiensi
1617 1138 1748 1187 bello
1788 1154 1900 1186 con-

210 1217 424 1275 foverat,
486 1215 564 1261 vel
619 1213 729 1261 finis
785 1213 1004 1260 obtinere
1059 1213 1260 1274 Italiae,
1322 1215 1527 1275 propter
1582 1211 1899 1276 Carthaginis

211 1289 463 1348 meritum,
519 1287 710 1335 addidit
755 1287 962 1335 subinde
1009 1287 1162 1334 aliam
1209 1302 1411 1334 causam
1465 1288 1592 1334 miro
1647 1288 1770 1335 artis
1823 1288 1897 1334 in-
1924 1304 1966 1341 ιε

210 1363 377 1424 genio,
424 1365 481 1408 ut
527 1377 584 1408 ex
629 1377 727 1408 uno
767 1360 959 1407 Paridis
1007 1361 1140 1408 facto
1189 1376 1288 1408 non
1326 1377 1503 1420 unum,
1550 1359 1635 1409 sed
1675 1362 1724 1408 et
1763 1360 1899 1409 aliud

210 1438 392 1483 crimen
431 1435 681 1483 videretur
720 1437 967 1495 exortum,
1010 1450 1136 1496 quae
1176 1434 1377 1496 quidem
1415 1437 1654 1482 vexarent
1691 1434 1897 1483 Iunonis

210 1511 451 1570 animum,
490 1525 588 1557 non
627 1511 793 1556 tamen
835 1524 959 1569 quae
1000 1508 1216 1556 adscribi
1254 1508 1452 1556 Aeneae
1491 1509 1669 1556 merito
1707 1510 1895 1570 potuis-

210 1586 329 1630 sent.
408 1585 476 1630 sic
515 1583 645 1630 enim
683 1583 867 1644 plurali
905 1598 1022 1630 usus
1062 1598 1265 1630 numero
1306 1597 1457 1630 unam
1496 1597 1697 1630 causam
1735 1582 1896 1644 dupli-

209 1672 313 1703 cem
360 1656 499 1717 fecit3
554 1672 670 1704 nam
718 1671 829 1703 cum
867 1655 992 1703 Iuno
1038 1657 1092 1703 in
1130 1655 1315 1704 iudicio
1354 1655 1551 1704 Paridis
1593 1656 1778 1705 offensa
1816 1657 1895 1718 sit,
1921 1672 1965 1710 πο

213 1729 342 1790 quod
387 1731 439 1776 in
485 1729 618 1777 malo
665 1745 813 1777 aureo
859 1730 1101 1778 minorem
1148 1729 1390 1793 praetulit
1436 1729 1602 1791 deam,
1649 1731 1899 1792 quaesivit

210 1804 463 1866 ingenium
502 1803 710 1851 dicentis
750 1804 916 1865 aliam,
949 1819 1060 1851 cum
1099 1803 1222 1852 dicit
1258 1802 1500 1851 iudicium
1530 1803 1724 1853 Paridis
1764 1819 1897 1866 spre—

209 1879 389 1938 taeque
428 1877 610 1924 iniuria
648 1877 850 1937 formae,
888 1880 945 1924 ut
983 1878 1211 1939 iniquum
1248 1893 1348 1926 non
1379 1877 1628 1926 suffecerit
1657 1878 1897 1926 iudicium

212 1949 427 2011 Paridis,
481 1952 566 2011 qui
619 1952 825 2012 potiori,
886 1951 980 1998 hoc
1035 1954 1110 2000 est
1161 1952 1362 2016 reginae
1416 1951 1621 1999 deorum
1676 1953 1896 1999 omnium

209 2024 450 2085 praetulit
486 2024 784 2084 inferiorem,
825 2027 1084 2073 accesserit
1123 2028 1173 2073 et
1210 2025 1399 2073 formae
1437 2026 1637 2073 iniuria.
1706 2025 1895 2073 malum
1920 2040 1975 2093 ες

211 2098 394 2159 quippe
434 2112 637 2144 aureum
676 2098 857 2145 dicitur
893 2099 1188 2161 inscriptum
1227 2099 1380 2147 fuisse
1418 2099 1540 2160 „hoc
1578 2115 1756 2148 munus
1796 2100 1894 2148 for·

210 2172 393 2218 mosior
435 2170 660 2218 habeto“.
736 2187 846 2219 cum
893 2188 1009 2236 ergo
1057 2172 1230 2220 datum
1270 2173 1446 2222 fuisset
1483 2172 1687 2235 Veneri,
1734 2173 1895 2236 dupli·

211 2244 334 2290 citer
371 2243 558 2291 offensa
596 2247 670 2292 est
707 2244 852 2306 Iuno,
898 2247 978 2307 ut,
1027 2262 1139 2294 cum
1179 2248 1307 2295 esset
1343 2261 1482 2295 soror
1519 2245 1653 2296 Iovis
1693 2249 1744 2294 et
1781 2262 1894 2296 con·
1964 2238 1972 2286 ζ

329 2388 352 2426 7
385 2385 526 2442 Aryae's
555 2384 789 2428 lemmatis
819 2385 924 2429 finis
957 2385 1006 2429 in
1030 2386 1138 2432 LR:
1171 2387 1254 2430 sed
1278 2388 1501 2443 quoniam
1526 2400 1725 2444 sequens
1749 2387 1893 2432 inter-
1952 2380 1979 2433 3

210 2441 411 2498 pretatio
474 2442 644 2486 rimum
675 2457 715 2487 v.
741 2447 796 2486 27
829 2446 1017 2500 tractat,
1048 2444 1218 2513 deinde
1243 2451 1314 2500 25,
1338 2448 1440 2515 tum
1464 2450 1536 2502 26,
1559 2449 1795 2503 postremo
1821 2450 1894 2502 28,
1943 2420 1979 2479 ζ

210 2502 872 2627 ἓξᾷῗὲηᾱῑοὲΐὲἐωεθὲἶᾙῗ
909 2503 1231 2619 {ffissfifffim
1244 2504 1455 2620 *3332
1483 2504 1895 2622 ἒοέἵῖἓῗὲρὲῗ
1951 2555 1969 2604 ετ

209 2618 390 2664 tivxsse:
422 2618 725 2674 quamobrem
756 2621 810 2663 ut
840 2619 946 2664 aliis
979 2620 1211 2665 similibus
1241 2622 1357 2667 locis
1388 2621 1562 2667 lemma
1601 2622 1828 2680 supplevi.
1951 2576 1981 2705 ἐ

211 2681 265 2720 14
295 2677 386 2731 fine
415 2677 503 2720 LR
530 2678 644 2733 fines
672 2692 695 2720 r
726 2677 797 2722 ed.
930 2684 984 2723 16
1017 2686 1058 2725 et
1089 2694 1176 2724 om.
1211 2680 1282 2725 ed.
1418 2686 1474 2726 18
1504 2683 1663 2727 merito
1693 2695 1781 2727 om.
1815 2681 1888 2727 ed.

298 2739 355 2779 20
383 2735 500 2790 facit
530 2735 600 2780 ed.
637 2738 644 2792 Ι
678 2750 786 2781 nam
817 2737 914 2791 LR,
933 2753 1079 2783 unam
1110 2739 1219 2783 edF.
1341 2745 1396 2784 21
1429 2743 1606 2797 quaesit
1636 2740 1723 2784 LR,
1754 2755 1889 2798 quae-

208 2795 315 2838 sivit
344 2808 367 2837 r
397 2796 530 2852 quasi
557 2795 620 2840 sit
649 2794 720 2839 ed.
880 2801 935 2840 22
967 2797 1193 2843 iudicium
1211 2825 1262 2830 —
1283 2803 1339 2843 23
1369 2800 1546 2854 formae
1576 2799 1663 2843 LR
1693 2799 1775 2844 edI
1803 2813 1889 2858 pro
1942 2818 1952 2832 Ἰ

209 2851 297 2896 hoc
329 2864 508 2897 versum
540 2857 597 2898 26
629 2852 874 2899 substituit
903 2854 1011 2899 edF.
1135 2861 1191 2901 23
1222 2858 1444 2913 sufficerit
1473 2857 1562 2902 LR
1592 2871 1706 2903 corr.
1738 2873 1763 2902 ι·
1790 2859 1889 2914 suf·

208 2911 354 2965 ficeret
384 2910 455 2956 ed.
579 2915 635 2957 28
666 2917 708 2957 et
737 2914 942 2958 coniunx
971 2927 1059 2959 om.
1093 2915 1164 2959 ed.
