2014 3226
803 169 1106 214 AENEIDOS
1137 170 1179 213 V
1733 171 1840 223 495

147 312 364 359 remedio
405 326 704 373 superemus.
776 326 895 374 gens
935 313 1107 359 nostra
1146 310 1281 358 mala
1319 311 1534 358 fatorum
1568 313 1699 358 sorte
1731 327 1842 372 pro-

147 388 318 450 genita
358 385 517 433 omnis
559 388 635 432 est
674 384 894 432 adversis
935 384 1186 433 destinata.
1234 384 1516 446 suppliciis,
1562 384 1843 431 habuerunt

147 459 339 521 aliquid
377 460 545 506 meriti
586 459 733 506 simul
772 460 975 506 interire
1016 474 1124 506 cum
1165 459 1353 520 patria,
1400 461 1566 506 noster
1605 458 1716 505 finis
1757 459 1841 505 ad-

145 534 240 581 huc
272 548 426 594 usque
460 533 700 594 differtur,
741 535 798 580 ut
821 533 973 580 variis
1006 535 1361 580 tormentorum
1390 532 1581 580 vicibus
1615 531 1842 580 adflictae

100 623 119 656 5
145 607 479 669 perduremus.
557 623 674 654 nam
716 607 825 668 quis
874 608 968 653 erit
1014 607 1259 654 malorum
1305 608 1528 668 ipsorum
1574 605 1708 666 finis,
1756 608 1843 667 qui

146 682 393 729 continuis
444 696 687 729 annorum
739 682 929 742 septem
980 681 1156 742 spatiis
1209 680 1436 727 concludi
1490 697 1589 728 non
1639 679 1844 742 potuit?

144 757 305 804 maria
329 756 497 802 omnia
530 758 580 802 et
610 756 872 803 universae
903 756 1150 802 terrarum
1182 757 1349 816 partes
1375 755 1622 802 cruciatus
1648 756 1842 802 nostros

144 844 426 891 poenasque
466 831 736 890 testantur,
777 844 889 876 cum
927 828 1131 876 Italiam
1171 830 1423 889 sequimur
1462 844 1676 890 semper,
1717 844 1843 890 quae

146 903 276 966 fugit
315 905 403 950 aut
441 919 540 951 non
581 906 668 950 est.
745 903 822 951 hic
853 903 1031 963 Erycis
1069 903 1192 961 fines
1230 904 1441 961 fraterni
1480 906 1622 962 atque
1659 903 1827 962 hospes
1846 908 1932 949 630

80 994 122 1026 10
146 976 370 1026 Acestes:
408 979 517 1037 quis
547 977 774 1036 prohibet
811 990 977 1024 muros
1018 978 1172 1024 iacere
1205 980 1247 1024 et
1277 978 1396 1025 dare
1428 977 1612 1024 civibus
1641 977 1844 1024 urbem?

147 1054 446 1112 oportunum
479 1067 682 1112 prorsus
714 1050 1004 1098 remanendi
1034 1053 1230 1111 tempus
1264 1053 1353 1110 est,
1391 1051 1527 1099 locus
1560 1050 1842 1099 volentibus

147 1127 389 1189 congruit,
421 1125 596 1188 negari
621 1141 720 1173 non
744 1125 910 1186 potest
934 1124 1067 1187 quod
1091 1125 1257 1172 fuerat
1281 1125 1465 1185 fratris,
1499 1125 1704 1172 Troiani
1727 1127 1844 1174 sunt

145 1200 323 1247 harum
354 1202 601 1246 terrarum
631 1199 841 1259 incolae,
871 1215 971 1246 non
1006 1198 1322 1262 denegabunt
1353 1200 1482 1246 cives
1515 1198 1843 1247 necessariam

146 1273 336 1321 civibus
377 1273 557 1333 sedem,
598 1275 900 1322 conveniunt
939 1272 1106 1320 omnia
1146 1273 1415 1321 commodis
1455 1274 1653 1333 nostris,
1697 1274 1842 1320 omit-

78 1363 119 1396 15
143 1347 295 1395 tenda
340 1364 439 1396 non
491 1350 566 1396 est
615 1349 789 1395 tantae
845 1347 1174 1408 expeditionis
1229 1348 1445 1407 occa-sio,
1498 1363 1560 1394 110
1616 1348 1844 1408 quaesita

145 1421 391 1483 posterius
423 1422 633 1483 reperiri
664 1437 763 1469 non
794 1422 966 1483 possit.
1031 1435 1057 1468 o
1080 1423 1255 1481 patria
1287 1425 1330 1469 et
1358 1423 1492 1481 rapti
1522 1423 1844 1481 nequicquam

145 1510 202 1544 ex
239 1496 369 1543 hoste
407 1499 638 1555 penates:
685 1511 735 1556 o,
775 1495 963 1557 inquit,
1003 1497 1194 1557 patria,
1235 1511 1386 1556 quam
1425 1495 1728 1543 deseruimus
1768 1495 1843 1543 in-

144 1569 435 1631 prudentes,
492 1569 611 1631 quid
665 1570 860 1631 profuit
908 1571 1106 1632 penatis
1153 1569 1270 1617 deos
1316 1569 1531 1617 flammis
1579 1583 1683 1617 esse
1730 1569 1844 1618 sub-

144 1642 368 1692 tractos?
407 1658 518 1692 0000
556 1659 646 1692 1100
685 1643 781 1692 sibi
818 1646 1090 1706 potuerunt
1127 1643 1359 1705 prodesse
1391 1659 1479 1690 nec
1510 1643 1667 1692 nobis.
1724 1643 1844 1705 quid

77 1733 121 1765 20
144 1718 335 1780 profuit
366 1718 580 1766 navibus
612 1719 796 1778 vectos,
839 1717 959 1779 quid
991 1718 1189 1765 effectos
1222 1717 1426 1766 comites
1458 1715 1636 1765 nobis?
1676 1719 1844 1766 errant

144 1791 241 1853 ipsi
281 1807 477 1854 quoque
517 1807 607 1839 nec
654 1807 797 1840 suam
843 1792 1021 1839 saltem
1072 1793 1310 1839 iniuriam
1347 1791 1563 1853 pellunt,
1613 1793 1842 1840 miseriae

144 1868 344 1914 nostrae
369 1866 557 1914 nullius
583 1866 827 1914 auxilium
851 1868 1068 1928 sperant,
1100 1882 1256 1913 unum
1280 1867 1519 1928 superest,
1557 1867 1616 1913 ut
1647 1867 1843 1914 secutae

146 1940 430 2001 consilium,
471 1939 601 2001 quod
642 1941 822 1988 vestris
863 1939 1087 1988 sensibus
1125 1939 1447 1999 intima-vem,
1493 1939 1842 2003 provideamus

144 2013 287 2062 nobis
328 2014 612 2075 quiescendi
650 2013 936 2062 remedium.
999 2013 1194 2062 dictura
1241 2013 1360 2075 quid
1400 2016 1529 2062 esset
1566 2013 1842 2062 necessario

78 2102 120 2136 25
144 2087 427 2136 faciendum
480 2089 742 2151 praemisit
795 2090 846 2137 et
891 2087 1035 2148 haec,
1095 2089 1153 2136 ut
1205 2089 1540 2150 persuasionis
1595 2088 1843 2136 obtineret

146 2163 396 2210 effectum:
440 2163 666 2218 nullane,
722 2163 909 2224 inquit,
962 2163 1066 2210 iam
1115 2162 1291 2210 Troiae
1344 2163 1564 2211 dicentur
1616 2162 1843 2210 moenia?

144 2250 390 2295 nusquam
434 2236 695 2285 Hectoreos
745 2237 906 2284 amnis
954 2235 1210 2284 Xanthum
1261 2239 1303 2284 et
1353 2235 1600 2284 Simoenta
1641 2236 1843 2285 videbo?

144 2312 364 2370 tantum,
402 2311 589 2373 inquit,
630 2309 895 2358 errandum
935 2311 1010 2358 est
1048 2309 1214 2370 nobis,
1259 2312 1339 2371 ut,
1386 2325 1499 2358 cum
1544 2311 1703 2358 otium
1742 2326 1842 2357 non

267 2455 290 2494 1
323 2465 593 2508 superamus
615 2451 703 2494 LR
728 2451 799 2495 ed.
826 2453 933 2508 post
963 2451 1053 2494 hoc
1085 2450 1268 2507 aliquid
1300 2450 1529 2495 excidisse
1555 2449 1678 2495 falso
1701 2451 1843 2506 putat

146 2509 254 2553 edF.
386 2515 412 2553 2
444 2511 705 2555 habuerunt
735 2509 823 2553 LR
851 2509 1104 2558 habuerat?
1234 2514 1260 2554 3
1293 2510 1474 2566 aliquid
1504 2510 1657 2555 meriti
1686 2509 1723 2552 L
1754 2510 1841 2553 ali-

146 2569 266 2624 quod
295 2584 353 2614 m.
386 2569 428 2613 R
466 2569 624 2613 locum
661 2572 838 2614 temere
875 2571 991 2613 mut.
1023 2569 1096 2614 ed.
1155 2570 1161 2626 Ι
1218 2570 1404 2614 interiri
1432 2569 1519 2612 LR
1549 2583 1617 2614 -re
1647 2569 1719 2613 ed.

146 2634 174 2672 4
206 2634 257 2672 ut
274 2654 330 2660 —
349 2634 374 2672 5
401 2630 713 2685 perduramwr
742 2628 830 2672 LR
868 2634 921 2672 ut
937 2654 992 2661 —-
1007 2627 1305 2684 perduremus
1333 2643 1358 2672 r
1395 2641 1457 2672 011
1488 2633 1531 2673 et
1546 2654 1603 2661 ——
1612 2627 1839 2684 perdum-

145 2691 275 2732 mus?
440 2692 466 2731 5
501 2689 814 2745 perducamur
849 2687 920 2732 ed.
1090 2691 1145 2731 10
1178 2687 1291 2744 quid
1320 2687 1408 2731 LR
1438 2687 1556 2743 edF,
1596 2686 1679 2731 sed
1717 2685 1840 2730 infra

148 2745 210 2789 ad
238 2761 280 2791 v.
308 2750 405 2790 ‘195-
423 2745 498 2790 bis
536 2746 760 2792 laudatur
790 2748 915 2803 quis,
954 2746 1082 2804 quod
1117 2746 1502 2804 interpretationi
1539 2745 1692 2803 magis
1732 2759 1838 2790 con-

146 2804 303 2850 venire
339 2804 538 2851 videtur.
722 2811 777 2850 12
815 2807 960 2861 fratri
995 2805 1084 2850 LR
1120 2807 1286 2861 fratris
1322 2806 1395 2850 ed.
1578 2810 1634 2850 15
1671 2805 1840 2862 expeti-

146 2865 288 2910 tionis
324 2864 412 2908 LR
457 2878 571 2911 corr.
613 2865 684 2910 ed.
870 2869 924 2909 18
963 2865 1161 2921 flammis
1197 2864 1283 2908 LR
1325 2879 1349 2909 e
1385 2866 1571 2920 flamma
1609 2863 1719 2908 edF.

146 2926 204 2966 20
241 2929 384 2968 vectos
421 2924 457 2968 L
495 2930 643 2970 vectas
680 2924 723 2968 R
768 2937 859 2970 esse
897 2923 1005 2969 add.
1046 2924 1118 2968 ed.
1302 2928 1359 2968 28
1402 2924 1545 2968 otium
1589 2922 1663 2967 bis
1701 2922 1744 2967 R
1788 2927 1842 2969 ut

146 2995 247 3027 cum
282 2996 319 3027 o.
351 2997 376 3026 1·
399 3004 456 3020 =
479 2983 528 3026 L.
