2014 3226
24 2493 28 2500 ·
23 2308 37 2451 aum-ros
25 2214 34 2240 ,ο

811 192 1111 237 ΑΕΝΕΙΒΟΞ
1142 193 1205 237 IV
1748 201 1855 251 413

167 331 434 392 perniciem
474 346 614 377 suam
653 330 923 377 crudelium
966 333 1357 382 consideratione
1399 339 1706 397 coeptorum,
1756 339 1855 384 vol-

168 419 287 451 vens
327 404 492 452 oculos
534 404 746 451 suffusos
787 407 1039 467 sanguine,
1073 408 1278 455 maculis
1312 425 1426 456 vero
1466 409 1675 459 sordidis
1707 427 1855 473 genas

167 477 352 526 habens
407 477 626 525 variatas
682 480 732 524 et
786 482 900 525 ante
956 480 1177 527 futuram
1237 486 1443 530 mortem
1500 484 1597 530 iam
1654 485 1855 544 pallida.

81 576 83 579 v
166 553 404 598 interiora
452 554 618 599 autem
667 551 842 599 limina
888 554 1132 614 inrumpit
1178 557 1300 605 (11011
1349 556 1469 604 dicit
1508 558 1727 619 ingressa
1770 563 1856 613 est,

123 642 142 674 5
168 625 253 673 sed
291 626 497 686 inrupit,
537 628 592 672 ut
632 625 914 674 ostenderet
953 615 1234 693 furentem),
1277 630 1510 689 quoniam
1550 647 1699 692 supra
1733 632 1856 679 dixit

167 692 377 764 (494),
381 701 451 759 ,tu
492 701 679 746 secreta
718 715 895 761 pyram
935 703 1064 747 tecto
1105 703 1338 750 interime
1375 704 1466 750 sub
1499 720 1644 752 auras
1679 705 1854 767 erige‘fl

167 789 282 836 ergo
330 775 507 820 merito
556 773 626 820 ait
673 774 912 821 interiora
952 774 1124 822 domus
1164 777 1404 837 inrumpit
1443 778 1616 825 limina
1655 781 1704 825 et
1744 794 1854 826 con-

167 849 410 895 structam
435 847 588 894 altius
611 862 787 909 pyram
815 848 1083 895 furibunda
1108 851 1402 897 conscendit.
1445 852 1651 899 exclusit
1674 854 1855 916 vagina

167 920 414 984 gladium,
464 936 609 982 quem
648 920 832 968 oblivio
872 924 1183 982 properantis
1223 924 1496 985 reliquerat
1535 941 1630 972 non
1672 925 1734 973 ad
1774 943 1855 974 eos

102 1014 143 1046 ιο
168 1010 284 1043 usus
325 1011 446 1057 quos
485 986 623 1042 furor
662 994 878 1042 amantis
917 995 1212 1043 inveniebat.
1290 997 1410 1045 bene
1451 1002 1614 1047 autem
1664 999 1856 1046 addidit

166 1071 316 1131 poeta
355 1069 622 1116 furibunda
662 1068 946 1116 conscendit
987 1069 1303 1118 altitudinem
1335 1074 1458 1134 rogi,
1491 1075 1547 1119 ut
1578 1073 1855 1121 ostenderet

167 1143 358 1190 nullum
391 1143 450 1190 de
482 1158 598 1190 nece
630 1157 721 1190 sua
754 1158 895 1204 posse
921 1145 1137 1205 cogitare
1163 1146 1258 1191 nisi
1285 1161 1428 1205 quem
1453 1146 1612 1206 primo
1637 1148 1855 1194 amentia.

166 1217 347 1265 furoris
394 1217 706 1279 oppresserit.
784 1218 861 1264 hic
889 1222 1149 1277 postquam
1187 1219 1377 1266 Iliacas
1415 1224 1563 1266 vestes
1600 1224 1856 1280 notumque

166 1291 320 1340 cubile
350 1293 607 1351 conspexit,
624 1292 838 1351 paulum
870 1292 1083 1339 lacrimis
1116 1295 1159 1340 et
1186 1295 1340 1340 mente
1362 1297 1551 1340 ¹¹morata
1573 1291 1607 1353 [
1602 1294 1839 1341 incubuit-
1857 1298 1943 1337 650

101 1384 141 1416 15
167 1380 257 1425 quc
287 1368 388 1412 toro
420 1366 634 1425 dixitque
662 1366 930 1412 novissima
960 1364 1159 1426 verbaJ:
1204 1365 1399 1427 quando
1440 1366 1502 1414 ad
1541 1367 1699 1428 ipsam
1740 1383 1854 1414 ven·

166 1442 275 1487 tum
331 1442 406 1487 est
458 1455 634 1501 pyram
691 1441 740 1486 et
792 1439 921 1486 vidit
967 1442 1128 1487 vestes
1176 1439 1355 1487 Iliacas
1403 1443 1451 1487 et
1497 1440 1679 1500 cubile,
1726 1441 1855 1488 unde

166 1514 355 1561 malum
409 1529 551 1560 omne
607 1515 942 1573 contraxerat,
995 1515 1150 1560 ictum
1204 1513 1462 1575 paululum
1516 1514 1710 1562 distulit
1757 1530 1854 1576 quo

166 1587 332 1635 fuerat
368 1589 614 1649 peritura:
653 1587 880 1634 incubuit
920 1602 1067 1648 super
1097 1589 1262 1635 torum
1294 1588 1572 1644 lacrimans,
1606 1590 1661 1635 ut
1691 1588 1853 1636 novis·

167 1661 293 1710 sima
333 1663 446 1710 ante
486 1662 780 1725 sanguinem
819 1661 1048 1709 funderet
1085 1661 1255 1722 verba,
1306 1661 1482 1722 quibus
1529 1662 1695 1709 omnia
1742 1676 1853 1709 con-

99 1754 143 1785 so
166 1736 412 1784 solaretur
459 1751 586 1797 quae
633 1751 797 1784 seeum
844 1737 1067 1796 peritura
1114 1734 1357 1782 cernebat.
1434 1735 1595 1783 dulces
1634 1736 1855 1783 cauriae:

165 1809 246 1858 hic
285 1809 628 1872 suspendenda
666 1811 1009 1872 pronuntiatio
1042 1811 1117 1857 est
1147 1824 1236 1856 nec
1267 1808 1570 1871 iungendum
1600 1810 1715 1856 dum
1746 1810 1854 1868 fata

166 1885 376 1944 deusque
419 1884 662 1939 sinebant,
708 1900 770 1931 ne
818 1898 1099 1945 expressum
1144 1884 1266 1930 mire
1313 1883 1582 1930 moriturae
1625 1897 1853 1930 vexemus

167 1957 437 2019 adfectum,
484 1960 542 2006 ut
578 1960 782 2020 putetur
820 1957 934 2004 illas
973 1959 1132 2005 vestes
1172 1972 1337 2005 amare
1382 1955 1585 2016 desisse,
1633 1971 1756 2017 quas
1802 1957 1854 2003 111

165 2034 364 2080 tantum
410 2032 673 2096 diligebat,
718 2033 778 2079 ut
819 2047 992 2079 earum
1029 2030 1230 2078 favillas
1269 2032 1370 2078 suis
1410 2029 1624 2077 voluerit
1660 2029 1853 2077 misceri

31 2160 33 2162 ,
99 2123 142 2156 25
168 2106 427 2155 cineribus
491 2108 628 2155 amat
665 2106 825 2169 igitur
862 2106 952 2154 has
992 2104 1251 2152 ostendens
1293 2103 1423 2165 quod
1462 2103 1576 2151 illas
1607 2118 1705 2151 non
1738 2102 1854 2162 odii,

166 2180 251 2228 sed
292 2181 475 2230 amoris
514 2195 663 2228 causa
703 2195 867 2228 secum
900 2178 1140 2227 decresset
1170 2177 1381 2226 incendi.
1442 2177 1570 2225 hanc
1601 2192 1718 2241 ergo
1750 2192 1853 2225 esse

165 2255 423 2302 meliorem
476 2253 935 2316 pronuntiationem
981 2255 1030 2301 et
1074 2252 1204 2300 hunc
1256 2251 1658 2313 praeponendum
1711 2249 1851 2298 intel-

166 2329 349 2377 lectum
401 2330 522 2377 tunc
577 2327 858 2390 apparebit,
905 2342 1015 2374 cum
1061 2341 1229 2375 sensus
1276 2326 1428 2373 fuerit
1474 2323 1752 2383 ordinatus,
1798 2327 1854 2372 ut

168 2402 484 2462 excludamus
538 2417 622 2451 eos
676 2403 767 2464 qui
818 2400 1121 2465 iungendum
1180 2401 1363 2461 putant
1422 2397 1589 2446 dulces
1650 2397 1853 2446 exuviae

97 2493 143 2526 ⁸0
166 2476 283 2525 dum
322 2477 430 2526 fata
468 2476 686 2538 deusque
725 2474 968 2535 sinebant,
998 2477 1055 2521 ut
1086 2472 1350 2522 videantur
1378 2472 1466 2520 illo
1497 2486 1656 2533 usque
1686 2469 1852 2519 dulces

167 2565 266 2612 quo
306 2551 471 2598 fuerat
506 2550 743 2612 peritura.
821 2547 997 2611 quodsi
1037 2562 1177 2595 amor
1215 2562 1383 2593 earum
1422 2546 1595 2594 mortis
1634 2546 1852 2606 tempore

286 2709 401 2750 6-7
531 2720 553 2750 e
582 2705 669 2750 LR
672 2704 780 2820 9ed.
804 2718 839 2749 e.
864 2716 967 2761 erqo
996 2715 1095 2747 nos
1240 2705 1268 2745 8
1299 2701 1487 2747 exclusit
1517 2698 1605 2743 LB
1632 2698 1731 2754 erip
1733 2697 1801 2742 uie
1830 2710 1853 2741 e

167 2765 275 2822 0111
302 2766 497 2810 vocina
781 2762 1013 2819 operantis
1026 2762 1209 2806 Aeneae
1232 2756 1740 2815 edF.14paulu1mn
1763 2754 1813 2799 L.
1842 2760 1846 2810 ι

166 2825 462 2881 incubuitque
477 2850 534 2856 —
553 2828 609 2893 15
639 2825 775 2868 verba
806 2822 942 2888 deest
969 2820 1019 2864 in
1041 2819 1145 2875 LR
1168 2818 1249 2863 sed
1373 2817 1556 2862 licetur.
1649 2819 1704 2859 22
1734 2816 1852 2859 eine·

166 2883 245 2928 bat
279 2882 370 2927 LR
406 2882 523 2928 item
559 2882 624 2926 in
647 2882 838 2939 interpr.
871 2879 1027 2937 priore
1065 2879 1190 2933 1000,
1230 2879 1282 2922 at
1366 2878 1468 2921 tero
1504 2874 1712 2920 sinebant
1750 2872 1798 2917 L.
1841 2872 1847 2930 Ι

168 2942 310 2986 mirae
340 2941 448 2988 LR
457 2955 574 2987 corr,
598 2941 670 2986 ed
785 2945 843 2983 24
859 2937 1067 2986 volum-it
1094 2913 1190 2982 LR'
1212 2936 1340 2981 venet
1369 2935 1442 2980 ed
1548 2936 1605 2977 26
1635 2932 1853 2990 deff-esset

169 2999 204 3043 L
236 3015 310 3045 -sa
339 3001 382 3044 R
411 3001 672 3046 decre-visset
700 3014 725 3044 r
755 2998 827 3043 ed.
