2014 3226
765 160 1068 204 AENEIDOS
1102 161 1163 202 ΙΙΙ
1709 161 1776 212 28
1788 164 1812 212 l

125 302 275 349 batur
322 300 569 348 adsereret
616 300 864 348 custodiri.
942 300 1125 348 idcirco
1174 301 1246 348 ait
1287 301 1402 347 hinc
1442 303 1602 348 mater
1641 301 1819 348 cultrix

130 374 310 436 Cybele
361 374 760 436 Corybantiaque
809 390 923 421 aera
969 374 1273 436 Idaeumque
1321 390 1514 434 nemus,
1560 375 1675 422 hinc
1721 374 1820 420 fida

128 450 327 496 silentia
373 449 523 496 sacris
572 450 622 495 et
667 449 824 494 iuncti
872 464 1070 495 currum
1119 449 1345 495 dominae
1393 448 1585 495 subiere
1639 449 1819 495 leoneS.

128 538 243 586 ergo
283 523 416 586 agite
457 525 506 570 et
546 522 715 570 divum
748 522 934 569 ducunt
966 538 1064 583 qua
1096 524 1230 569 iussa
1264 538 1551 583 sequamur:
1593 537 1700 570 ecce
1734 522 1819 582 qui

83 614 102 646 5
127 598 325 644 fuerant
353 596 558 657 „incerti
583 612 680 658 quo
706 597 811 643 fata
837 597 1015 655 ferant,
1040 596 1123 642 ubi
1150 598 1321 643 sistere
1346 595 1518 644 detur“
1544 612 1672 644 nunc
1705 596 1821 643 deos

127 670 284 719 secuti
332 673 380 718 et
428 672 715 731 exponentis
762 669 913 717 verba
967 671 1340 732 navigationem
1394 671 1486 717 tali
1541 670 1823 718 adsertione

127 746 424 806 promissam
465 743 627 792 subire
669 743 984 807 cogebantur.
1041 745 1291 804 placemus
1331 748 1503 792 ventos
1545 747 1594 791 et
1635 742 1824 791 Gnosia

126 834 283 882 regna
327 821 574 880 petamus:
629 834 742 878 non,
785 819 902 878 quia
940 820 1059 865 tunc
1100 820 1262 878 asperi
1301 819 1512 879 fuerant,
1552 818 1678 865 dixit
1716 818 1822 878 pla-

130 908 309 953 cemus,
334 892 418 940 sed
442 895 500 940 ut
530 894 840 954 navigaturis
871 892 1020 939 flatus
1053 907 1245 952 semper
1275 893 1498 953 placidos
1524 892 1823 940 exhiberent.

63 986 105 1017 10
130 966 388 1030 subiungit
427 966 547 1028 quid
587 966 831 1014 commodi
870 982 928 1012 ex
969 982 1024 1013 eo
1064 965 1415 1013 sacrificiorum
1447 967 1680 1028 obsequio
1711 982 1822 1027 pro·

129 1041 296 1088 venire
350 1043 539 1102 posset:
601 1056 690 1087 nec
744 1040 893 1102 longo
949 1040 1140 1087 distant
1187 1055 1352 1087 cursu:
1407 1040 1551 1089 modo
1599 1040 1828 1102 Iuppiter

130 1114 282 1175 adsit,
330 1116 480 1162 tertia
526 1114 612 1161 lux
655 1115 863 1162 classem
904 1112 1124 1162 Cretaeis
1165 1114 1307 1162 sistet
1345 1114 1397 1160 in
1438 1115 1557 1174 oris,
1605 1116 1648 1162 si
1695 1116 1825 1162 enim

130 1190 282 1236 fuerit
334 1188 563 1251 Iuppiter
617 1189 798 1236 fautor.
878 1188 1129 1250 conplevit
1192 1188 1360 1235 omnia
1422 1188 1601 1250 quibus
1657 1187 1826 1249 perfici

16 1322 30 1332 ο
131 1264 353 1324 oportuit
400 1262 674 1310 suasoriam
721 1262 946 1310 addendo
995 1262 1128 1324 quod
1171 1263 1427 1325 navigatio
1467 1264 1577 1323 ipsa
1616 1262 1675 1310 de
1713 1278 1826 1323 pro-

65 1355 106 1388 15
131 1337 357 1384 ximitate
397 1353 495 1384 non
535 1336 706 1384 futura
745 1338 873 1385 esset
912 1336 1096 1396 odiosa,
1135 1338 1318 1398 tamen,
1357 1338 1540 1397 inquit,
1572 1338 1614 1384 si
1645 1338 1828 1383 faverit

0 1425 27 1475 1-
130 1411 368 1472 Iuppiter.
446 1412 767 1458 temerarium
815 1411 943 1458 enim
991 1413 1107 1472 post
1151 1410 1375 1457 triduum
1422 1411 1646 1471 polliceri
1689 1411 1827 1458 cuius

0 1477 1 1486 ¹
131 1485 310 1532 incerti
350 1484 450 1532 sint
488 1485 659 1546 flatus,
698 1484 910 1546 ideoque
949 1486 1118 1546 posuit
1157 1484 1495 1532 condicionem
1532 1484 1828 1547 pendentem

133 1575 190 1606 ex
228 1559 362 1607 Iovis
402 1559 677 1620 voluntate,
717 1560 797 1606 cui
836 1560 995 1608 omnis
1034 1561 1258 1621 potestas
1301 1560 1427 1606 esset
1466 1558 1618 1605 dandi
1654 1560 1828 1605 ventos

44 1657 47 1660 ·
134 1635 222 1681 aut
282 1633 503 1682 nocendi.
586 1635 658 1682 sic
709 1635 846 1694 fatus
898 1635 1093 1680 meritos
1154 1635 1258 1680 aris
1317 1634 1548 1681 mactarit
1605 1633 1830 1679 honores:

28 1740 30 1744 ,
66 1726 109 1758 20
133 1708 336 1756 meritos
383 1707 510 1755 dixit
556 1707 894 1756 convenientis
942 1710 992 1755 et
1038 1708 1160 1755 dicit
1207 1706 1384 1768 quibus
1423 1708 1581 1754 initiis
1621 1707 1833 1754 honores

24 1774 29 1779 ’
134 1783 185 1829 et
232 1782 410 1843 quibus
456 1781 742 1830 numinibus
791 1782 892 1830 sint
939 1781 1166 1829 exhibiti:
1222 1784 1419 1828 taurum
1459 1781 1699 1840 Neptuno,
1740 1780 1830 1827 deo

134 1855 325 1904 scilicet
375 1857 528 1904 maris
575 1858 782 1918 propter
825 1855 1135 1919 ingruentem
1185 1855 1579 1918 navigationem,
1633 1858 1832 1902 taurum

134 1930 234 1985 tibi,
267 1930 470 1990 pulcher
507 1928 707 1990 Apollo,
754 1932 959 1992 propter
1003 1931 1228 1991 responsi
1266 1928 1577 1989 beneficium,
1622 1930 1818 1988 nigram
1836 1931 1925 1971 120

134 2004 302 2052 Hiemi
345 2005 603 2064 pecudem,
659 2006 718 2052 ut
772 2006 1140 2066 conquiesceret
1194 2018 1282 2050 nec
1329 2005 1548 2063 noceret,
1595 2002 1833 2063 Zephyris

68 2095 111 2128 25
134 2078 357 2138 felicibus
396 2079 575 2134 albam,
615 2080 673 2125 ut
710 2078 860 2141 plena
899 2078 1231 2141 prosperitate
1271 2076 1510 2125 adessent.

260 2268 281 2306 1
316 2264 488 2308 adserit
518 2263 605 2307 LR.
637 2263 708 2307 ed.
742 2268 853 2308 —eret
882 2277 980 2308 nos.
1099 2267 1122 2306 7
1156 2263 1316 2320 iynota
1346 2262 1433 2305 LR
1464 2264 1623 2318 (supra
1652 2261 1832 2319 yraeosia)

136 2328 277 2380 qnota
308 2338 332 2366 r
360 2324 526 2380 qnosia
555 2322 606 2367 r‘.
756 2327 783 2366 8
816 2324 930 2367 dicit
960 2322 1032 2366 ed.
1178 2327 1203 2365 9
1236 2323 1371 2376 flatos
1402 2322 1468 2376 (et
1498 2321 1639 2378 infra)
1673 2320 1773 2364 LR.

141 2387 195 2426 12
228 2383 348 2426 enim
378 2382 466 2425 LR
495 2383 628 2427 modo
659 2382 769 2426 edF.
865 2386 920 2426 13
951 2382 1165 2438 Iuppiter
1193 2382 1329 2436 favor
1352 2380 1439 2424 LR
1469 2381 1594 2425 Iovis
1622 2380 1782 2434 fautor
1812 2394 1835 2421 r

138 2440 169 2485 i.
189 2454 226 2485 e.
252 2441 326 2484 vel
348 2442 475 2486 Iovis
495 2442 632 2496 favor
658 2441 733 2486 vel
755 2442 969 2498 Iuppiter
997 2442 1157 2495 fautor
1186 2440 1283 2498 legi
1314 2439 1414 2484 vult
1437 2441 1575 2496 Iupp.
1601 2445 1736 2484 autor
1760 2438 1832 2482 ed.

232 2505 288 2543 14
317 2502 534 2546 suasoria
567 2501 637 2544 ed.
825 2504 879 2543 15
918 2501 961 2544 si
995 2500 1166 2554 faverit
1196 2499 1282 2542 LR
1319 2500 1416 2544 nisi
1444 2500 1478 2554 f.
1511 2498 1556 2542 r'
1592 2497 1733 2556 (male
1765 2496 1833 2540 di-

141 2559 415 2617 stinguens).
555 2564 610 2603 16
644 2561 764 2604 enim
795 2559 882 2603 LR
912 2564 1011 2604 erat
1041 2574 1076 2604 e.
1107 2573 1132 2602 r
1161 2564 1226 2603 est
1255 2573 1290 2603 e.
1325 2559 1396 2603 ed.
1543 2562 1596 2603 17
1628 2557 1730 2602 ideo
1761 2570 1837 2600 ore

136 2620 293 2675 posuit
322 2619 358 2663 L
393 2620 424 2663 i.
457 2620 660 2675 reposuit
689 2619 732 2662 R
762 2620 948 2675 ideoque
972 2632 1071 2674 pos.
1105 2633 1130 2661 1·
1158 2617 1259 2663 ideo
1284 2632 1334 2674 p.
1369 2617 1439 2662 ed.
1588 2621 1642 2660 18
1673 2616 1833 2661 volun-

140 2683 278 2722 tatem
307 2678 356 2723 L.
397 2679 403 2735 Ι
452 2693 543 2723 esse
572 2678 615 2722 R
645 2683 756 2723 esset
785 2692 820 2723 r.
946 2682 1000 2721 19
1033 2678 1222 2722 meritus
1252 2676 1339 2720 LR
1370 2691 1485 2721 corr.
1515 2691 1551 2720 r.
1595 2678 1602 2732 Ι
1650 2675 1837 2720 honoris

141 2736 240 2781 LR.
345 2742 402 2781 20
434 2738 592 2782 merito
623 2737 710 2781 LR
742 2751 855 2781 corr.
887 2751 923 2780 r.
953 2736 960 2795 Ι
995 2737 1099 2792 quis
1127 2736 1280 2781 initiis
1308 2736 1495 2781 honoris
1524 2735 1559 2778 L
1592 2734 1720 2789 item,
1753 2733 1835 2778 sed

141 2795 337 2855 mitssiils
373 2810 479 2840 cum
508 2795 686 2841 rasuris
716 2795 759 2839 R
797 2795 962 2852 quibus
999 2796 1029 2839 i.
1061 2796 1252 2840 honores
1288 2809 1394 2850 nos,
1434 2794 1547 2851 quia
1577 2793 1694 2838 Don.
1726 2807 1834 2836 nus-

142 2867 286 2911 quam
309 2856 413 2912 quis
434 2868 518 2912 pro
535 2857 701 2912 quibus
723 2854 882 2909 habet,
900 2854 961 2898 ad
978 2855 1130 2900 initiis
1153 2854 1211 2899 cf.
1226 2853 1537 2908 Catull.63‚9;
1570 2866 1628 2896 an
1655 2852 1835 2897 bestiis?

233 2918 287 2957 21
321 2920 364 2959 et
393 2915 496 2971 quis
525 2915 790 2959 nominibus
819 2913 906 2958 LR
931 2926 1043 2958 corr.
1061 2928 1097 2958 r.
1134 2915 1140 2971 Ι
1178 2914 1274 2959 sint
1302 2913 1514 2958 eaehibitis
1542 2911 1630 2955 LR
1659 2912 1835 2955 temere

142 2971 299 3017 locum
326 2974 442 3019 mut.
468 2973 541 3018 ed.
570 2974 576 3032 Ι
603 2987 652 3019 eo
676 2973 763 3017 LR
793 2972 883 3017 del.
908 2987 933 3016 1·
962 2973 1043 3018 deo
1075 2973 1146 3017 ed.
1245 2976 1302 3017 24
1330 2972 1405 3016 hic
1427 2971 1513 3015 LR
1542 2971 1680 3016 hiemi
1708 2985 1732 3013 r
1762 2969 1834 3015 ed.
