2014 3226
765 180 1068 225 AENEIDOS
1100 182 1164 224 IV
1707 186 1813 236 395

125 320 412 367 excluserat.
491 319 742 367 ferebatur
798 335 912 383 ergo
969 336 1056 382 per
1109 325 1266 370 totam
1324 323 1492 370 urbem
1548 325 1619 385 et,
1675 326 1817 384 quasi

124 409 266 441 sacra
304 393 472 440 Liberi
518 394 676 455 patris
718 396 1005 456 agerentur,
1051 411 1138 456 per
1178 398 1445 443 amentiam
1483 396 1817 444 bacchabatur

123 468 177 515 in
233 483 343 514 eum
398 466 602 514 modum
658 482 754 528 quo
811 467 926 514 ferri
982 468 1107 515 solet
1163 472 1404 517 commotis
1460 472 1611 518 excita
1660 473 1817 518 sacris

125 542 296 601 tleyiaS,
328 541 412 588 ubi
451 542 619 588 audito
657 541 911 588 stimulant
950 543 1184 589 trieterica
1219 543 1410 590 Baccho
1449 547 1588 604 omia
1625 548 1816 592 noctur-

78 631 99 664 s
122 628 309 674 reusque
346 618 484 662 vocat
522 614 729 663 clamore
772 614 1043 662 Cithaerooz.
1121 618 1313 664 tandem
1351 618 1427 665 leis
1466 617 1669 665 Aenean
1708 632 1816 665 con-

114 689 271 748 pellat
299 689 494 736 vocibus
525 689 678 736 ultro:
708 689 966 749 praeventi
1000 691 1117 736 sunt
1141 690 1337 738 Aeneae
1367 694 1633 751 tractatus,
1665 707 1815 753 supra

123 762 254 810 enim
294 762 418 810 dixit
458 778 591 822 „sese
631 763 843 823 interea,
885 763 1081 824 quando
1130 765 1318 825 optima
1359 764 1488 812 Dido
1536 765 1722 814 nesciat
1765 768 1816 812 et

122 837 291 884 tantos
339 838 505 898 rumpi
551 853 647 884 non
698 839 863 898 speret
902 852 1116 896 amores,
1163 840 1522 898 temptaturum
1563 839 1725 886 aditus
1766 844 1814 885 et

123 925 250 972 quae
296 910 589 958 mollissima
636 910 775 958 fandi
821 910 1089 971 tempora“.
1168 927 1275 959 ecce
1324 912 1453 960 Dido
1500 913 1618 960 licet
1663 913 1813 974 paulo

55 1001 99 1033 ιο
123 984 337 1045 tardius,
393 986 511 1046 quia
565 984 844 1046 inpedierat
894 985 1054 1044 furor,
1109 985 1240 1033 ultro
1288 987 1450 1047 ipsum
1503 986 1813 1049 adgreditur3

121 1073 282 1119 neque
330 1058 461 1105 enim
508 1058 646 1106 aliud
694 1062 952 1120 expectare
999 1058 1168 1106 debuit
1208 1075 1358 1120 quam
1396 1062 1473 1107 tot
1514 1060 1666 1106 animi
1703 1075 1812 1121 pos—

122 1132 350 1179 sederant
389 1132 524 1179 mala
564 1134 614 1179 et
653 1148 780 1194 quae
819 1132 925 1179 fieri
964 1136 1170 1180 noverat
1202 1133 1335 1194 quod
1367 1135 1666 1195 paraverant
1697 1133 1812 1181 doli.

119 1205 322 1254 tandem
354 1207 572 1268 pertinet
605 1206 669 1254 ad
699 1207 932 1267 furorem,
965 1208 1053 1267 qui
1084 1206 1292 1253 Didonis
1328 1223 1498 1254 vocem
1538 1207 1814 1267 distulerat,

25 1315 40 1323 -
121 1279 252 1327 ultro
300 1279 365 1327 ad
410 1279 761 1342 inpatientiam
804 1280 1004 1341 doloris,
1044 1295 1218 1328 vocum
1258 1296 1374 1329 vero
1414 1280 1813 1328 commemoratio

54 1371 97 1404 ιε
122 1354 531 1402 exclamationem
577 1355 799 1402 futuram
845 1353 1095 1417 significat
1140 1370 1512 1417 progressuram
1558 1355 1611 1402 in
1650 1356 1813 1418 ingra-

119 1430 250 1489 tum3
289 1429 542 1476 nesciebat
581 1429 713 1476 enim
753 1428 874 1475 facti
915 1443 1086 1476 causas
1125 1428 1423 1476 Mercurium
1462 1429 1723 1490 peperisse.

121 1577 385 1635 tacitusque
422 1591 531 1624 mea
570 1576 792 1625 decedere
823 1578 989 1624 terra?
1050 1592 1150 1624 non
1182 1592 1211 1623 a
1242 1576 1448 1636 levibuS,
1480 1576 1565 1624 sed
1597 1575 1658 1623 ab
1689 1577 1812 1638 ipsis

25 1675 27 1677 ·
120 1650 350 1698 scelerati
403 1650 639 1699 facinoris
695 1651 860 1712 coepit
907 1651 1187 1734 augmentis
1234 1650 1451 1698 dilatans
1499 1665 1693 1697 omnem
1739 1649 1812 1696 in

25 1764 27 1766 .
52 1723 309 1773 mvidiam
355 1726 462 1772 arte
507 1724 737 1784 mirifica·
801 1740 919 1772 nam
964 1725 1178 1787 primum
1226 1724 1411 1772 crimen
1458 1724 1554 1770 fuit
1592 1724 1813 1785 potuisse

24 1814 28 1853 ζ
119 1800 235 1860 post
273 1800 351 1846 tot
389 1801 440 1846 et
477 1801 622 1846 tanta
661 1799 840 1846 merita
878 1798 1242 1847 benivolentiae
1282 1797 1493 1861 cogitari
1538 1796 1812 1859 perfidiam,

23 1909 27 1930 ‚
120 1871 295 1920 deinde
334 1873 427 1920 hoc
457 1874 623 1934 ipsum
653 1889 744 1935 pro
777 1873 878 1921 levi
909 1872 1101 1920 ducere.
1160 1888 1260 1920 non
1299 1872 1430 1919 enim
1470 1870 1814 1919 dissimulatur

23 1940 34 2007 fr
119 1947 219 1994 nisi
271 1947 407 2008 quod
461 1949 626 2009 potest
679 1947 831 1995 etiam
886 1946 1075 2008 sperni:
1137 1947 1254 1994 sunt
1300 1960 1417 2008 ergo
1464 1946 1669 1992 interim
1715 1943 1811 1992 duo

24 2023 28 2084 ζ
119 2021 350 2082 crimina,
411 2022 628 2069 inveniri
681 2021 839 2070 scelus
895 2022 946 2068 et
999 2019 1302 2068 dissimulari
1355 2019 1589 2080 potuisse.
1673 2017 1812 2065 addit

23 2108 95 2146 225
121 2093 258 2142 aliud
303 2096 585 2156 tacitusque
630 2111 742 2142 mea
788 2094 1018 2143 decedere
1065 2096 1219 2153 terra,
1260 2108 1348 2140 nec
1388 2092 1585 2152 saltem,
1632 2093 1811 2153 inquit,

22 2170 31 2219 ἶ.
120 2167 191 2216 sic
229 2168 493 2229 discedere,
531 2172 588 2218 ut
627 2169 845 2233 gratiam
884 2169 965 2218 vel
1003 2167 1165 2215 verbis
1204 2167 1411 2215 referres
1451 2165 1643 2213 meritis
1674 2166 1810 2213 meis.

21 2251 34 2310 ⁵3
119 2257 237 2290 nam
267 2242 390 2304 quid
421 2245 530 2292 erat
560 2243 697 2292 abire
722 2242 941 2302 'tacitum
971 2243 1070 2290 nisi
1104 2240 1453 2289 beneficiorum
1490 2241 1811 2287 inmemorem

20 2321 37 2393 ξ,
119 2314 376 2364 confiteri?
459 2318 518 2365 ut
571 2317 702 2365 enim
757 2319 832 2365 est
885 2316 1065 2364 durum
1095 2316 1419 2377 'quemquam
1471 2329 1571 2360 non
1624 2313 1813 2361 moveri

21 2395 36 2427 ‘s
119 2390 435 2439 miseratione
481 2390 843 2451 laborantium,
889 2391 965 2438 ita
1009 2389 1307 2438 sceleratum
1345 2391 1422 2436 est
1459 2388 1813 2450 praestitorum

50 2478 99 2514 ao
119 2465 444 2513 inmemorem
503 2464 623 2513 fieri.
711 2466 902 2514 semina
962 2464 1121 2527 igitur
1183 2461 1427 2524 quaedam
1486 2461 1813 2522 plurimorum

120 2537 383 2586 criminum
434 2540 567 2587 inter
619 2540 768 2587 initia
821 2538 974 2600 spatii
1026 2540 1076 2584 et
1129 2535 1418 2585 summatim
1471 2536 1706 2597 congesta
1757 2534 1810 2580 in

119 2627 274 2660 unum
311 2615 604 2678 congregat,
650 2613 880 2675 sequenti
925 2614 1093 2659 tamen
1139 2611 1192 2658 in
1237 2611 1381 2671 parte
1424 2607 1621 2672 singula
1659 2607 1809 2655 latius

118 2676 306 2734 tractat
343 2686 522 2736 docens
563 2685 685 2749 quid
723 2687 790 2734 sit
827 2684 1024 2734 sceleris
1062 2699 1163 2732 non
1201 2682 1495 2746 respondere
1525 2679 1807 2729 benefactis.

238 2876 265 2915 2
295 2872 420 2918 sacri
448 2871 549 2917 LR.
701 2876 728 2915 3
759 2875 928 2915 motum
958 2882 1047 2926 quo
1076 2868 1194 2923 ferri
1220 2869 1332 2913 solet
1360 2866 1444 2910 LR
1483 2865 1666 2910 modum
1695 2877 1811 2920 qua·

118 2929 178 2975 Ζῶ
205 2929 280 2976 ed.
434 2935 491 2975 14
521 2931 644 2976 ultro
674 2930 739 2975 ad
767 2929 856 2973 LR
893 2929 1015 2973 ultro
1050 2927 1105 2972 ob
1142 2926 1253 2972 edF.
1405 2929 1462 2970 24
1492 2923 1694 2968 inveniri
1723 2920 1811 2966 LR

118 3001 209 3034 esse
238 2990 472 3035 inventum
503 2989 575 3034 ed.
699 2993 755 3033 27
787 2989 882 3033 nisi
911 2986 997 3031 LR.
1026 2987 1123 3031 nisi
1149 2991 1225 3031 se?

231 1502 565 1550 Dissimulare
603 1505 749 1551 etiam
786 1505 1008 1562 sperasti,
1031 1516 1127 1561 per
1126 1503 1239 1561 fide,
1271 1506 1459 1549 tantum
1482 1516 1627 1561 posse
1656 1503 1798 1562 nefas
1816 1507 1901 1546 305
