2014 3226
754 152 1100 196 PRAEFATIO
1585 151 1775 198 XXXIII

81 311 174 357 que
215 296 399 342 omissa
441 294 742 356 impediunt,
782 294 930 354 idque
971 294 1123 341 etiam
1162 294 1214 339 in
1255 292 1485 340 editionis
1526 293 1776 354 exemplar

82 369 235 428 cadit,
285 369 402 429 quia
450 385 510 415 ne
559 370 726 416 omnia
776 384 900 429 quae
950 367 1000 413 in
1049 383 1106 414 ea
1146 367 1326 414 omissa
1366 366 1774 427 deprehendimus

81 442 323 491 editorum
380 442 726 505 neglegentiae
781 443 1081 503 imputemus
1136 442 1310 502 ingens
1372 442 1478 501 ipse
1542 455 1773 488 numerus

79 515 320 578 prohibet.
389 532 477 564 nec
517 515 720 563 difficile
755 518 828 563 est
861 516 918 562 de
953 515 1117 561 codice
1151 515 1399 561 communi
1431 530 1560 561 nunc
1594 516 1773 562 amisso

80 592 319 653 cogitare,
378 592 612 650 quoniam
670 606 726 637 ex
774 591 882 651 ipso
930 589 1243 636 Harlemensi
1290 588 1353 634 ad
1402 589 1456 647 4,
1491 589 1595 635 385
1647 604 1773 635 com-

79 665 243 726 plures
291 664 479 711 Donati
532 664 686 712 libros
741 667 849 710 tum
895 663 1179 710 Florentiae
1231 662 1380 711 fuisse
1429 663 1772 724 comperimus.

80 738 150 786 ait
191 737 320 785 enim
365 737 473 798 „hic
514 738 678 785 deficit
718 738 959 800 expositio
997 735 1162 784 CCXL
1196 737 1484 795 carminum,
1517 752 1642 797 quae
1675 752 1774 784 non

79 813 321 873 reperitur
360 811 411 858 in
454 812 622 872 aliquo
662 814 801 859 textu
840 812 991 859 huius
1033 812 1274 858 civitatis:
1332 811 1549 872 spatium
1596 810 1770 857 demit-

78 889 252 944 temus,
279 887 320 933 si
351 887 403 932 in
437 887 606 947 aliquo
639 886 748 933 loco
781 884 1111 947 reperiretur“
1141 878 1223 949 (cf.
1242 901 1285 932 v.
1305 884 1349 931 d.
1368 884 1571 932 Hoeven
1597 902 1643 946 p.
1664 877 1772 949 54).

79 959 268 1007 accedit
308 959 437 1020 quod
472 959 773 1007 Vaticanum
812 959 995 1007 librum
1035 959 1331 1021 Florentiae,
1364 957 1448 1005 ubi
1479 958 1527 1004 H
1560 960 1773 1020 scriptus

79 1037 171 1093 est,
220 1050 456 1094 umquam
504 1033 657 1081 fuisse
705 1051 849 1082 nemo
894 1036 1067 1082 auctor
1106 1035 1191 1080 est.
1272 1030 1564 1080 Oxoniensis
1606 1035 1773 1080 autem

78 1109 268 1169 partem
316 1107 580 1155 secundam
627 1124 725 1155 non
774 1124 830 1156 ex
876 1109 987 1170 ipso
1027 1107 1270 1155 Vaticano
1318 1106 1617 1168 descriptam
1669 1122 1772 1154 esse

78 1181 208 1228 infra
256 1181 452 1230 docebo.
532 1185 772 1243 ceterum,
818 1184 1072 1243 utcunque
1118 1197 1195 1230 res
1245 1197 1293 1228 se
1332 1180 1496 1242 habet,
1538 1182 1773 1242 quoniam

76 1255 127 1302 in
166 1255 461 1303 recensendo
502 1255 692 1304 Donati
730 1258 872 1304 textu
911 1271 1158 1317 nusquam
1206 1259 1407 1317 excepto
1455 1255 1632 1302 ultimo
1672 1255 1772 1301 Va-

77 1331 231 1377 ticani
269 1330 391 1378 folio
432 1329 496 1378 ad
534 1330 623 1378 hos
665 1330 854 1379 codices
895 1329 1280 1393 confugiendum
1320 1333 1415 1390 est,
1456 1329 1582 1376 nihil
1621 1330 1772 1376 inter-

76 1406 150 1451 est
202 1403 301 1451 nisi
354 1403 418 1451 ad
473 1406 683 1452 stemma
737 1404 1160 1465 constituendum,
1217 1403 1347 1466 quod
1398 1404 1522 1450 mihi
1573 1403 1773 1465 quidem

76 1476 359 1526 huiusmodi
397 1493 500 1526 esse
539 1479 760 1526 videtur:

766 1568 1082 1630 Archetypus

794 1634 1049 1778 ...sa

800 1811 939 1830 *—oe-·‘

854 1894 899 2005 ἶ

211 2008 1635 2092 ΜΜμωὴθΐγρυέἢ

34 2199 36 2202 y
183 2144 290 2191 Iam
331 2145 628 2208 singillatim
666 2145 726 2193 de
765 2146 827 2194 iis
866 2146 1091 2194 referam.
1131 2145 1545 2194 Harlemensis
1591 2144 1769 2192 biblio-

6 2279 10 2283 *
79 2217 249 2266 thecae
287 2218 515 2280 publicae
558 2221 643 2280 22,
682 2219 1103 2281 membranaceus,
1142 2220 1331 2268 formae
1370 2218 1587 2283 grandis,
1626 2219 1769 2266 folio-

76 2307 180 2338 rum
226 2293 354 2355 380,
400 2292 580 2355 incipit
627 2310 656 2341 a
702 2294 865 2343 verbis
912 2295 1156 2356 prooemii
1203 2294 1314 2356 „cui
1351 2293 1497 2341 licuit
1535 2292 1770 2341 universa

77 2364 388 2427 percurrere“
430 2367 622 2415 amissis
663 2383 774 2415 cum
812 2368 961 2416 titulo
1002 2384 1130 2430 quae
1167 2367 1551 2429 praecedebant,
1598 2367 1768 2414 termi-

0 2439 27 2471 5·
78 2441 225 2487 natur
267 2443 349 2502 12,
384 2442 488 2488 952
538 2441 689 2490 verbo
730 2440 1075 2504 „debebatur“,
1119 2444 1234 2504 post
1273 2441 1405 2503 quod
1444 2443 1625 2489 omisso
1665 2440 1768 2489 Do-

78 2514 186 2560 nati
224 2513 285 2561 ad
323 2514 484 2562 filium
524 2515 721 2579 epilogo
752 2516 1050 2578 subscriptio
1083 2516 1320 2578 sequitur,
1354 2531 1452 2577 qua
1483 2515 1542 2562 de
1574 2514 1769 2562 librarii

77 2601 285 2647 persona
331 2591 482 2650 atque
529 2591 692 2638 aetate
740 2589 984 2638 docemur.
1063 2593 1138 2638 est
1177 2592 1343 2638 autem
1381 2589 1525 2636 haec:
1565 2587 1769 2652 „Vergi-

77 2658 323 2709 lianarum
373 2662 841 2724 interpretationum
889 2664 1103 2712 Eneidos
1152 2663 1280 2711 liber
1324 2662 1641 2711 duodecimus
1690 2678 1767 2710 ex-

77 2732 232 2794 plicit.
310 2735 399 2783 deo
447 2738 636 2801 gratias
684 2753 840 2786 amen.
919 2739 1132 2799 scriptus
1179 2740 1346 2785 autem
1401 2737 1502 2784 fuit
1554 2752 1644 2799 per
1688 2753 1767 2783 me

0 2851 6 2866 ἵ
79 2806 393 2857 Franciscum
426 2809 492 2857 Si.
516 2811 714 2866 Nicolai
745 2811 884 2859 Berti
915 2811 1124 2859 Martini
1162 2811 1220 2858 de
1260 2812 1431 2859 sancto
1472 2808 1766 2858 Geminiano

81 2882 231 2929 civem
279 2883 529 2931 notarium
574 2884 916 2934 Florentinum
964 2885 1024 2933 de
1072 2900 1200 2932 anno
1246 2883 1450 2932 Domini
1502 2884 1767 2932 millesimo

82 2954 564 3021 quadringentesimo
611 2961 914 3021 sexagesimo
969 2961 1105 3008 sexto
1160 2957 1220 3007 de
1273 2973 1439 3006 mense
1495 2957 1766 3023 decembris

166 3042 262 3078 Don.
286 3046 443 3086 interpr.
459 3047 573 3089 Verg.
609 3049 683 3080 vol.
699 3049 732 3082 1.
1386 3053 1411 3083 0
