2014 3226
198 171 311 222 516
670 169 899 213 DONATI
931 169 1212 212 INTERPR.
1246 170 1423 213 VERG.

197 311 346 371 modi,
389 312 474 372 qui
514 311 653 357 nulla
694 326 749 356 ex
790 325 937 357 causa
976 310 1266 357 inimicitias
1307 311 1583 371 suscipiunt
1623 314 1671 357 et
1719 312 1803 371 qui
1841 312 1893 357 in

196 401 255 432 eo
295 386 404 447 ipso
446 401 543 431 non
584 384 801 431 retinent
832 383 1047 443 modum,
1087 385 1292 430 tertium
1326 400 1536 444 quorum
1567 386 1773 445 pectora
1805 400 1893 432 nec

196 474 469 520 poenarum
509 473 714 504 numero
757 459 1044 504 saturantur
1083 473 1172 504 nec
1214 457 1382 518 aliqua
1425 458 1736 520 humanitate
1785 459 1895 504 tan-

196 534 401 596 guntur.
494 547 643 592 quam
689 546 778 577 nec
825 532 977 594 longa
1029 531 1132 578 dies
1183 533 1343 592 pietas
1398 547 1487 578 nec
1539 531 1739 595 mitigat
1790 532 1894 579 ulla

197 622 287 654 nec
326 606 458 654 Iovis
498 606 707 666 imperio
747 606 928 652 fatisve
966 605 1180 652 infracta
1220 604 1449 666 quiescit:
1491 605 1626 652 dedit
1660 605 1894 666 querellis
1941 621 1991 667 5.

200 682 300 727 suis
335 681 655 742 augmentum
689 682 739 726 et
771 695 879 726 eam
913 679 970 725 de
1005 695 1101 740 qua
1134 679 1434 740 querebatur
1466 680 1780 726 vehementer
1816 695 1894 726 ex-

199 755 355 815 ponit.
419 755 564 813 irata,
596 753 775 814 inquit,
810 768 918 799 cum
954 768 1105 800 causa
1136 768 1235 799 non
1268 755 1408 814 esset⁷
1434 754 1566 800 irata
1598 753 1701 800 sine
1733 753 1895 813 modo,

198 829 330 875 irata
378 829 480 874 sine
527 826 622 874 fine
670 826 955 874 iracundiae
1001 842 1100 874 non
1138 826 1476 874 misericordia
1514 827 1752 886 flectitur,
1796 842 1895 874 non

197 901 331 949 Iovis
382 901 633 964 frangitur
679 902 839 961 iussu,
886 917 985 948 non
1024 900 1242 947 fatorum
1283 902 1578 947 auctoritate
1618 902 1893 948 revocatur.

196 991 287 1022 -cur
325 975 574 1023 faventior
614 974 776 1022 adhuc
817 976 1159 1036 expectaretur
1196 974 1335 1035 talis‚
1385 991 1510 1036 quae
1549 976 1687 1023 nefas
1729 976 1893 1022 existi·
1920 993 1938 1024 1

197 1051 305 1096 mat
353 1048 483 1096 effici
528 1048 659 1109 quod
697 1049 925 1111 Iuppiter
970 1049 1226 1110 praecepit
1273 1051 1322 1095 et
1368 1049 1475 1095 fata
1516 1047 1897 1109 praescribunt‘.>

198 1124 291 1171 aut
330 1139 474 1185 quem
515 1122 703 1184 iniquis
755 1123 881 1170 odiis
931 1123 1110 1169 datura
1160 1124 1234 1169 est
1280 1124 1547 1169 terminum
1588 1139 1736 1184 quae,
1785 1137 1896 1169 cum

198 1199 267 1244 sit
311 1199 456 1245 vetus
507 1197 733 1256 inimica,
789 1213 968 1244 novam
1022 1212 1071 1244 se
1124 1212 1226 1244 esse
1278 1196 1530 1244 existimat
1579 1199 1628 1244 et
1676 1196 1896 1244 recentia

198 1274 448 1319 tormenta
481 1269 752 1333 conponit?
799 1270 978 1332 incipit
1009 1271 1111 1318 iam
1144 1270 1303 1317 dicere
1337 1272 1386 1317 et
1419 1271 1654 1332 exemplis
1685 1271 1894 1332 probare
1959 1331 1962 1335 ι
1999 1311 2002 1317 ,

112 1348 198 1389 785
216 1346 494 1393 manifestis
544 1361 669 1406 quae
709 1345 969 1406 proposuit
1007 1361 1124 1391 vera
1172 1359 1297 1391 esse:
1349 1358 1449 1392 uon
1486 1345 1671 1400 media,
1716 1346 1895 1406 inquit,
1921 1361 1939 1393 1
1996 1355 1998 1357 ’

201 1420 258 1468 de
293 1423 430 1480 yeute
468 1420 716 1480 Phryqum
763 1419 973 1466 exedisse
1019 1418 1249 1478 nefandis
1294 1419 1462 1466 urbem
1503 1419 1628 1466 odiis
1667 1420 1788 1466 satis
1830 1422 1898 1466 est
2000 1476 2002 1484 ὓ

199 1508 286 1541 uec
338 1507 544 1553 poenam
595 1497 732 1540 traxe
761 1507 855 1552 per
887 1506 1087 1539 omnem.
1176 1508 1277 1539 non
1327 1494 1372 1539 ei
1423 1492 1609 1540 sufficit
1658 1493 1891 1540 interitus
1959 1517 1970 1557 3

201 1567 378 1614 Troiae
418 1583 508 1615 nec
546 1568 714 1614 tantos
754 1567 860 1613 illic
891 1567 1090 1628 perisse,
1131 1581 1242 1613 cum
1275 1567 1486 1627 caderet,
1525 1567 1720 1613 nullum
1751 1582 1892 1628 prae-
1961 1564 1990 1629 ξ

200 1643 339 1689 teriit
377 1642 581 1689 miseros
623 1641 856 1702 supplicii
895 1657 1070 1704 genus,
1117 1642 1280 1703 ipsam
1326 1642 1543 1702 patriam
1590 1642 1736 1687 ruina
1783 1655 1894 1688 con-

202 1715 413 1777 sumpsit
468 1717 518 1762 et
571 1715 771 1762 flamma
830 1717 879 1762 et
932 1716 1045 1775 post
1097 1716 1352 1761 tantorum
1405 1715 1642 1762 scelerum
1706 1714 1896 1762 cladem
1921 1718 1978 1771 26

202 1804 292 1837 nec
337 1790 488 1837 habet
543 1791 632 1836 aut
677 1790 860 1836 retinet
913 1789 1115 1836 modum
1169 1789 1276 1836 leve
1332 1788 1568 1850 quiddam
1623 1804 1673 1836 se
1730 1789 1895 1836 existi·
1973 1790 1982 1797 ’

203 1879 343 1911 mans
405 1863 691 1925 perfecisse,
754 1864 873 1924 quia
936 1865 1200 1924 supersunt
1255 1862 1581 1910 Troianorum
1637 1863 1795 1924 aliqui
1849 1865 1897 1910 et
1970 1854 1982 1895 ⁷³

202 1939 380 1985 vivunt
439 1936 597 1998 aliqui
659 1939 772 1999 post
833 1937 1078 1984 excidium
1132 1937 1322 1984 Troiae.
1414 1937 1649 1999 reliquias
1706 1937 1895 1991 Zroiaa
1966 1958 1968 1963 ’

203 2013 386 2059 eineres
418 2015 560 2071 atque
597 2025 709 2058 ossa
738 2014 1020 2071 peremptae
1053 2012 1349 2070 insequitur:
1385 2007 1628 2072 reliquiae
1667 2011 1898 2058 dicuntur
1965 2002 1968 2006 “

203 2076 383 2133 funera
420 2087 745 2146 mortuorum,
785 2085 971 2132 cineres
1013 2086 1098 2146 qui
1137 2087 1251 2147 post
1290 2086 1463 2132 exusta
1502 2100 1709 2147 corpora
1740 2100 1895 2132 rema·
1963 2147 1985 2150 NJ

204 2161 326 2206 nent
377 2160 526 2221 atque
575 2175 686 2207 ossa
733 2174 859 2221 quae
908 2158 1078 2222 colligi
1131 2160 1490 2206 consueverunt
1544 2161 1593 2206 et
1640 2159 1896 2220 sepulchro
1974 2150 1985 2216 ζ

205 2231 446 2280 mandari.
523 2235 722 2280 tantum
762 2248 878 2296 ergo
921 2232 1133 2280 crudelis
1164 2232 1289 2280 Iuno
1321 2234 1618 2294 tantumque
1650 2233 1802 2295 inpia,
1840 2234 1898 2280 ut
1959 2221 1985 2287 {³2}

205 2306 296 2354 illa
344 2322 538 2368 quoque
583 2307 922 2368 persequenda
969 2308 1216 2354 existimet
1267 2322 1393 2368 quae
1444 2309 1560 2354 sunt
1610 2306 1776 2354 debita
1824 2321 1978 2353 se-

206 2379 426 2443 pulchris
478 2383 527 2427 et
579 2381 738 2428 terris.
815 2382 1100 2442 peremptae
1152 2396 1262 2429 ossa
1311 2380 1660 2428 miserabiliter
1708 2380 1895 2443 posuit3
1959 2440 1963 2442 Y

210 2454 371 2502 solent
410 2455 538 2502 enim
579 2454 743 2503 hostes
783 2456 898 2518 post
937 2455 1145 2502 effusum
1184 2454 1471 2518 sanguinem
1519 2454 1682 2502 nullas
1722 2454 1897 2502 dehinc
1919 2447 1967 2505 36
1985 2466 2001 2498 u*

327 2629 355 2667 4
393 2638 450 2668 ‘ne
481 2625 617 2682 louya
656 2625 710 2668 ut
740 2638 880 2681 supra
911 2625 1010 2668 LR.
1061 2626 1068 2682 Ι
1125 2625 1307 2682 mitiyat
1335 2623 1370 2666 L
1405 2629 1529 2682 -yeut
1559 2624 1600 2667 R
1630 2639 1654 2667 r
1678 2646 1733 2660 =
1758 2624 1806 2667 L.

209 2687 235 2726 5
266 2683 430 2738 fatisve
461 2683 559 2726 LR.
692 2688 718 2727 6
750 2685 937 2739 exponit
967 2684 1055 2727 LR
1086 2684 1157 2728 ed.
1190 2698 1215 2727 r
1246 2696 1470 2739 superscr.
1502 2698 1538 2736 r,
1571 2683 1756 2727 videtur
1787 2696 1895 2740 ergo

210 2743 432 2799 expromit
460 2741 593 2786 velle.
763 2746 818 2786 10
849 2743 1054 2797 faventer
1084 2743 1171 2786 LR
1203 2743 1274 2786 ed.
1310 2744 1420 2787 -tior
1448 2756 1545 2786 nos.
1605 2745 1612 2800 Ι
1669 2743 1897 2787 existimat

210 2801 246 2844 L
278 2806 421 2846 —meut
449 2801 492 2844 R
521 2817 544 2845 r
568 2823 623 2838 =
648 2801 683 2844 L
717 2807 823 2846 -met
854 2802 925 2845 ed.
1050 2806 1101 2846 11
1134 2802 1365 2860 praecepit
1393 2801 1480 2844 LR
1512 2802 1645 2858 -eipit
1673 2801 1743 2860 1·.Ι
1769 2802 1896 2869 faeta
1998 2851 1999 2855 η

209 2860 252 2903 R
281 2861 386 2916 fata
417 2875 440 2903 1·
464 2882 520 2897 =
543 2859 592 2903 L.
725 2864 779 2904 13
811 2874 900 2905 esse
931 2860 1019 2904 LR
1048 2875 1092 2906 se
1122 2874 1212 2905 esse
1241 2875 1266 2904 r
1296 2860 1366 2904 ed.
1401 2874 1461 2904 an
1491 2866 1609 2905 sese?
1739 2865 1793 2903 15
1825 2861 1895 2903 in·
1943 2863 1998 2906 'tt

210 2920 310 2976 quit
338 2933 426 2963 om.
453 2919 524 2963 ed.
650 2923 702 2963 17
735 2933 816 2963 uec
845 2919 1084 2977 om.ed.1
1133 2925 1312 2965 traxere
1342 2919 1429 2962 LR
1459 2933 1506 2964 re
1538 2918 1627 2962 del.
1652 2934 1676 2963 1.·
1705 2920 1896 2965 traxisse

210 2978 282 3022 ed.
311 2979 318 3035 Ι
345 2979 410 3024 eis
439 2978 482 3022 R
513 2979 555 3023 ei
582 2992 618 3022 r.
742 2983 798 3022 27
830 2983 1095 3036 tantumque
1124 2978 1211 3022 LR
1241 2992 1326 3036 que
1355 2992 1444 3022 om
1471 2978 1580 3023 edF.
