2014 3226
801 189 1104 234 AENEmos
1135 191 1198 234 Ἦ
1730 197 1831 247 601

156 329 476 387 conveniunt,
531 330 607 388 ut,
660 327 777 374 dum
824 343 874 376 se
919 329 1102 376 undam
1150 330 1422 393 simplicem
1469 332 1663 379 haurire
1712 335 1834 382 arbi—

155 405 366 462 trantur,
399 401 698 448 oblivionem
738 402 1004 463 superioris
1043 404 1277 466 temporis
1316 404 1510 464 bibant3
1550 406 1674 453 nulli
1710 409 1836 454 enim

156 474 423 523 iucundum
474 476 548 523 est
595 475 658 522 ad
704 475 862 522 lucem
910 477 1088 523 iterum
1136 478 1303 524 venire
1350 481 1460 539 post
1515 483 1743 539 mortem,
1797 484 1836 528 si

155 549 399 598 malorum
446 563 572 610 quae
619 549 671 595 in
718 550 824 596 vita
868 553 1178 611 persenserat
1222 551 1556 599 recordatione
1597 556 1835 602 teneatur.

111 641 131 670 5
155 623 236 670 hic
275 638 391 686 ergo
430 622 610 669 fluvius
650 623 773 669 facit
810 626 867 670 ut
905 625 1086 671 omissa
1117 624 1387 685 primorum
1419 626 1836 675 incommodorum

155 698 393 744 memoria
446 711 545 743 non
599 696 799 744 vivendi
854 699 1003 758 atque
1059 697 1120 745 ad
1171 714 1370 760 superos
1425 700 1659 747 redeundi
1712 701 1838 757 odio,

156 770 242 819 sed
295 785 461 818 amore
515 769 774 818 ducantur.
849 771 940 817 has
986 771 1200 830 equidem
1244 787 1510 820 mernor-are
1563 774 1647 821 tibi
1699 778 1838 834 atquc

156 844 400 893 ostendere
437 857 622 898 eoram,
669 844 958 903 iampridem
996 845 1121 892 hanc
1153 846 1340 908 prolem
1378 849 1516 906 cupio
1561 862 1839 896 enumerare

155 933 397 976 meorum‚·
450 918 611 966 maior
657 918 787 965 enim
834 918 1086 966 oculorum
1135 934 1282 980 quam
1330 921 1525 967 aurium
1577 920 1696 968 fides
1750 926 1838 978 est,

91 1010 134 1042 10
156 993 314 1040 multo
353 991 542 1052 melior,
583 991 626 1039 si
666 991 840 1039 audita
879 991 1154 1039 videantur.
1231 1007 1322 1052 quo
1360 996 1517 1054 maqis
1554 995 1708 1042 Italia
1746 1011 1838 1042 me·

158 1081 266 1115 eum
303 1067 476 1114 laetere
513 1068 727 1126 reperta:
782 1081 906 1126 quae
948 1069 1111 1112 autem
1150 1067 1274 1114 istae
1315 1069 1414 1114 sint
1453 1069 1645 1115 animae
1692 1084 1835 1130 quos·

158 1156 251 1202 que
298 1141 519 1188 facturae
566 1138 712 1187 debes
758 1155 922 1199 nosse3
976 1142 1095 1187 tunc
1132 1141 1261 1186 enim
1300 1140 1626 1203 gratulaberis
1664 1141 1838 1189 melius

155 1213 354 1262 Italiam
401 1216 450 1261 te
496 1215 772 1275 repperisse
818 1229 968 1276 quam
1015 1214 1232 1275 quaeris,
1285 1213 1421 1262 euius
1468 1214 1636 1277 gaudii
1688 1216 1836 1262 etiam

154 1287 261 1350 ipse
299 1288 549 1351 particeps
590 1303 687 1335 ero.
751 1301 778 1335 o
809 1290 969 1347 pater,
1010 1302 1136 1335 anne
1174 1287 1368 1346 aliqvas
1405 1288 1471 1335 ad
1509 1289 1691 1335 eaelum
1728 1289 1838 1337 hinc

90 1378 131 1412 ιδ
155 1364 228 1411 ire
270 1361 553 1422 putamdum
607 1365 676 1409 est
727 1361 948 1409 sublimis
1001 1362 1194 1409 animas
1248 1363 1509 1421 iterumque
1562 1362 1627 1409 ad
1680 1362 1821 1410 tarda
1842 1364 1929 1404 ⁷20

157 1438 329 1484 reverti
366 1436 605 1496 corpora?
644 1450 768 1495 quae
807 1436 927 1483 lueis
965 1436 1154 1483 miseris
1186 1438 1284 1482 tam
1316 1435 1427 1483 dira
1458 1435 1662 1495 cupido?
1722 1451 1836 1484 oon-

155 1511 356 1558 veniens
404 1511 528 1557 faeti
572 1509 719 1558 istius
759 1509 1019 1557 dubitatio.
1098 1509 1183 1570 qui
1220 1509 1478 1556 innumera
1516 1509 1670 1568 mala,
1715 1508 1838 1556 dura

156 1583 426 1648 graviaque
464 1598 724 1646 perpessus
765 1585 841 1631 est
879 1586 927 1630 et
957 1585 1010 1630 in
1039 1581 1115 1631 his
1147 1583 1311 1629 fuerat
1341 1584 1391 1629 et
1421 1581 1649 1644 sperabat
1681 1581 1838 1630 adhuc

155 1673 312 1720 usque
351 1659 537 1720 peiora,
577 1657 835 1717 eredimus,
872 1658 1052 1719 inquit,
1091 1656 1216 1703 velle
1257 1671 1551 1717 quemquam
1591 1671 1687 1703 non
1734 1658 1837 1703 tam

89 1749 132 1782 πο
156 1731 220 1780 ad
250 1731 425 1795 lucem,
454 1731 540 1780 sed
571 1731 634 1778 ad
664 1731 799 1780 vitae
830 1730 998 1779 taedia
1020 1727 1275 1778 revocari?
1307 1745 1432 1791 quae
1455 1732 1597 1777 tanta
1620 1729 1839 1777 nascitur

157 1805 403 1868 cupiditas
450 1805 666 1867 miseris,
711 1807 769 1853 ut
814 1805 970 1852 velint
1009 1819 1111 1851 esse
1150 1805 1331 1850 iterum
1371 1802 1501 1864 quod
1539 1802 1687 1851 semel
1726 1818 1838 1850 eva-

156 1881 276 1928 sisse
329 1879 604 1928 debuerant
657 1876 937 1942 gratulari‘?
1022 1877 1224 1925 miseros
1266 1913 1836 1923 ....................

155 1953 384 2002 ostendat
414 1969 512 2002 non
546 1954 707 2002 solum
739 1953 852 2000 illos
886 1967 989 2000 esse
1015 1988 1053 1998 ..
1076 1990 1114 2000 ..
1140 1952 1338 1998 fortuna
1369 1951 1422 1997 in
1454 1948 1675 2011 qualibet
1698 1952 1837 2011 parte

157 2064 585 2076 ...............
612 2029 763 2076 etiam
801 2026 916 2074 illos
955 2026 1058 2087 qui,
1097 2041 1207 2073 eum
1246 2038 1344 2071 non
1381 2023 1678 2086 intellegant
1721 2022 1838 2084 quid

89 2117 132 2152 2⁶
156 2103 257 2150 suis
303 2101 575 2150 commodis
622 2102 803 2164 prosit,
850 2099 1112 2148 deterrima
1157 2099 1336 2159 petunt
1374 2100 1422 2145 et
1460 2095 1693 2160 fugienda
1731 2111 1837 2159 per-

157 2176 374 2238 quirunt.

266 2250 446 2298 Dicam
492 2250 712 2310 equidem
756 2261 843 2296 nee
888 2251 930 2294 te
974 2259 1275 2306 suspensum,
1311 2247 1438 2298 nate,
1477 2243 1662 2292 tenebo:
1715 2257 1840 2304 quae

61 2339 66 2343 ’
157 2322 496 2372 desideranter
533 2324 673 2385 cupis
713 2321 883 2370 audire
922 2320 1099 2380 dicam,
1130 2322 1260 2380 nate,
1298 2333 1386 2365 nee
1424 2320 1474 2365 te
1513 2315 1602 2365 sub
1641 2314 1840 2364 incertis

11 1649 22 1716 Ξ

12 1723 33 1840 {r‘

12 1866 33 2067 Ξ

278 2469 300 2507 1
333 2464 580 2509 secundam
610 2463 652 2506 V
682 2476 728 2508 se
757 2461 931 2506 undam
962 2459 1033 2504 ed.
1170 2465 1196 2502 ε’)
1228 2471 1331 2515 erqo
1362 2471 1449 2501 om.
1476 2455 1547 2501 ed.
1686 2459 1739 2499 10
1771 2456 1837 2500 vi·

88 2538 97 2543 *
156 2522 321 2567 deatur
350 2522 406 2566 V.
559 2527 613 2567 11
646 2534 842 2579 quosque
872 2519 912 2562 V
944 2519 1140 2576 quidque
1170 2517 1241 2561 ed.
1387 2519 1442 2559 13
1480 2521 1521 2560 te
1557 2528 1644 2559 om.
1677 2513 1748 2557 ed.

160 2586 214 2626 15
244 2583 566 2639 trepotandum
594 2595 680 2639 pro
710 2582 776 2626 ire
798 2579 1062 2636 putandum
1085 2575 1139 2620 V.
1238 2580 1292 2619 16
1323 2574 1484 2620 reverti
1504 2573 1546 2617 V
1571 2573 1736 2618 remitti
1764 2571 1836 2616 ed.

248 2645 302 2685 17
334 2643 543 2698 duraque
573 2641 646 2686 ed.
777 2641 832 2682 18
862 2637 1110 2696 graviaque
1140 2649 1228 2680 om.
1255 2634 1327 2678 ed.
1458 2637 1511 2676 19
1542 2637 1633 2677 tam
1665 2629 1704 2673 V
1736 2635 1837 2675 tan·

157 2704 254 2744 tum
291 2699 364 2745 ed.
515 2705 570 2744 21
611 2699 769 2744 vellint
798 2710 854 2742 ex
883 2696 1044 2741 vellent
1074 2707 1188 2738 corr.
1213 2693 1268 2737 V.
1419 2696 1474 2735 22
1513 2692 1621 2759 poet
1656 2690 1839 2735 minume

55 2824 67 2835 -
121 2754 1416 2863 1f?m⁰³mmv³³v³33{z¹33“v⁰f⁸z0232“23525223&ssss
1476 2747 1839 2852 medem·
1741 2746 1837 2791 ¹⁰¹⁶

155 2877 336 2935 [autem
366 2877 504 2932 ducit,
533 2881 587 2921 ut
615 2873 847 2933 infelices]
884 2872 1090 2919 ostendat
1118 2883 1213 2916 non
1241 2870 1387 2915 solum
1415 2883 1434 2912 ι
1546 2879 1637 2912 ωσι
1672 2863 1838 2923 [quoe]

155 2936 347 2991 fortnma
383 2938 437 2981 in
473 2935 675 2994 qualibet
705 2938 841 2992 parte
877 2930 1023 2991 [male
1059 2929 1275 2975 tractavit
1309 2926 1415 2985 sed]
1451 2927 1587 2971 etiam
1617 2923 1719 2969 aloa
1748 2924 1835 2968 ete.

155 2995 322 3053 inepta
348 2994 498 3040 habet
527 2994 599 3038 ed.
723 2996 780 3036 24
809 3004 911 3037 cum
941 3003 1030 3035 om.
1058 2987 1131 3034 ed.
