2014 3226
155 165 236 207 XII
828 159 1167 203 PRAEFATIO

155 308 271 351 sunt
312 302 488 364 quibus
530 303 681 349 aliam
721 301 799 348 vel
840 300 1102 347 ordinandi
1141 299 1220 346 vel
1259 299 1616 360 pronuntiandi
1655 300 1734 346 vel
1775 299 1849 346 di-

156 377 441 439 stinguendi
494 378 738 422 rationem
792 375 1056 433 memorat3
1121 373 1360 420 accedunt
1413 373 1452 419 ii
1506 372 1684 434 quibus
1736 388 1845 419 eum

155 450 561 498 obtrectationem
601 447 943 511 Vergilianam
989 463 1087 494 non
1134 446 1280 493 modo
1325 446 1577 508 cognitam
1615 446 1851 494 habuisse

155 525 237 572 sed
276 524 517 585 reliquam
559 524 616 570 de
657 538 713 568 ea
752 521 1038 568 memoriam
1093 523 1289 567 centum
1337 521 1551 581 amplius
1599 523 1847 581 quaestio-

154 599 296 645 nibus
345 599 538 643 auxisse
585 596 753 643 libello
801 611 910 642 meo
959 594 1115 642 docui.
1195 609 1293 655 quo
1335 610 1450 657 ergo
1489 596 1596 641 iure
1637 610 1750 640 eum
1789 612 1845 642 ex

153 688 249 718 uno
292 672 643 718 commentario
657 662 698 735 ¹)
739 685 828 716 sua
865 670 1090 716 hausisse
1130 666 1443 714 affirmatur?
1520 669 1672 715 immo
1712 684 1846 729 vero,

155 747 351 793 etiamsi
390 744 514 791 illud
555 744 687 805 quod
731 746 776 803 7,
803 745 870 790 49
914 743 1036 790 dicit
1069 743 1450 803 „persuaserunt
1491 741 1585 788 sibi
1617 743 1847 790 nonnulli

154 835 209 866 ac
249 835 403 880 paene
445 815 655 877 omnes“,
702 819 755 864 in
803 832 900 878 quo
952 816 1184 864 diluendo
1238 815 1424 862 multus
1481 817 1555 864 est
1600 815 1851 878 Hoppius,

152 909 249 939 non
298 892 361 939 ad
408 894 576 939 vivum
624 891 944 938 resecandum
993 894 1078 938 aut
1123 889 1347 951 putidius
1397 888 1685 938 instandum
1741 905 1844 938 esse

152 967 296 1013 facile
346 966 555 1013 concedo
604 992 672 997 —-
721 981 837 1012 nam
886 967 1014 1011 certe
1061 980 1160 1011 non
1206 964 1507 1011 numeravit!
1557 991 1628 995 -—
1679 965 1732 1010 in
1787 979 1846 1012 eo

150 1046 315 1088 tamen
355 1055 634 1100 persevero,
683 1040 1151 1086 commentariorum
1188 1040 1411 1085 veterum
1451 1053 1563 1084 eum
1601 1037 1846 1099 peritissi-

151 1131 285 1161 mum
333 1115 499 1161 fuisse.
578 1114 873 1174 contempsit
920 1113 1293 1175 grammaticos,
1340 1114 1514 1173 utpote
1563 1113 1648 1172 qui
1688 1112 1846 1171 „nihil

152 1189 408 1235 conferant
462 1187 597 1249 quod
651 1185 845 1248 sapiat“
899 1202 1113 1248 prooem.
1162 1202 1209 1247 p.
1247 1188 1300 1245 1,
1356 1185 1442 1233 sed
1495 1186 1619 1248 legit
1675 1201 1844 1234 eorum

151 1261 608 1321 commentationes,
656 1261 697 1308 si
735 1276 834 1307 non
875 1275 1064 1319 omnes,
1106 1262 1160 1307 at
1197 1261 1407 1320 multas,
1446 1275 1545 1306 non
1586 1261 1848 1320 exscripsit

151 1352 303 1382 unum
345 1335 579 1396 aliquem,
620 1334 704 1381 sed
745 1350 801 1381 ex
840 1333 1066 1395 pluribus
1108 1349 1234 1394 quae
1269 1334 1417 1381 utilia
1447 1333 1661 1395 putabat
1691 1335 1843 1381 inter-

149 1411 420 1470 pretationi
468 1423 583 1456 suae
629 1410 852 1456 inseruit.
930 1423 1019 1455 nec
1057 1407 1219 1455 minus
1260 1408 1420 1455 multa
1459 1407 1647 1454 Donati
1693 1408 1846 1455 lectio

150 1499 206 1530 ex
245 1483 436 1546 ingenti
474 1498 677 1530 numero
717 1482 940 1530 locorum
979 1497 1004 1529 e
1035 1482 1261 1545 Vergilio
1300 1483 1487 1544 passim
1529 1496 1585 1528 ac
1623 1482 1840 1542 plerum-

151 1573 245 1618 que
301 1572 513 1620 congrue
569 1556 871 1604 adscitorum
927 1558 1075 1616 atque
1131 1572 1187 1603 ex
1249 1556 1467 1616 plurima
1521 1555 1845 1618 Vergilianae

150 1630 376 1678 dictionis
423 1632 703 1677 imitatione
751 1630 922 1677 elucet.
999 1645 1115 1676 nam
1166 1629 1299 1690 quod
1344 1631 1397 1675 in
1439 1629 1648 1691 epistola
1688 1630 1840 1690 epilo-

149 1707 260 1768 gica
299 1705 532 1765 „cursim,
578 1706 764 1765 inquit,
814 1705 990 1765 scripsi
1031 1704 1315 1764 relinquens
1355 1701 1616 1764 plurima“,
1655 1705 1846 1750 iniuria

147 1779 239 1825 hoc
286 1780 337 1824 in
386 1794 529 1826 suum
574 1793 719 1825 usum
757 1777 984 1839 Hoppius
1025 1778 1282 1825 convertit.
1359 1778 1751 1838 praetermisisse
1791 1793 1844 1825 se

149 1852 375 1899 Donatus
430 1851 572 1912 dicit,
634 1854 691 1898 ut
744 1852 1003 1912 sequentia
1065 1851 1265 1912 docent,
1325 1868 1490 1899 rerum
1549 1852 1843 1913 plerumque

148 1927 623 1986 interpretationem,
662 1928 721 1972 ut
759 1940 900 1972 suam
940 1925 1118 1972 saltem
1155 1925 1418 1972 verborum
1458 1925 1838 1986 explicationem

149 1999 448 2059 absolveret3
510 1999 568 2046 de
617 1998 794 2047 studiis
843 1999 966 2060 suis,
1009 2001 1067 2046 ut
1103 2000 1179 2046 ita
1218 1998 1402 2059 dicam,
1449 2001 1842 2060 praeparatoriis

149 2073 275 2119 nihil
314 2073 451 2133 dicit,
491 2088 606 2136 ergo
646 2088 706 2119 ne
746 2072 871 2119 illud
904 2072 1104 2134 quidem
1137 2072 1270 2135 quod
1299 2072 1529 2134 Hoppius
1563 2075 1841 2134 extorquet,

149 2161 198 2193 se
245 2148 297 2193 in
343 2146 421 2195 his
474 2161 650 2208 parum
705 2146 995 2210 diligentem
1047 2147 1200 2194 fuisse
1255 2148 1305 2194 et
1357 2147 1503 2194 unius
1557 2146 1840 2208 compendii

147 2219 360 2268 lectione
400 2221 698 2268 contentum.
761 2235 878 2267 nam
917 2219 1004 2281 qui
1040 2219 1202 2268 filium
1239 2222 1408 2268 monet
1437 2222 1509 2281 ut,
1541 2222 1638 2268 nisi
1669 2221 1840 2268 futura

147 2295 304 2355 patris
345 2309 496 2355 opera
532 2295 801 2341 instructus
841 2294 932 2341 hoc
970 2293 1138 2341 labore
1180 2294 1494 2355 supersedere
1531 2295 1704 2356 possit,
1751 2310 1836 2342 ve-

146 2370 307 2414 terum
362 2369 738 2415 commentarios
793 2368 929 2431 legat
983 2369 1034 2415 et
1086 2369 1363 2416 necessaria
1417 2370 1666 2432 vestigata
1722 2383 1834 2416 con-

148 2440 308 2488 discat
354 2434 554 2506 (epilog.
597 2440 655 2488 cf.
695 2456 911 2502 prooem.
951 2458 998 2503 p.
1035 2435 1113 2505 2),
1155 2443 1199 2490 is
1237 2442 1460 2504 profecto
1499 2443 1606 2504 ipse
1646 2457 1727 2490 eos
1766 2442 1835 2489 le·-

149 2515 275 2577 gisse
328 2514 576 2575 putandus
632 2517 728 2574 est,
782 2511 986 2575 quade
1031 2531 1085 2563 re
1130 2517 1232 2563 iam
1278 2532 1323 2563 v.
1357 2515 1402 2562 d.
1434 2515 1640 2563 Hoeven
1681 2532 1728 2578 p.
1765 2517 1832 2563 38

147 2590 278 2635 recte
315 2587 569 2636 iudicavit.
646 2587 872 2649 Hoppius
912 2591 1077 2637 autem
1116 2589 1402 2650 „ostendere
1442 2604 1585 2652 posse
1625 2590 1722 2637 sibi
1762 2589 1835 2637 vi-

148 2660 293 2708 detur
330 2660 582 2709 Donatum
627 2661 719 2709 hoc
764 2661 872 2711 loco
920 2662 979 2710 de
1027 2664 1393 2711 commentariis
1436 2662 1835 2727 magnificentius

269 2847 310 2900 1)
339 2845 464 2889 hune
486 2845 701 2902 Hoppius
732 2845 870 2889 modo
897 2845 1086 2899 „Servio
1117 2845 1376 2903 pleniorem
1405 2848 1453 2890 et
1477 2847 1829 2904 copiosiorem“,

146 2902 284 2947 modo
310 2904 694 2960 „compendium“
725 2903 868 2948 fuisse
901 2904 1037 2949 dicit:
1072 2918 1192 2961 quae
1225 2906 1457 2962 quomodo
1489 2906 1614 2950 inter
1643 2919 1694 2951 se
1725 2919 1830 2949 con-

145 2964 317 3020 gruunt
346 2975 439 3006 non
469 2962 708 3019 intellego.
