2014 3226
171 186 279 238 376
639 185 872 229 DONATI
902 185 1183 230 INTERPR.
1216 186 1394 230 VERG.

171 328 326 374 monii
380 326 575 373 nomine
631 326 971 387 turpissimam
1023 326 1220 387 culpam
1267 326 1477 373 eredidit
1523 327 1863 390 obtegendam.

170 401 319 448 verbo
367 400 488 447 iuris
535 415 652 446 usus
702 401 776 446 est
822 401 879 446 ut
919 400 1102 446 diceret
1141 400 1361 461 culpam3
1417 402 1486 448 sic
1526 402 1655 447 enim
1695 401 1863 449 defini-

171 477 277 520 tum
319 477 391 520 est
432 474 629 534 eulpam
671 488 774 520 esse
814 473 1050 533 mulieris,
1085 488 1196 520 cum
1234 474 1437 534 pudoris
1476 475 1529 520 in
1570 489 1718 522 causa
1753 491 1864 536 pec-

173 547 372 595 caverit.
446 562 543 607 qua
585 550 750 593 autem
790 561 874 608 spe
914 547 1185 594 ducebatur
1216 547 1348 594 Dido
1387 548 1695 596 matrimonii
1734 549 1866 610 quod

173 638 227 668 eo
278 636 452 683 genere
502 622 837 680 contraxerat,
893 637 1020 682 quae
1066 622 1231 682 ipsum
1279 621 1482 668 Aenean
1535 622 1587 668 in
1638 623 1864 671 convivio
1914 639 1933 671 5

169 696 467 741 referentem
507 694 999 755 audissetresponso
1043 693 1253 743 Creusae
1296 695 1617 744 vaticinantis
1665 699 1864 758 accepto

173 773 220 816 et
275 785 482 831 regnum
537 768 717 815 Italiae
772 768 874 815 iam
928 768 1023 815 sibi
1077 772 1309 830 paratum
1361 784 1464 817 esse
1511 772 1559 816 et
1607 770 1867 833 coniugem

172 844 385 905 regiam,
439 841 689 902 Apollinis
747 857 942 904 quoque
999 845 1048 889 et
1103 843 1306 891 deorum
1355 845 1636 905 penatium,
1688 844 1867 891 Heleni

172 916 323 963 etiam
362 933 515 962 unum
553 916 783 977 idemque
831 917 1053 964 extitisse
1099 917 1435 978 praedictum,
1483 934 1580 979 quo
1620 933 1718 964 non
1756 920 1866 965 tan-

169 993 282 1036 tum·
300 989 498 1036 Aeneae
529 1005 703 1037 verum
735 991 887 1037 etiam
918 990 1087 1038 liberis
1120 993 1170 1037 et
1200 992 1413 1052 posteris
1446 993 1549 1039 eius
1580 1007 1681 1052 per‘
1700 992 1866 1039 uxoris
1893 1008 1937 1040 10

169 1064 377 1111 Italicae
426 1063 726 1111 consortium
765 1063 944 1111 Italiae
994 1067 1144 1125 atque
1195 1065 1326 1113 orbis
1365 1066 1521 1113 totius
1563 1065 1730 1113 deberi
1768 1082 1866 1113 me-

170 1140 419 1185 moratum
460 1140 534 1185 est
572 1136 816 1200 regnum?

282 1212 536 1272 Extemplo
584 1212 774 1271 Libyae
819 1227 1027 1271 onaynas
1072 1214 1110 1259 u
1155 1213 1319 1260 Fama
1356 1227 1451 1272 per
1495 1214 1655 1261 urbis:
1708 1214 1868 1273 huius,

169 1286 355 1347 inquit,
401 1285 525 1333 facti
570 1286 709 1333 nulla
755 1285 1053 1347 interposita
1101 1287 1180 1334 vel
1229 1286 1413 1334 modici
1449 1289 1688 1349 temporis
1728 1303 1869 1335 mora

170 1376 259 1422 per
303 1359 440 1407 urbis
474 1359 687 1407 Africae
741 1375 948 1422 magnas
1001 1363 1050 1407 et
1096 1360 1338 1422 plurimas
1384 1361 1520 1408 fama
1566 1361 1867 1422 percrebuit:
1895 1378 1936 1410 15

86 1438 167 1477 191
186 1436 374 1481 venisse
404 1432 609 1481 Aenean
643 1434 857 1482 Troiano
898 1448 930 1481 a
967 1437 1207 1494 sanquine
1246 1438 1439 1490 eretum,
1473 1437 1551 1482 eui
1585 1449 1635 1482 se
1657 1435 1869 1495 pulchra

169 1510 275 1555 viro
323 1507 546 1567 diqnetur
591 1509 790 1567 iunyere
834 1508 990 1563 Dido,
1045 1523 1175 1556 nune
1220 1509 1421 1556 hiemem
1467 1509 1593 1556 inter
1638 1523 1688 1557 se
1735 1511 1869 1565 luxu,

171 1596 319 1641 quam
357 1581 523 1641 lonya,
563 1582 724 1640 fovere
761 1597 1021 1641 reynorurn
1058 1583 1345 1630 inmemores
1382 1585 1607 1642 turpique
1646 1584 1870 1644 cupidine

172 1659 348 1715 captos,
424 1657 541 1703 haee
585 1657 780 1715 passion
834 1656 925 1703 dea
978 1657 1124 1715 foeda
1172 1658 1332 1704 virum
1380 1657 1614 1715 diffundit
1657 1659 1712 1704 in
1753 1671 1870 1704 ora:

170 1729 293 1777 haee
331 1729 487 1777 Fama
532 1729 798 1777 referebat:
855 1729 1125 1777 Troianum
1171 1732 1335 1778 virum
1379 1746 1619 1778 consensu
1657 1731 1868 1778 Didonis
1893 1748 1938 1780 ‘20

173 1805 431 1864 exceptum
484 1804 761 1851 iudicatum
816 1803 1023 1867 dignum
1077 1805 1157 1851 cui
1211 1820 1262 1852 se
1315 1806 1490 1867 regina
1547 1805 1870 1868 coniungeret

171 1877 303 1937 viro,
348 1880 612 1939 utrumque
662 1878 903 1926 conviviis
944 1879 1044 1926 suis
1083 1893 1261 1926 vacare
1302 1894 1359 1926 ac
1397 1879 1623 1926 luxuriae
1661 1879 1753 1927 hoc
1793 1881 1870 1927 est

172 1951 394 1999 libidinis
432 1951 661 2013 partibus
701 1945 919 2017 (fervent
958 1953 1091 1999 enim
1128 1953 1358 2000 veneriae
1397 1953 1693 2015 voluptates,
1742 1953 1870 2000 sicut

175 2024 437 2072 Terentius
472 2018 604 2091 (eun.
620 2019 798 2091 4‚5,6)
833 2027 920 2086 ait,
943 2026 1031 2073 ubi
1061 2026 1419 2074 intervenerint
1446 2025 1589 2074 Ceres
1623 2029 1672 2074 et
1695 2020 1867 2092 Liber)

172 2115 331 2160 neque
363 2099 456 2146 hoc
485 2099 627 2147 brevi
657 2102 881 2161 tempore
913 2102 1001 2148 aut
1032 2100 1204 2148 diebus
1236 2099 1559 2162 interpositis,
1592 2100 1677 2148 sed
1707 2101 1866 2148 hieme
1893 2117 1936 2150 25
1979 2111 1984 2115 “

177 2189 325 2234 quam
363 2172 515 2235 longa
551 2174 644 2221 hoc
685 2176 761 2221 est
801 2176 1044 2234 quantum
1081 2174 1234 2236 longa
1274 2177 1348 2222 est
1388 2189 1444 2222 ac
1474 2190 1564 2236 per
1594 2175 1686 2223 hoc
1719 2174 1867 2238 omni,

297 2347 318 2385 1
352 2344 588 2400 teyendam
611 2343 682 2386 ed.
779 2347 832 2386 16
858 2343 1239 2401 interpretationi
1262 2357 1420 2388 versus
1447 2349 1531 2388 173
1554 2345 1670 2388 Don.
1695 2344 1870 2388 lemma

176 2405 410 2445 191-195
451 2401 670 2458 adiungit
710 2415 881 2458 eosque
919 2415 1076 2447 versus
1117 2403 1339 2447 continuo
1369 2403 1726 2460 interpretatur:
1775 2417 1869 2460 quo

175 2460 339 2505 ordine
378 2461 489 2504 dum
529 2474 691 2505 cavere
730 2461 831 2505 vult
859 2475 919 2506 ne
949 2464 1092 2519 poeta
1123 2462 1307 2518 „minus
1339 2463 1535 2506 attentis
1566 2463 1714 2506 faciat
1745 2476 1868 2507 erro-

173 2523 317 2574 rem“‚
357 2519 460 2576 ipse
498 2519 651 2563 minus
691 2522 900 2564 attentus
938 2521 1052 2574 fuit3
1099 2522 1417 2566 narrationem
1456 2522 1580 2566 enim
1610 2524 1744 2578 patet
1773 2536 1870 2566 non

174 2592 310 2622 versu
343 2583 425 2622 191
469 2579 754 2633 continuari,
796 2580 878 2624 sed
917 2581 1070 2624 verbis
1108 2582 1218 2625 haec
1255 2586 1352 2625 tum
1370 2582 1634 2625 —canebat
1666 2586 1750 2625 189
1783 2595 1868 2636 sq„

176 2649 298 2694 quae
328 2637 444 2682 Don.
477 2637 600 2681 insta
640 2651 745 2682 cum
785 2639 1098 2695 descriptione
1127 2640 1303 2684 >Famae
1341 2639 1461 2684 falso
1494 2639 1748 2684 coniunxit.
1943 2693 1947 2695 ,

177 2700 350 2740 21—22
391 2698 662 2754 eoniwnyere
699 2711 812 2742 uare
851 2700 897 2754 (a
929 2701 1179 2756 expuncta)
1218 2703 1272 2742 ut
1307 2713 1494 2755 eumque
1524 2698 1560 2741 L
1598 2700 1870 2756 eoniunyere

175 2755 342 2799 valeret
372 2770 558 2812 eumque
588 2755 630 2798 R
660 2757 951 2814 coniungeret
979 2772 1167 2814 eumque
1198 2758 1268 2802 ed.
1295 2759 1587 2816 coniunyeret
1617 2759 1715 2803 viro
1745 2771 1865 2802 eum-

176 2829 260 2871 que
290 2814 333 2858 U
364 2814 493 2869 item,
526 2814 608 2858 sed
638 2820 877 2871 utrumque
908 2830 1006 2861 nos.
1158 2821 1215 2860 23
1247 2818 1453 2861 veneriae
1482 2817 1525 2859 R
1555 2830 1660 2860 cum
1690 2817 1868 2873 puncto
1944 2853 1950 2858 .
1983 2819 1985 2821 ’

177 2874 263 2917 sub
295 2875 316 2918 i
345 2873 380 2916 L
411 2887 622 2919 venereae
653 2873 724 2918 ed.
871 2879 928 2918 24
959 2877 1200 2920 terrentius
1229 2875 1329 2919 LR.
1468 2879 1524 2920 25
1556 2880 1750 2932 tempore
1779 2873 1868 2919 LR
1944 2904 1946 2907 ι

176 2937 206 2976 t.
238 2933 497 3035 faeereRed.
549 2934 556 2991 Ι
613 2934 836 2978 audiebas
866 2933 900 2976 L
933 2947 1047 2978 corr.
1080 2948 1204 2978 man.
1229 2935 1284 2978 Π.
1439 2939 1494 2978 26
1531 2936 1655 2978 omni
1685 2934 1720 2977 L
1760 2948 1867 2990 cum
1952 2935 1954 2937 ’

175 2991 364 3047 punctis
441 3028 449 3036 .
