2014 3226
786 207 1085 252 AENEIDos
1119 210 1159 252 v
1714 216 1818 267 4⁴37

137 345 346 392 locutus:
384 344 547 393 noluit
579 345 710 392 enim
742 362 839 393 non
871 350 1172 408 pertinentia
1206 350 1268 396 ad
1293 367 1394 397 rem
1420 352 1645 412 plurimis
1672 355 1819 414 loqui.

138 422 239 466 tum
278 420 419 467 laeva
458 423 656 466 taurum
697 434 845 467 cornu
886 426 1005 470 tenet
1037 427 1175 482 atque
1206 426 1275 471 ita
1306 426 1467 483 fatur:
1506 429 1716 486 taurum,
1752 428 1819 474 in-

138 494 262 554 quit,
301 494 445 541 laeva
484 509 635 540 manu
680 509 829 541 cornu
870 497 1043 556 tenuit,
1078 499 1219 558 quasi
1253 501 1445 546 retento
1480 514 1628 546 cornu
1662 505 1819 548 totum

138 569 339 614 taurum
378 570 631 627 tenuisset,
665 568 840 615 deinde
874 570 940 615 sio
973 571 1164 618 locutus
1199 574 1291 618 est:
1331 575 1442 620 nate
1473 573 1577 627 dea,
1610 576 1654 621 si
1684 590 1820 622 nemo

93 655 112 687 5
138 641 285 688 audet
327 655 378 688 se
432 642 621 689 eredere
665 657 888 701 paynae:
950 643 1153 691 dicendo
1210 645 1358 692 audet
1412 646 1672 710 adrogavit
1726 649 1820 695 sibi

138 731 287 776 quam
333 715 620 776 plurimum.
698 731 821 775 quae
866 719 982 775 finis
1027 719 1223 766 standi?
1269 733 1359 778 qao
1397 734 1470 766 me
1509 721 1634 767 decet
1675 737 1821 781 usque

137 790 320 836 teneri?
367 790 539 837 ducere
586 790 716 837 dona
761 791 893 837 iube:
957 791 1212 854 quamdiu,
1252 794 1436 853 inquit,
1477 793 1586 841 sto?
1626 798 1674 842 et
1715 796 1804 843 hoc
1822 802 1908 842 385

135 863 300 924 ipsum
341 879 438 924 quo
470 864 566 910 fine
600 863 884 911 clauditur?
922 865 1123 926 proinde
1158 866 1196 913 si
1230 882 1371 913 nemo
1404 870 1474 915 est
1516 869 1601 927 qui
1641 869 1820 916 audeat

137 937 393 999 congredi,
447 937 561 985 iube
615 954 693 984 me
750 938 885 985 abire
941 955 1050 986 cum
1107 939 1247 987 dono.
1333 943 1488 988 cuncti
1541 943 1688 988 simul
1739 957 1820 990 ore

70 1025 111 1058 ιο
134 1012 405 1070 fremebant
457 1012 787 1060 Dardanidae
838 1012 1069 1072 reddique
1126 1016 1226 1060 ciro
1271 1017 1518 1072 promissa
1571 1016 1819 1064 iubebant:

134 1085 246 1145 ipsa
294 1088 368 1132 est
415 1102 533 1133 vera
579 1086 774 1133 iustitia
822 1102 946 1147 quae
988 1103 1084 1134 uno
1123 1089 1277 1134 totius
1318 1102 1554 1136 consensu
1595 1090 1817 1136 multitu-

135 1158 263 1206 dinis
304 1159 657 1220 conprobatur:
712 1161 918 1222 proinde
958 1162 1009 1207 in
1054 1178 1205 1207 unum
1251 1161 1483 1208 favebant
1531 1165 1714 1222 cuncti,
1762 1167 1819 1211 ut

133 1248 224 1294 pro
277 1235 466 1281 Victore
520 1233 788 1281 haberetur
843 1236 929 1295 qui
978 1251 1148 1296 parem
1193 1234 1370 1282 habere
1417 1251 1513 1282 non
1559 1238 1724 1297 potuit
1769 1241 1819 1284 et

23 1326 40 1335 ·
134 1307 338 1354 duceret
376 1307 518 1356 dona.
584 1309 715 1368 quod
756 1310 828 1356 ait
866 1309 973 1356 viro
1012 1309 1166 1368 reddi,
1198 1324 1295 1356 non
1328 1324 1494 1356 sexum
1526 1310 1817 1371 significare,

66 1395 108 1427 15
133 1380 219 1428 sed
256 1383 491 1429 meritum
530 1383 714 1443 voluit3
773 1382 955 1444 quippe
995 1385 1102 1430 viro
1143 1383 1320 1430 dixisse
1361 1385 1670 1446 cognoscitur
1708 1387 1817 1431 tan-

132 1456 299 1503 torum
344 1457 657 1517 meritorum,
703 1458 876 1504 tantae
924 1457 1146 1516 virtutis,
1193 1459 1363 1503 tantae
1409 1457 1551 1515 artis,
1597 1461 1672 1504 tot
1711 1458 1816 1518 pol·

27 1560 36 1597 ‘.
131 1523 256 1576 lenti
295 1531 542 1590 victoriis,
590 1529 654 1578 ad
702 1533 971 1578 extremum
1018 1546 1167 1592 quem
1213 1532 1356 1577 tanta
1401 1530 1668 1578 multitudo
1708 1547 1815 1592 per-

31 1629 37 1649 ς
130 1602 316 1651 timuit.
392 1605 470 1652 hic
510 1606 680 1664 yravz‘s
720 1605 970 1652 Entellum
1017 1604 1396 1664 dictis'eastiyat
1435 1607 1624 1652 Acestes
1635 1621 1651 1648 .·
1693 1604 1814 1652 bene

132 1677 258 1724 dixit
297 1677 443 1726 dictis
485 1680 720 1742 castigat:
762 1680 907 1740 quasi
945 1695 1002 1726 ex
1037 1679 1283 1740 patientia
1313 1677 1677 1738 delinquentem
1709 1694 1814 1725 ver-

31 1773 35 1779 ·
64 1764 108 1797 20
130 1750 273 1798 berat
318 1751 505 1813 verbis,
550 1752 645 1800 hoc
688 1754 764 1800 est
803 1753 982 1815 arguit.
1051 1754 1309 1812 prox-imus
1346 1754 1400 1798 ut
1435 1752 1676 1799 viridante
1715 1756 1816 1799 toro

30 1828 37 1859 ἓ
131 1826 411 1874 consederat
445 1827 644 1875 herbae:
683 1843 741 1874 ex
774 1843 831 1874 ea
863 1827 1119 1874 occasione
1151 1841 1263 1873 eum
1295 1824 1456 1872 verbis
1489 1825 1815 1887 obiurgativis

130 1898 391 1962 adgressus
433 1902 520 1961 est,
561 1901 697 1963 quod
736 1903 782 1948 ei
819 1902 872 1948 in
912 1915 1140 1948 consessu
1177 1898 1427 1961 proximus
1467 1899 1661 1958 fuisset,
1702 1914 1813 1947 con-

28 1974 38 2025 ἶ
129 1988 290 2022 sessus
338 1977 506 2022 autem
554 1976 661 2038 ipse
708 1975 806 2022 fuit
850 1974 1015 2022 herbis
1061 1975 1333 2032 extructus,
1382 1972 1499 2033 quia
1544 1973 1597 2019 in
1641 1988 1815 2034 campo

131 2047 270 2095 aliud
309 2047 442 2110 quod
481 2064 700 2098 sessuros
739 2049 986 2110 exciperet
1015 2063 1112 2095 non
1145 2047 1319 2094 fuerat.
1383 2046 1587 2101 Entelle,
1619 2047 1816 2094 heroum

27 2163 40 2267 ἓ

28 2104 105 2177 Ϊ3ῡ
129 2122 376 2181 quondam
412 2123 699 2182 fortissime:
755 2123 1035 2185 obiurgatio
1074 2137 1173 2168 non
1211 2121 1466 2180 iniuriosa,
1507 2119 1590 2167 sed
1630 2119 1814 2167 habens

127 2194 402 2244 admixtam
438 2196 662 2245 laudem:
702 2196 913 2256 Entelle,
952 2195 1093 2255 soleS,
1130 2195 1311 2256 inquit,
1342 2194 1475 2242 inter
1503 2194 1648 2241 fortis
1680 2195 1812 2241 viros

125 2269 430 2318 fortissimus
477 2273 742 2319 numerari.
819 2272 1011 2331 frustra
1057 2271 1255 2316 tantane
1299 2271 1398 2315 tam
1428 2269 1626 2327 patiens
1662 2266 1796 2314 nullo
1813 2269 1901 2309 390

72 2342 74 2345 ’
127 2345 386 2410 certamine
430 2345 535 2393 tolli
582 2345 713 2393 dona
749 2344 913 2392 sines?
987 2343 1235 2405 poteritne
1273 2343 1472 2390 tantum
1511 2340 1687 2388 durare
1725 2356 1810 2402 pa-

123 2418 306 2465 tientia
343 2420 447 2478 tua,
486 2421 544 2466 ut
581 2419 718 2466 nullo
750 2419 969 2467 certante
999 2417 1186 2464 frustra
1214 2416 1491 2477 praemium
1522 2415 1573 2461 in
1606 2414 1811 2462 alterius

246 2548 270 2587 1
311 2545 488 2589 locutas
525 2545 614 2589 LR
658 2549 862 2590 moratus
903 2542 974 2586 ed.
1022 2543 1071 2586 et
1107 2539 1306 2598 Vergilii
1352 2539 1482 2584 libri:
1535 2539 1710 2583 locutus
1754 2550 1810 2581 ex

124 2602 318 2659 interpr.
342 2603 587 2660 irrepsisse
618 2603 816 2648 videtur.
933 2605 960 2645 5
992 2601 1235 2658 adroyavit
1255 2598 1297 2642 R
1327 2599 1413 2643 ·bit
1435 2598 1470 2641 L
1502 2603 1600 2656 -9at
1624 2595 1712 2641 ΟΠ
1735 2595 1805 2641 ed.

245 2667 271 2706 6
310 2677 427 2719 quae
455 2663 492 2706 L
531 2664 613 2720 qai
642 2663 685 2707 R.
721 2677 747 2706 r
769 2684 825 2699 =
849 2661 898 2704 L.
1050 2664 1078 2704 8
1109 2659 1343 2704 clauditur
1371 2656 1458 2701 LR
1494 2655 1739 2701 claudatur
1769 2653 1807 2698 Ο

125 2720 348 2766 laudatur
383 2721 480 2766 ΗΠ
519 2722 600 2768 edI
637 2722 854 2767 tardatur
890 2718 999 2764 acm.
1153 2722 1208 2761 10
1248 2717 1498 2772 fremebant
1534 2714 1575 2758 R.
1605 2727 1808 2771 praeme-

124 2779 236 2824 bant
265 2780 314 2824 L.
411 2785 464 2824 16
497 2782 592 2827 arti
621 2780 708 2824 LR
739 2793 854 2824 corr.
879 2778 951 2822 ed.
1051 2781 1106 2820 21
1139 2776 1397 2822 considerat
1426 2773 1524 2818 LR.
1617 2777 1674 2816 22
1702 2785 1809 2817 ουκ-

121 2852 330 2884 sensu—
347 2828 1196 2885 consemushutaeoinoni.0dn
1315 2832 1807 2888 24aliudquodsme

123 2890 1435 2954 nonfiteratLaliudnonfuitquodsmeRr=L
1566 2893 1807 2934 vnum·

121 2957 226 3002 rari
253 2957 291 3001 L
321 2959 558 3003 nominari
586 2958 630 3002 R.
659 2972 684 3001 r
706 2978 763 2995 --
786 2956 836 3000 L.
887 2959 894 3011 ι
950 2956 1061 3012 post
1088 2955 1268 3011 frastra
1298 2964 1391 2996 non
1421 2947 1616 2994 distinxi
1646 2960 1808 2992 mun-

59 3014 61 3017 ’
122 3015 236 3059 dum
266 3016 458 3074 interpr

1362 3082 1456 3128 80*
