2014 3226
809 164 1110 210 Amsfflnos
1144 167 1205 210 1v
1748 174 1843 224 4⁶2]

167 304 309 364 parte
364 302 567 350 Iunonis
623 307 698 350 est
751 308 869 350 nota
924 307 1141 352 iuvantis
1191 308 1504 367 morientem,
1553 317 1603 356 ut
1654 311 1855 358 celerius

168 376 397 437 spirit-um
453 376 666 434 efflaret,
722 393 846 438 quae
896 379 936 425 si
985 379 1103 439 quid
1155 383 1340 441 posset⁷
1396 383 1549 429 vitam
1605 388 1855 444 praestare

169 449 405 497 debuerat
468 455 556 497 aut
617 452 806 498 viventi
869 452 1150 512 subvenire,
1213 469 1321 500 cum
1385 455 1664 504 decerneret
1717 459 1854 505 mori.

169 523 351 571 dicitur
397 526 525 571 ratio
574 539 700 585 quae
749 523 792 571 ei
841 525 1056 573 difficilis
1102 527 1264 574 obitus
1313 529 1517 576 faceret:
1580 546 1694 577 nam
1741 534 1855 591 quia

124 615 143 647 ⁵
169 612 255 646 nec
301 599 403 657 fato
448 600 623 646 merita
661 613 748 646 nec
786 602 936 645 ‘morte
966 601 1182 658 peribat:
1237 617 1325 649 1166
1364 604 1491 663 fato,
1538 603 1723 665 inquit,
1769 621 1856 652 nec

167 674 327 718 morte
374 673 576 732 merita,
623 672 715 720 hoc
756 674 830 719 est
869 689 966 720 non
1008 675 1270 721 secundum
1319 677 1601 723 institutum
1648 681 1855 726 naturae

169 745 301 806 quod
347 745 465 793 fatis
509 745 805 793 attributum
846 749 921 794 est
958 747 1260 806 hominibus,
1307 749 1493 797 scilicet
1533 756 1589 797 ut
1631 752 1766 799 nulla
1806 752 1853 799 vi

167 818 392 869 adhibita,
440 820 739 880 moriantur-3
799 822 918 867 tunc
967 823 1096 867 enim
1146 821 1361 870 difficilis
1408 839 1539 871 mors
1594 828 1690 885 est,
1745 841 1854 873 cum

165 909 263 940 non
328 909 567 941 consensu
628 895 836 941 naturae
892 895 1095 955 spiritus
1150 896 1400 956 redditur,
1454 897 1536 945 sed
1599 903 1854 960 extorque-

100 985 142 1016 10
168 970 251 1014 tur
304 968 550 1016 violenter
604 970 654 1015 et
706 967 938 1015 truditur.
1023 970 1106 1016 sed
1159 971 1338 1017 misera
1392 974 1501 1018 ante
1555 972 1703 1019 diem:
1763 973 1854 1020 1106

169 1044 242 1088 est
298 1044 412 1089 ante
466 1044 662 1103 tempus
718 1057 815 1102 quo
870 1044 1049 1088 natura
1103 1045 1268 1103 potuit
1315 1044 1504 1091 adferre
1551 1060 1851 1093 consensum.

164 1116 412 1175 subitoque
460 1129 661 1164 accensa
706 1118 897 1175 furore:
959 1116 1084 1163 dixit
1132 1132 1228 1177 qua
1283 1132 1429 1164 causa
1483 1123 1660 1165 natura
1713 1135 1852 1180 prae·

167 1191 316 1236 venta
356 1190 442 1237 sit:
497 1190 650 1250 furor,
689 1190 869 1250 inquit,
908 1189 1036 1237 hanc
1076 1191 1299 1253 conpulit
1336 1193 1635 1252 repentinus,
1674 1195 1731 1239 ut
1769 1192 1853 1239 ad-

165 1265 356 1324 peteret
394 1266 620 1323 mortem,
661 1279 811 1325 quam
849 1263 1072 1311 nondum
1110 1268 1290 1312 natura
1325 1267 1627 1326 permiserat.
1689 1266 1852 1314 subito

98 1355 139 1386 15
164 1337 332 1385 furore
376 1337 501 1385 dixit
540 1353 639 1385 non
678 1339 876 1384 tantum
915 1339 1172 1399 repentino
1211 1354 1382 1385 verum
1421 1341 1570 1386 etiam
1610 1355 1706 1386 non
1744 1356 1851 1401 per-

163 1413 403 1472 tractat03
465 1412 685 1459 furentes
741 1411 873 1458 enim
929 1412 1190 1459 consilium
1243 1428 1342 1459 non
1403 1412 1585 1460 habent
1638 1416 1688 1460 et
1739 1429 1851 1461 mox

164 1485 400 1547 quicquid
447 1486 716 1534 occurrerit
761 1485 967 1533 faciunt.
1044 1485 1261 1533 nondum
1305 1486 1378 1533 illi
1426 1488 1610 1545 flavum
1654 1487 1852 1534 Proser·

153 1560 282 1617 pina
322 1561 492 1608 vertice
531 1560 710 1607 crinem
750 1560 1015 1607 abstulerat
1052 1559 1306 1620 Styyioqae
1345 1563 1490 1621 caput
1535 1560 1854 1608 damnaverat

165 1632 309 1680 Orco:
348 1649 437 1682 1166
474 1633 776 1696 Proserpina
819 1636 1046 1694 venerat,
1093 1649 1219 1695 quae
1267 1636 1454 1681 sectum
1502 1633 1684 1681 crinem
1724 1631 1851 1681 Orco

95 1723 138 1754 20
164 1706 473 1755 sollemniter
509 1707 752 1755 traderet:
791 1707 1011 1755 nondum
1041 1709 1189 1774 6111111,
1219 1709 1277 1754 111
1308 1707 1492 1755 1116111111
1526 1711 1613 1767 est,
1645 1709 1851 1755 naturae

91 1770 97 1778 ³
162 1784 366 1847 venerat
426 1786 638 1846 tempus.
725 1796 832 1842 erqo
886 1783 990 1829 Iris
1044 1783 1218 1829 croceis
1262 1796 1357 1842 per
1409 1782 1593 1829 caelum
1645 1782 1835 1829 roscida
1855 1782 1940 1823 700

152 1856 327 1915 pinnis
372 1856 503 1903 mille
549 1857 745 1904 trahens
791 1857 957 1903 varios
996 1856 1198 1903 adverso
1236 1855 1334 1902 sole
1371 1855 1547 1903 colores
1585 1855 1774 1903 devolat
1811 1858 1853 1902 et

162 1943 316 1989 supra
355 1933 502 1990 caput
539 1930 749 1978 adstitit:
802 1946 860 1977 ex
899 1929 1154 1978 occasione
1194 1928 1320 1976 dixit
1356 1931 1503 1990 poeta
1542 1928 1636 1975 Iris
1683 1943 1851 1975 arcum

161 2002 346 2051 idcirco
394 2003 638 2052 coloribus
686 2003 998 2063 distinctum,
1047 2002 1178 2064 quod
1225 2002 1428 2050 adverso
1476 2003 1577 2050 sole
1616 2001 1850 2050 radietur.

93 2092 136 2124 25
159 2077 288 2126 hunc
334 2091 416 2139 eqo
454 2078 564 2126 Diti
609 2093 806 2126 sacrum
851 2079 990 2126 iussa
1027 2079 1155 2138 fero:
1206 2077 1328 2125 116116
1368 2075 1495 2124 dixit
1530 2077 1687 2139 iussa,
1734 2076 1853 2137 quia.

161 2151 294 2213 quod
332 2151 530 2200 factura
568 2151 734 2200 fuerat
773 2151 923 2199 alieni
960 2151 1059 2199 fuit
1097 2150 1250 2199 officii
1285 2149 1584 2212 perindeque
1618 2148 1679 2196 ab
1710 2164 1849 2197 usur-

159 2225 378 2286 pationis
425 2226 631 2275 crimine
678 2225 844 2289 potuit
889 2224 1112 2273 excusari
1153 2240 1279 2287 quae
1316 2223 1525 2286 potioris
1562 2222 1739 2270 habuit
1776 2222 1847 2271 fa-

70 2335 74 2337 —
161 2298 329 2347 ciundi
369 2301 732 2348 auctoritatem.
811 2303 946 2359 teque
985 2301 1072 2347 isto
1111 2311 1307 2359 corpore
1343 2297 1496 2345 solvo:
1534 2297 1641 2357 hoc,
1670 2296 1849 2358 inquit,

158 2373 312 2434 facio,
364 2390 426 2421 ne
477 2374 565 2422 diu
618 2374 864 2422 crucieris.
941 2375 1010 2421 sic
1056 2374 1127 2420 ait
1172 2375 1214 2419 et
1258 2372 1428 2420 deoetra
1476 2372 1655 2419 crinem
1698 2372 1848 2417 secat:

26 2459 37 2483 ³
91 2461 136 2494 ³0
161 2448 349 2495 sectum
381 2448 566 2495 crinem
602 2446 723 2510 quid
763 2449 988 2496 secutum
1028 2447 1093 2495 sit
1131 2446 1308 2494 nectit:
1347 2446 1503 2492 omnis
1540 2447 1584 2492 et
1618 2457 1736 2498 una,
1773 2443 1848 2490 in·

24 2506 40 2620 ὲ

160 2521 282 2583 quit,
308 2521 532 2582 dilapsus
564 2522 697 2570 calor
721 2524 863 2581 atque
885 2515 940 2569 in
966 2524 1129 2568 ventos
1151 2520 1252 2568 vita
1275 2520 1476 2567 recessit.
1532 2518 1831 2566 exactionem
1849 2516 1937 2557 ‘105

279 2680 303 2720 7
343 2678 457 2732 fatis
494 2677 582 2720 LR
628 2692 659 2721 a
695 2677 811 2733 fatis
849 2676 920 2720 ed.
1109 2679 1163 2719 19
1203 2679 1356 2719 extum
1394 2673 1429 2716 L
1471 2677 1653 2717 exutum
1693 2670 1735 2714 R
1771 2668 1843 2714 611.

152 2740 323 2780 sectum
353 2750 389 2779 r.
542 2741 596 2780 21
630 2737 694 2780 ad
725 2735 899 2780 caelum
930 2734 1018 2778 LR
1051 2748 1135 2790 per
1164 2747 1200 2779 c.
1234 2733 1305 2778 ed.
1339 2734 1387 2777 61
1417 2730 1555 2789 Vei-g.
1587 2728 1719 2782 libri;
1755 2727 1846 2772 hoc

155 2794 336 2877 recepi,
375 2795 459 2839 sed
498 2794 665 2839 dubito
705 2807 765 2839 an
797 2793 913 2838 Don.
946 2807 978 2837 a
1007 2793 1131 2838 caelo
1167 2791 1350 2850 legerit.
1401 2793 1408 2848 Ι
1543 2789 1649 2833 aida
1678 2786 1843 2890 1111θῖ

156 2853 346 2957 2283?ss
375 2849 1455 2968 segg.nkffinarlnfflversujdolgzmwgowolgmlfs
1483 2862 1704 2951 Raomm
1732 2902 1781 2947 L.

156 2974 216 3014 31
245 2973 515 3017 &vectionem
546 2970 631 3015 LR
665 2971 736 3016 ed.
769 2971 1008 3016 sectionem
1045 2971 1100 3013 ut
1131 2981 1274 3026 supra.
1307 2971 1493 3013 emotum
1530 2978 1615 3022 pro
1646 2966 1852 3009 metm?-
