2014 3226
190 162 293 213 132
651 158 883 202 DONATI
914 157 1195 201 INTERPR.
1229 156 1407 201 VERG.

187 302 272 350 sed
312 301 590 362 praemittit
631 299 921 357 necessaria,
957 298 1133 359 quibus
1167 299 1362 345 animus
1404 298 1624 345 audituri
1663 314 1762 345 non
1801 299 1873 344 in·

188 376 362 422 merito
422 375 722 432 moveretur,
777 388 875 419 non
930 371 1159 419 recedens
1207 387 1235 418 a
1283 387 1605 433 personarum
1660 373 1875 432 ratione3

187 465 301 496 nam
357 450 406 494 in
461 447 719 509 principiis
776 461 826 493 se
882 446 1158 508 appellavit
1210 448 1421 493 matrem
1475 448 1525 493 et
1582 444 1877 507 Cupidinem

186 523 356 582 filium,
396 522 476 567 hic
516 520 718 568 Aenean
757 520 919 567 noluit
957 520 1116 567 filium
1155 519 1331 580 dicere,
1364 519 1462 578 sed,
1497 519 1628 581 quod
1659 519 1876 567 faciebat

186 596 247 644 ad
289 611 502 654 causam,
542 595 711 654 frater,
750 595 929 655 inquit,
961 597 1076 641 tuus
1110 594 1373 641 ostendens
1407 609 1608 655 operam
1641 595 1744 642 eius
1778 609 1876 641 non
1922 611 1965 644 εγ·

185 673 237 717 in
286 670 508 716 extranei
556 668 764 715 alicuius
812 669 1037 731 negotio,
1085 667 1169 715 sed
1208 668 1261 714 in
1301 668 1472 714 fratris
1514 683 1618 715 esse
1658 683 1876 716 necessa-

187 744 333 791 riam:
391 743 522 803 quod
568 742 666 790 fuit
705 742 810 789 sine
850 741 999 790 dubio
1039 741 1300 789 honestum
1341 744 1390 789 et
1427 741 1588 803 pium,
1628 744 1684 788 ut
1723 742 1880 789 frater

188 834 277 879 pro
326 817 478 864 fratre
519 816 782 875 laboraret,
822 816 902 864 vel
930 816 1153 880 ⁴maxime
1192 817 1246 863 in
1286 816 1463 863 salutis
1504 830 1668 863 causa.
1746 815 1880 862 dicta

188 891 382 938 Aeneae
439 905 650 952 persona
705 889 826 937 dicit
881 889 1075 938 labores
1123 890 1227 938 eius
1280 904 1391 937 cum
1442 890 1760 938 miseratione
1808 889 1880 936 in-

188 965 411 1014 fortunia
443 980 639 1026 quoque
670 964 876 1012 infanda
910 979 1312 1012 commemorans.
1369 964 1433 1024 et,
1465 966 1521 1011 ut
1551 965 1711 1026 magis
1744 965 1880 1012 auxi·
1906 982 1948 1015 10

188 1038 346 1085 liandi
391 1041 686 1100 provocaret
733 1037 1004 1098 adfectum,
1051 1037 1173 1085 dicit
1224 1054 1335 1086 eum
1382 1039 1551 1086 omnia
1596 1039 1882 1085 inmeritum

188 1114 296 1175 pati
343 1114 391 1159 et
439 1112 685 1161 deformat
731 1113 963 1160 inimicae
1010 1127 1272 1174 personam
1328 1128 1453 1173 quae
1508 1115 1884 1175 persequeretur

189 1187 461 1234 innoxium.
540 1201 651 1234 cum
690 1187 822 1234 enim
863 1186 985 1233 dicit
1022 1187 1178 1234 frater
1214 1188 1272 1233 ut
1310 1186 1503 1234 Aeneas
1550 1186 1728 1250 pelago
1769 1189 1883 1234 tuus

190 1261 357 1308 omnia
397 1262 579 1308 circum
618 1261 770 1309 litora
805 1262 1115 1322 iacteturque
1147 1259 1274 1308 odiis
1307 1259 1511 1307 Iunonis
1543 1261 1757 1322 iniquae,
1789 1260 1883 1307 ini-

194 1351 342 1396 quam
397 1334 603 1382 dicendo
663 1334 880 1383 ostendit
934 1333 1130 1382 Aeneae
1192 1334 1382 1381 nullam
1445 1335 1641 1397 culpam
1704 1337 1883 1381 extare.
1909 1351 1952 1385 15

189 1410 390 1470 iniquus
438 1411 512 1456 est
559 1410 691 1456 enim
739 1410 963 1470 quisquis
1011 1425 1112 1456 non
1157 1408 1480 1471 praecedente
1525 1411 1729 1470 peccato
1776 1425 1883 1471 per-

190 1483 415 1543 sequitur
453 1498 753 1544 quemquam
792 1486 840 1530 et
878 1484 1156 1545 perniciose
1203 1483 1531 1544 persequitur.
1612 1484 1782 1544 atque,
1830 1485 1885 1530 ut

191 1572 304 1604 vere
350 1557 575 1619 iniquam
621 1556 858 1620 probaret
903 1558 953 1604 et
998 1558 1186 1605 maiore
1234 1558 1462 1604 oneraret
1508 1555 1723 1617 invidia,
1777 1572 1884 1618 per-

192 1630 438 1691 sequitur,
477 1631 666 1693 inquit,
706 1647 819 1679 eum
857 1632 1024 1679 omnia
1066 1632 1249 1679 circum
1288 1631 1462 1691 litora,
1505 1632 1563 1678 ut
1601 1630 1737 1678 nullo
1771 1623 1884 1679 loco

192 1703 401 1752 nocendi
433 1704 739 1754 occasionem
770 1706 1183 1767 praetermiserit:
1217 1719 1274 1753 ac
1304 1720 1394 1767 per
1422 1704 1516 1753 hoc
1546 1720 1636 1752 nec
1666 1706 1720 1752 in
1743 1720 1886 1767 prae-
1910 1721 1980 1755 ποι

193 1777 322 1825 senti
369 1778 663 1827 omissuram
708 1780 1039 1828 intentionem
1086 1779 1188 1827 odii
1235 1780 1325 1827 sui.
1401 1779 1479 1827 his
1528 1778 1720 1826 addidit
1767 1781 1886 1827 nota

193 1851 313 1899 tibi:
369 1855 417 1900 et
462 1852 555 1901 hoc
603 1853 666 1900 ad
711 1853 911 1902 laudem
952 1852 1210 1915 Cupidinis
1258 1853 1561 1915 pertinebat3
1615 1851 1888 1901 maximum

196 1927 327 1972 enim
367 1927 549 1974 crimen
590 1928 697 1975 eius
738 1929 880 1988 esset,
920 1929 964 1976 si
1002 1928 1173 1975 fratris
1214 1926 1422 1976 adversa
1460 1928 1686 1975 nesciret.
1756 1926 1886 1974 unde

196 2002 362 2047 autem
379 1999 545 2048 Venus
570 2004 690 2049 nota
715 2016 817 2050 esse
843 2001 989 2050 fratri
1012 2002 1184 2050 fratris
1215 2001 1528 2050 incommoda
1561 2001 1746 2049 diceret
1775 2002 1887 2063 ipsa

196 2073 451 2121 evidenter
495 2074 727 2123 adfirmat
766 2075 972 2124 dicendo
1013 2079 1057 2124 et
1092 2078 1254 2124 noetio
1293 2076 1491 2123 doluisti
1528 2090 1672 2135 saepe
1711 2075 1884 2123 dolore.
1909 2087 1952 2124 ω

195 2146 287 2194 1106
334 2163 510 2210 genere
565 2149 803 2211 conpellit
851 2166 962 2197 eum
1011 2149 1074 2197 ad
1121 2165 1180 2198 ea
1227 2149 1500 2211 conplenda
1561 2165 1686 2211 quae
1739 2148 1887 2196 fratri

197 2223 358 2268 essent
410 2223 692 2284 profutura3
755 2225 798 2271 si
852 2225 983 2272 enim
1036 2224 1308 2286 praeterita
1362 2224 1647 2286 frequenter
1711 2221 1886 2283 doluit,

196 2293 340 2342 debet
395 2296 547 2343 etiam
600 2312 731 2344 nunc
784 2313 957 2346 cavere
1012 2313 1072 2345 ne
1122 2299 1303 2345 iterum
1351 2297 1562 2346 dolenda
1608 2296 1886 2345 succedant.
1943 2306 1961 2313 ’·

109 2372 196 2412 670
211 2382 340 2415 nunc
388 2369 653 2418 Phoenissa
706 2373 829 2418 tenet
872 2371 1005 2419 Dido
1061 2372 1345 2431 blandisque
1397 2373 1618 2420 moratur
1670 2371 1888 2418 vocibus:
1956 2422 1959 2423 ⁷

196 2443 470 2504 praestruit
508 2444 612 2490 sine
651 2443 820 2492 labore
859 2461 1002 2508 posse
1041 2445 1210 2507 perfici
1251 2445 1383 2507 quod
1423 2447 1531 2493 erat
1571 2445 1764 2493 dictura
1811 2444 1886 2491 fa·
1908 2457 1953 2494 ιο

198 2515 438 2563 ciendum.
515 2517 638 2578 iam,
676 2518 864 2580 inquit,
903 2521 1038 2567 tenet
1077 2535 1189 2567 eum
1228 2519 1359 2568 Dido
1398 2535 1554 2581 usque
1594 2517 1716 2566 adeo
1756 2518 1886 2566 bona
1931 2579 1940 2586 ῃ

196 2589 467 2651 voluntate,
506 2592 564 2638 ut
601 2591 784 2641 fabulis
821 2591 1018 2641 blandis
1058 2608 1221 2642 moras
1260 2595 1505 2655 procuret,
1534 2609 1597 2640 ne
1638 2608 1885 2655 quoquam
1940 2643 1950 2646 ,

198 2662 443 2724 abscedat,
483 2664 742 2714 ostendens
781 2682 880 2714 non
921 2681 1025 2715 esse
1066 2667 1269 2715 difficile
1307 2669 1366 2715 ut
1410 2669 1643 2715 teneatur
1689 2667 1886 2715 animus
1927 2657 1959 2710 ‘51⁸

1920 2734 1960 2756 'i‘

318 2852 344 2891 2
371 2854 572 2894 movetur
594 2849 665 2892 ed.
755 2854 805 2892 11
832 2850 1034 2904 effectum
1057 2866 1092 2894 r.
1175 2855 1230 2894 27
1249 2851 1513 2908 praeteritis
1536 2850 1606 2895 ed.
1687 2854 1742 2894 29
1766 2851 1887 2894 hw'nc
1926 2837 1940 2909 ’ζ

198 2905 284 2949 LR
315 2906 402 2962 ed,
434 2907 516 2952 sed
554 2921 638 2965 per
675 2908 769 2952 iam
808 2907 1091 2965 explicatur,
1130 2910 1255 2954 unde
1286 2909 1523 2954 Donatum
1560 2923 1686 2955 nunc
1715 2908 1953 2966 legisse-ss„
1925 2969 1945 2992 ρ

199 2943 409 3022 apparet'.
