2014 3226
797 186 1098 230 AENEIDOS
1131 187 1194 229 III
1740 188 1844 239 297

157 328 382 388 „fusique
430 342 518 388 per
564 325 812 386 herbam“‚
862 328 978 386 quia
1025 327 1318 374 lassitudine
1362 331 1410 375 et
1449 328 1579 374 fame
1619 329 1850 390 naufragi

158 401 482 463 urgebantur,
521 400 601 446 hic
642 399 763 447 dicit
802 402 1169 462 extruimusque
1217 404 1371 461 toros,
1421 403 1538 462 quia
1577 403 1630 448 in
1668 418 1850 463 magna

158 476 301 535 copia
339 473 604 521 herbarum
643 474 770 521 nihil
809 490 1044 537 magnum
1088 476 1252 522 fuerat
1291 477 1542 538 congeries
1575 477 1850 537 caespitum

158 551 345 596 struere
386 547 563 610 quibus
605 547 848 595 discumbi
888 551 1054 609 posset
1094 551 1142 595 et
1180 566 1278 596 non
1323 565 1504 612 magna
1551 549 1851 612 properandi

113 638 130 670 5
159 621 223 670 ad
270 621 439 683 epulas
487 623 754 669 necessitas
801 621 1024 685 urgebat.
1102 627 1154 669 at
1201 624 1386 671 subitae
1422 625 1648 682 horrifico
1691 624 1835 683 lapsu
1855 630 1940 668 225

158 697 215 744 de
253 697 495 744 montibus
534 696 715 743 adsunt
752 697 989 756 harpyiae
1028 700 1071 744 et
1107 699 1299 757 magmis
1346 700 1568 757 quatiunt
1616 698 1853 757 clanyori-

159 772 247 817 bus
287 771 395 818 atas
435 771 767 829 diripiuntque
806 771 956 830 dapes
997 774 1307 830 contactuque
1346 774 1510 819 omnia
1550 772 1750 831 foedant
1780 774 1852 819 >In-

156 845 362 900 mmzdo,
424 847 525 891 tum
579 859 670 892 voae
723 847 930 892 taetrum
984 845 1096 891 dira
1149 847 1274 893 i’nter
1327 846 1542 892 odorem:
1611 848 1853 893 venerunt

157 919 396 980 harpyiae
435 918 718 980 inprovisae
761 918 819 966 de
855 918 1109 967 montibus
1142 920 1307 966 sonitu
1341 920 1531 967 alarum
1564 919 1852 967 horribilem

94 1010 135 1041 ιο
160 996 345 1039 metum
392 992 688 1040 incutientes
733 995 782 1039 et
823 1008 950 1054 quae
990 995 1132 1040 erant
1171 995 1307 1040 omni
1345 1009 1547 1055 corpore
1586 994 1853 1041 inmundae

160 1066 472 1128 diripuerunt
518 1068 657 1114 uncis
704 1066 913 1127 pedibus
962 1067 1129 1114 omnia
1173 1070 1222 1114 et
1261 1068 1360 1115 suis
1402 1068 1710 1115 contactibus
1749 1068 1853 1130 pol-

158 1141 381 1201 luerunt,
429 1140 535 1188 diro
585 1140 733 1188 odore
781 1141 1107 1202 oppleverunt
1149 1143 1336 1201 omnia,
1377 1143 1446 1189 sic
1486 1141 1620 1189 vocis
1661 1157 1855 1190 execra-

157 1214 274 1262 bilis
320 1215 619 1262 horruerunt
665 1230 807 1275 sono,
854 1218 912 1263 ut
958 1217 1121 1263 essent
1165 1217 1339 1277 procul
1386 1215 1535 1263 dubio
1575 1216 1853 1279 fugiendae.

158 1303 358 1336 rursum
396 1291 451 1336 in
489 1303 676 1337 secessu
715 1290 853 1350 Ionqo
891 1290 980 1338 sub
1019 1303 1143 1352 rupe
1182 1293 1355 1338 cavata
1394 1291 1650 1337 arboribus
1686 1291 1839 1337 clausi
1857 1296 1945 1335 230

91 1379 135 1411 15
160 1365 343 1411 circum
381 1366 522 1422 atque
558 1364 866 1411 horrentibus
895 1364 1085 1412 umbris
1115 1365 1404 1412 instruimus
1435 1378 1628 1412 mensas
1660 1366 1856 1424 arisque

160 1438 438 1497 reponimus
483 1439 669 1498 iynem:
729 1437 963 1499 denique,
1009 1437 1197 1499 inquit,
1243 1440 1448 1500 propter
1494 1438 1736 1486 eiusmodi
1775 1438 1854 1485 de-

158 1511 407 1560 testabilis
454 1512 640 1559 formas
686 1511 953 1573 petivimus
1002 1527 1217 1560 secessus
1257 1512 1567 1576 longitudine
1608 1514 1657 1559 et
1696 1511 1854 1559 densi-

160 1588 264 1633 tate
305 1585 537 1633 arborum
575 1587 735 1646 tutos,
775 1602 873 1648 quo
914 1586 1074 1648 facile,
1114 1589 1172 1633 ut
1210 1586 1533 1647 putabamus,
1582 1586 1717 1633 adire
1756 1603 1855 1634 non

159 1662 363 1721 possent
415 1662 504 1708 aut
556 1660 726 1708 volare
779 1660 1033 1723 inpeditae
1087 1662 1239 1709 ramis
1295 1660 1526 1708 arborum
1580 1662 1630 1707 et
1682 1659 1858 1708 umbra

95 1749 139 1782 20
163 1733 424 1794 silvarum,
473 1736 521 1781 et
561 1733 650 1782 sub
691 1749 814 1782 cava
850 1751 995 1797 rupe,
1044 1751 1140 1796 quo
1180 1736 1391 1783 tutiores
1433 1749 1668 1794 essemus,
1707 1749 1858 1782 nova-

163 1809 325 1856 vimus
362 1810 500 1856 toros
541 1811 590 1856 et
627 1810 952 1870 repetivimus
991 1809 1170 1869 cibum,
1207 1810 1306 1857 aris
1346 1824 1540 1870 quoque
1578 1809 1742 1872 ignem
1783 1823 1855 1855 re·

163 1883 433 1943 stituimus‚
463 1882 558 1930 hoc
589 1885 666 1931 est
695 1884 877 1931 iterum
901 1883 1298 1931 sacrificavimus
1350 1897 1551 1930 rursum
1582 1897 1638 1930 ex
1668 1882 1858 1930 diverso

163 1957 284 2005 caeli
329 1958 573 2017 caecisque
615 1956 813 2005 latebris
851 1959 996 2006 turba
1032 1972 1215 2005 sonans
1247 1958 1490 2017 praedam
1518 1956 1729 2016 pedibus
1767 1958 1859 2004 cir-

164 2031 408 2079 cumvolat
450 2033 602 2079 uncis.
681 2031 829 2091 nihil,
874 2033 1062 2094 inquit,
1111 2032 1303 2093 profuit
1348 2031 1516 2079 omnia
1560 2029 1856 2092 providisse3

99 2120 142 2153 35
166 2120 282 2153 nam
305 2120 394 2167 per
419 2105 699 2166 insperatas
732 2106 859 2153 caeli
888 2106 1046 2168 partis
1080 2108 1129 2153 et
1160 2106 1379 2154 occultas
1411 2104 1628 2152 latebras
1657 2106 1858 2166 rupium

167 2178 405 2240 quicquid
451 2179 735 2241 adpositum
780 2179 880 2228 fuit
925 2181 1065 2228 uncis
1110 2179 1318 2241 pedibus
1355 2181 1643 2240 rapuerunt.
1718 2179 1859 2226 uncis

166 2252 294 2300 dixit
339 2252 619 2312 tenacibus,
666 2254 785 2315 quia
828 2269 954 2316 quae
991 2256 1129 2302 recta
1167 2257 1284 2302 sunt
1323 2252 1517 2315 aliquid
1554 2255 1722 2300 tenere
1759 2267 1859 2300 non

168 2330 388 2389 possunt.
456 2327 639 2387 polluit
689 2342 771 2375 ore
823 2330 998 2388 dapes:
1050 2344 1112 2375 ne
1164 2328 1406 2390 reliquiae
1450 2329 1760 2375 remanentes
1806 2327 1859 2372 in

167 2416 287 2450 usus
333 2401 592 2449 hominum
636 2401 954 2466 proficerent,
1000 2417 1157 2466 gnara
1205 2401 1339 2464 quod
1381 2402 1562 2449 vitium
1608 2402 1759 2450 etiam
1805 2401 1859 2447 in

98 2490 143 2523 so
167 2490 250 2523 ore
304 2474 511 2524 haberet
564 2476 749 2538 polluit
802 2476 968 2538 dapes,
1058 2477 1203 2524 sociis
1256 2478 1369 2524 tunc
1418 2490 1562 2523 arma
1607 2477 1862 2534 capessant

167 2549 299 2606 ,edico
330 2552 374 2598 et
402 2550 516 2598 dira
548 2549 724 2598 bellum
754 2564 863 2598 cwm
889 2553 1028 2611 yente
1053 2550 1342 2610 yerendwm:
1373 2548 1643 2610 deficiente,
1666 2548 1845 2610 inquit,
1861 2548 1950 2588 235

284 2708 311 2747 2
344 2709 653 2763 extremusque
691 2707 850 2764 (supra
887 2707 1032 2762 recte)
1062 2705 1161 2750 LR.
1345 2709 1371 2748 3
1410 2704 1659 2762 congeriem
1697 2702 1768 2747 ed.

166 2767 193 2807 ὅ
225 2763 411 2821 ueyebat
440 2763 483 2806 R
512 2779 612 2824 ary.
643 2779 680 2811 r.
807 2769 830 2808 ⁷
863 2769 1204 2822 contactumque
1234 2764 1283 2808 L.
1411 2767 1436 2808 9
1469 2761 1860 2820 inprovisaeadem

164 2821 266 2866 LR.
419 2827 475 2867 10
505 2829 547 2868 et
577 2825 659 2881 qui
687 2823 774 2867 LR
811 2829 855 2869 et
883 2838 1000 2880 quae
1031 2823 1102 2868 ed.
1257 2827 1312 2867 12
1352 2823 1456 2867 diro
1486 2821 1571 2865 LR
1611 2827 1653 2866 et
1681 2821 1725 2866 d.
1758 2835 1783 2864 ι·
1819 2826 1861 2865 et

165 2885 310 2927 taetro
341 2881 413 2926 ed.
538 2887 593 2926 18
623 2884 903 2928 horruerunt
930 2882 1020 2926 LR
1054 2883 1279 2928 Troianos
1308 2883 1428 2926 horr.
1453 2881 1549 2926 ed.1
1674 2883 1728 2923 1⁷
1759 2893 1859 2925 suc-

165 2954 316 2986 cessus
343 2940 431 2985 LR
459 2955 654 2987 secessus
682 2957 706 2985 r
737 2941 810 2986 ed.
918 2946 975 2986 28
1006 2946 1230 2987 remantes
1259 2940 1302 2984 R
1333 2955 1446 2986 corr.
1477 2955 1514 2984 r.
1623 2943 1677 2983 29
1709 2953 1860 2998 ynara

166 2999 210 3043 R
237 3013 413 3058 {marae
442 2999 480 3044 L
511 3014 586 3046 ore
615 3001 697 3046 hoc
727 3006 791 3046 est
821 3001 893 3045 ed.

28 2755 58 2902 AW*'⁴'⁴
40 2729 43 2737 “
