2014 3226
812 147 1116 191 AENEIDOS
1150 147 1190 189 V
1745 149 1852 201 503

155 303 274 335 voce
306 287 542 349 poscebat
566 288 618 333 in
644 287 901 334 auxilium.
966 287 1192 347 Iuppiter
1216 289 1530 347 omnipotens,
1562 290 1606 335 si
1637 289 1851 336 nondum

156 376 326 409 exosus
367 362 433 409 ad
470 376 625 408 unum
670 361 923 416 Troianos,
969 363 1014 408 si
1057 362 1175 421 quid
1212 363 1375 421 pietas
1423 363 1627 421 antiqua
1667 363 1854 409 labores

155 437 351 495 respicit
388 436 642 490 humanos,
682 435 748 481 da
786 436 1040 493 flammam
1081 436 1280 483 evadere
1320 436 1466 483 classi
1504 451 1648 491 nune,
1679 439 1839 495 pater,
1859 441 1946 479 690

157 513 199 557 et
237 511 394 556 tenuis
421 509 662 556 Teucrum
692 523 769 556 res
810 510 939 568 eripe
970 509 1084 556 leto:
1123 510 1390 570 conplexus
1424 512 1498 556 est
1530 510 1696 556 omnia
1730 526 1855 571 quae

108 600 131 632 5
157 598 245 645 pro
279 583 523 630 malorum
555 582 847 630 necessitate
882 583 1082 630 fuerant
1114 582 1439 644 postulanda3
1479 583 1643 630 tenuit
1674 585 1856 645 quippe

158 672 283 718 quae
340 657 404 704 ad
464 656 817 717 inpetrandum
878 656 1114 716 proficere
1173 656 1463 717 potuissent.
1568 658 1640 704 ait
1701 657 1858 721 igitur

156 730 408 792 Iuppiter:
450 730 582 791 quod
622 730 663 778 si
696 732 824 778 esset
864 730 1040 790 solum,
1080 731 1329 778 sufficeret
1367 731 1512 778 illum
1544 732 1858 779 nominatum

158 821 260 853 esse
309 805 395 866 qui
442 806 609 866 posset
656 803 908 862 auxiliari3
963 804 1158 851 addidit
1204 806 1539 866 omnipotens:
1592 805 1678 866 qui
1725 807 1858 853 enim

156 878 446 940 praestandi
491 878 644 925 habet
692 877 1026 926 substantiam
1064 878 1201 926 valet
1248 879 1401 926 etiam
1441 878 1667 926 difficilia
1707 882 1857 940 atque

90 970 134 1002 10
159 953 314 1000 ardua
354 968 619 1000 removere.
699 952 922 1000 restabat
960 955 1017 999 ut
1056 953 1230 1013 vellet3
1269 968 1369 1000 non
1409 954 1540 999 enim
1580 952 1860 1001 sufficiebat

157 1042 322 1088 posse,
372 1027 470 1073 nisi
526 1029 576 1074 et
615 1026 848 1074 voluntas
905 1026 1179 1074 accederet:
1233 1029 1537 1088 quapropter
1583 1027 1778 1074 addidit
1817 1027 1860 1075 si

157 1103 325 1148 tamen
366 1116 463 1148 non
497 1115 665 1148 omnes
705 1100 801 1147 tibi
840 1100 953 1148 odio
993 1115 1184 1158 sumus3
1226 1100 1372 1148 multi
1414 1101 1541 1147 enim
1583 1102 1692 1162 ipso
1726 1102 1858 1148 coni-

158 1176 304 1222 vente
327 1174 380 1221 in
406 1174 557 1223 Troia
581 1175 847 1237 perierant.
910 1174 1094 1222 idcirco
1120 1173 1247 1221 dixit
1272 1174 1312 1221 si
1338 1174 1555 1222 nondum
1588 1190 1761 1222 exosus
1796 1174 1860 1222 ad

157 1265 312 1295 unum
351 1249 618 1296 Troianos:
667 1248 801 1310 quod
840 1250 913 1296 ait
951 1248 1016 1295 ad
1053 1264 1232 1308 unum,
1278 1249 1370 1296 hoc
1418 1249 1640 1312 intellegi
1691 1249 1859 1296 debet:

29 1311 43 1320 ⁷
92 1338 134 1371 15
159 1322 202 1370 si
240 1338 339 1370 non
380 1322 534 1370 etiam
565 1339 643 1370 me
677 1322 830 1371 odisti
861 1325 912 1370 et
941 1338 1020 1370 me
1053 1338 1252 1384 quoque
1285 1338 1398 1370 cum
1430 1323 1604 1370 ceteris
1635 1324 1859 1370 infensus

157 1397 455 1458 insequeris,
503 1396 567 1444 da
613 1397 812 1444 recedat
850 1412 881 1444 a
919 1413 1030 1443 mea
1077 1397 1231 1444 classe
1278 1396 1577 1444 incendium.
1664 1396 1860 1443 addidit

159 1470 224 1518 ad
274 1470 679 1519 commovendam
732 1471 1100 1518 miserationem
1157 1472 1396 1533 egestatis
1444 1474 1494 1518 et
1547 1471 1859 1532 paupertatis

161 1544 445 1609 angustias,
486 1560 613 1606 quae
652 1560 1028 1607 nonnumquam
1067 1545 1222 1592 etiam
1267 1543 1583 1592 inimieorum
1621 1544 1860 1592 duritiam

31 1669 37 1683 f
159 1619 408 1668 molliunt.
486 1620 559 1666 vel
598 1622 650 1666 tu
697 1619 826 1679 quod
869 1621 1088 1679 superest
1131 1619 1305 1677 infesto
1351 1619 1559 1677 fulmine
1604 1621 1769 1673 morti,
1816 1619 1862 1666 si

34 1734 38 1745 .
91 1710 138 1742 20
161 1707 363 1748 mereor,
403 1693 588 1740 dimitte
626 1697 804 1753 tuaque
840 1693 919 1741 hic
957 1693 1104 1741 obrue
1135 1693 1333 1740 dextra:
1372 1708 1480 1740 ecce
1514 1693 1710 1754 aperuit
1743 1691 1864 1754 quid

24 1757 35 1884 i
162 1768 230 1815 sit
269 1767 402 1828 quod
442 1767 570 1814 dixit
608 1768 652 1815 si
690 1767 909 1815 nondum
948 1781 1121 1814 exosus
1162 1766 1226 1814 ad
1264 1783 1443 1829 unum3
1491 1767 1564 1813 ait
1603 1767 1735 1814 enim
1776 1768 1863 1827 aut

23 1886 35 1931 1

23 1987 36 2016 φ

162 1841 206 1889 si
246 1843 296 1888 et
335 1856 426 1904 ego
466 1857 566 1889 non
604 1841 1010 1904 mereorvivere⁷
1050 1856 1148 1888 non
1182 1841 1431 1888 excrucier
1461 1840 1623 1902 malis,
1661 1855 1861 1901 peream

162 1915 311 1963 semel
351 1916 402 1963 et
439 1915 680 1963 inteream
719 1915 929 1963 fulmine
967 1917 1070 1962 tuo.
1146 1914 1361 1962 libenter
1397 1930 1619 1976 peream,
1665 1915 1711 1962 si
1749 1914 1862 1962 dex-

23 2045 31 2073 ,
161 1991 269 2037 tera
319 1991 412 2036 tua
456 1989 583 2037 mihi
634 1990 904 2052 contigerit
952 1990 1092 2038 mori.
1182 1990 1264 2036 vix
1301 1989 1419 2036 haec
1468 1988 1698 2044 ediderat,
1753 2002 1861 2036 cum

20 2076 34 2121 ρ
94 2079 138 2112 25
163 2063 331 2124 effusis
368 2063 607 2111 imbribus
647 2066 760 2111 atra
797 2066 1051 2123 tempestas
1089 2064 1195 2111 sine
1241 2076 1374 2110 more
1418 2063 1545 2122 furit
1588 2064 1863 2122 tonitruque

162 2139 444 2186 tremiscunt
482 2137 646 2186 ardua
683 2141 930 2186 terrarum
970 2140 1012 2184 et
1049 2138 1225 2196 campi,
1265 2138 1369 2184 ruit
1405 2136 1592 2184 aethere
1622 2139 1715 2184 toto
1746 2139 1848 2183 tur·
1865 2139 1950 2179 695

162 2211 306 2260 bidus
336 2212 491 2259 imber
521 2226 654 2272 aqua
684 2211 942 2274 densisque
971 2212 1269 2271 niyerrimus
1301 2211 1484 2258 austris
1521 2210 1863 2270 implenturque

161 2300 311 2346 super
338 2299 547 2346 puppes,
599 2289 813 2334 semusta
850 2285 1135 2334 madescunt
1168 2284 1367 2340 robora,
1421 2285 1677 2332 restinctus
1715 2283 1863 2332 donec

18 2338 39 2442 ξ
163 2373 318 2420 vapor
366 2361 525 2407 omnis
571 2363 615 2407 et
659 2373 823 2408 omnes
865 2362 1093 2420 quattuor
1139 2360 1336 2406 amissis
1381 2361 1602 2406 servatae
1655 2373 1687 2406 a
1728 2360 1863 2417 peste

18 2444 34 2511 ξ
94 2449 141 2483 so
164 2435 390 2482 carinae:
435 2433 670 2481 meritum
707 2433 801 2482 hoc
846 2433 956 2481 loco
1002 2432 1252 2494 poscentis
1299 2431 1577 2481 ostenditur
1622 2433 1673 2479 et
1716 2431 1861 2479 bene·

286 2608 311 2647 3
344 2605 453 2660 post
483 2609 614 2660 pater
645 2616 726 2647 sex
755 2602 945 2647 litterae
977 2615 1138 2646 erasae
1168 2601 1218 2645 in
1243 2602 1278 2644 L
1302 2601 1423 2646 nihil
1455 2601 1601 2645 deest.
1707 2604 1730 2642 7
1761 2600 1861 2655 suf-

163 2663 322 2717 ficerat
351 2663 438 2706 LR
475 2663 716 2718 suffecerat
752 2677 778 2706 1·
809 2662 881 2706 6(1.
1034 2665 1061 2705 8
1093 2661 1229 2706 addit
1264 2661 1336 2704 ed.
1491 2665 1546 2704 12
1576 2660 1863 2704 conveniente

165 2721 254 2769 LR
285 2721 357 2766 ed.
389 2722 620 2766 conivente
651 2721 724 2766 ed.
757 2722 879 2778 post.
1019 2725 1074 2764 16
1107 2721 1170 2765 da
1200 2719 1287 2763 LR
1317 2720 1379 2763 da
1410 2725 1463 2764 ut
1493 2718 1565 2763 ed.
1698 2722 1752 2761 21
1786 2732 1861 2762 eae-

164 2795 319 2826 cossus
348 2780 391 2824 R
421 2795 636 2826 excussus
666 2780 701 2824 L
733 2783 894 2837 (supra.
925 2781 1115 2837 eoeosus).
1239 2783 1415 2823 21-22
1448 2783 1532 2823 aut
1561 2778 1605 2822 si
1634 2781 1678 2822 et
1706 2775 1792 2820 LR
1821 2777 1864 2821 si

165 2839 240 2885 ed.
333 2841 777 2885 22n0neoecrucier
805 2839 894 2882 LR
925 2838 1139 2883 danee.
1164 2837 1236 2882 ed.
1265 2836 1544 2894 {malisLR
1573 2840 1725 2881 totm.
1750 2835 1822 2880 ed
1852 2836 1858 2894 Ι

160 2913 346 2956 peream
375 2899 465 2944 LR.
500 2900 579 2944 sed
602 2899 763 2956 potius
787 2913 836 2955 p.
869 2898 941 2942 ed.
1094 2901 1151 2941 23
1177 2910 1361 2954 peream
1391 2895 1479 2939 LR
1509 2896 1668 2953 peribo
1699 2893 1774 2940 ed.

169 2962 226 3002 24
257 2958 531 3016 continyerit
558 2958 608 3003 L.
732 2962 790 3002 26
821 2961 1093 3003 tremescunt
1122 2956 1162 3000 R
1195 2970 1310 3001 corr.
1341 2970 1366 2999 r
1388 2976 1445 2992 =
1445 2953 1519 2999 L.
1660 2995 1662 2997 ,
