2014 3226
192 178 299 230 338
658 175 889 220 DONATI
919 175 1203 221 INTERPR.
1234 174 1412 218 VERG.

191 318 343 365 tinuit
382 318 570 364 malum
604 316 734 377 quod
767 315 970 377 navigia
1002 314 1290 376 inplicabat.
1354 315 1567 362 tollimur
1604 316 1659 362 in
1697 316 1885 363 caelum

102 397 188 437 565
207 396 401 439 curvato
431 393 619 450 yurqitc
652 393 694 437 et
723 391 848 437 idem
879 388 1116 436 subducta
1147 389 1214 436 ad
1251 390 1413 435 manis
1450 389 1572 436 imos
1611 389 1885 436 desedimus

190 467 350 512 unda:
390 465 769 524 descriptionem
809 464 927 509 fecit
969 461 1240 524 Charybdis
1281 462 1547 509 secundum
1582 461 1762 509 Heleni
1801 462 1881 509 de-

190 541 575 599 nuntiationem3
637 538 783 584 factis
830 538 991 597 primo
1037 537 1221 597 quippe
1260 535 1526 582 verticibus
1565 536 1733 599 pelagi
1772 551 1881 583 cum

192 613 312 674 ipsis
352 612 563 658 navibus
604 610 667 658 ad
707 611 898 658 caelum
938 613 1230 658 exaestuans
1270 609 1403 656 unda
1434 610 1674 670 pervenit,
1707 609 1881 657 dehinc
1927 624 1948 657 5

190 702 412 733 remeans
453 687 505 731 in
546 684 863 731 altitudinem
903 683 1177 731 demersam
1215 685 1472 731 revocatas
1514 683 1735 730 adduxit.
1814 687 1883 731 ter

191 761 374 819 scopuli
414 760 670 806 clamorem
707 759 832 806 inter
871 772 993 805 cava
1032 772 1156 805 sama
1195 758 1386 812 dedere,
1428 761 1498 804 ter
1535 771 1760 816 spumam
1800 757 1881 806 eli-

188 849 295 880 sam
336 836 379 880 et
415 834 639 880 rorantia
676 833 887 879 vidimus
928 835 1089 880 astra:
1126 832 1228 878 tale
1269 833 1434 878 fuerat
1467 831 1670 891 malum,
1701 833 1758 878 ut
1788 831 1881 879 hoc

190 909 378 955 constet
435 922 533 953 non
589 906 739 953 semel
785 906 1024 964 valuisse,
1080 905 1163 953 sed
1211 906 1429 966 saepius,
1483 907 1723 966 tantaque
1776 907 1880 953 eius

187 981 350 1027 fuerat
403 980 501 1039 vis,
555 982 612 1026 ut
659 995 829 1028 sereno
878 980 1013 1027 caelo
1062 982 1198 1027 astra
1245 979 1522 1026 videremus
1569 980 1622 1025 in
1668 978 1880 1027 nubibus
1906 993 1950 1026 ιο
1978 1008 1989 1044 -4

187 1054 431 1114 rorantia,
479 1054 596 1100 dum
636 1053 699 1101 ad
737 1054 938 1116 plenum
977 1053 1196 1101 redirent
1234 1052 1395 1100 undae
1436 1068 1558 1114 quas
1597 1054 1882 1101 metaverat

189 1127 475 1189 Charybdis.
552 1130 737 1175 interea
774 1129 925 1188 fessos
964 1131 1132 1174 ventus
1172 1141 1279 1174 com
1315 1128 1412 1174 sole
1450 1126 1658 1186 reliquit,
1697 1128 1880 1186 iqnari-

188 1217 275 1260 que
321 1203 430 1249 viae
473 1201 732 1262 Cyclopum
779 1202 1059 1250 adlabimur
1105 1203 1228 1248 oris:
1281 1203 1395 1261 post
1440 1201 1716 1262 periculum
1757 1199 1880 1247 Oha-
1984 1258 1986 1262 Ι

186 1276 354 1337 rybdis
411 1275 588 1332 delati,
641 1275 829 1337 inquit⁷
885 1291 1053 1323 sumus
1102 1274 1165 1322 ad
1211 1275 1433 1322 monstra
1485 1276 1555 1335 et,
1611 1275 1728 1336 quia
1781 1274 1881 1322 dici
1972 1271 1974 1273 ’

186 1351 352 1410 potuit
399 1365 485 1396 cur
531 1349 812 1396 tendebatis
861 1349 924 1397 ad
970 1349 1091 1396 haec
1136 1349 1246 1396 loca
1297 1365 1423 1410 quae
1478 1349 1633 1396 saluti
1685 1351 1878 1396 vestrae
1905 1363 1950 1396 15
1972 1370 1990 1389 1

186 1426 454 1485 potuerunt
494 1438 598 1470 esse
640 1421 924 1471 contraria?
978 1425 1084 1484 ipse
1123 1423 1255 1470 ultro
1294 1437 1411 1470 usus
1453 1424 1766 1470 excusatione
1806 1423 1881 1469 est
1982 1430 1983 1434 ’

185 1497 510 1559 praetendens
557 1497 779 1545 locorum
827 1499 876 1545 et
923 1494 1119 1544 viarum
1161 1498 1527 1559 ignorationem
1567 1499 1617 1544 et
1655 1496 1880 1543 tenebra-

185 1588 295 1618 rum
334 1573 493 1619 noctis
521 1608 866 1618 ..........

99 1650 184 1689 570
298 1645 463 1692 Huius
520 1645 815 1693 describitur
862 1645 1008 1693 situs:
1061 1647 1238 1704 portus
1286 1645 1346 1692 ab
1393 1659 1587 1693 accessu
1631 1646 1880 1691 ventorum

185 1720 395 1767 inmotus
450 1722 493 1765 ct
543 1721 711 1778 inqens
765 1721 888 1779 ipse,
941 1720 1027 1766 sed
1069 1720 1311 1778 horrificis
1356 1720 1496 1767 iuoeta
1541 1721 1676 1766 tonat
1717 1716 1880 1765 Aetna
1903 1731 1947 1765 so
1978 1723 1979 1726 ’

186 1794 349 1840 ruinis
401 1794 737 1853 interdumque
791 1797 952 1840 atram
1005 1794 1288 1853 prorumpit
1340 1793 1406 1840 ad
1459 1793 1653 1841 aethera
1705 1791 1880 1839 nubem
1967 1823 1969 1825 -

188 1867 378 1914 turbine
408 1868 678 1926 fumantem
701 1869 839 1927 piceo
873 1871 916 1915 et
945 1867 1177 1916 candente
1213 1866 1390 1927 favilla
1429 1865 1691 1925 attollitque
1717 1866 1880 1925 ylobos

98 1946 184 1986 575
201 1942 516 1998 flammarum
554 1943 598 1988 et
633 1943 798 1989 sidera
837 1942 1029 1997 lambit,
1074 1941 1319 1988 interdum
1356 1941 1575 2001 scopulos
1614 1940 1880 1999 avulsaque
1966 1940 1971 1966 ⁴

186 2015 373 2062 viscera
410 2015 586 2062 montis
625 2017 764 2075 eriqit
803 2018 1027 2063 eructans
1064 2016 1416 2075 liquefactaque
1449 2029 1574 2062 saxa
1603 2014 1693 2062 sub
1725 2027 1880 2061 auras

187 2102 295 2135 cum
337 2089 516 2148 qemitu
558 2090 795 2149 qlomerat
837 2090 1085 2150 fundoque
1132 2091 1379 2137 exaestuat
1422 2090 1532 2136 imo,
1610 2087 1727 2134 dum
1768 2087 1879 2135 vult
1902 2091 1969 2141 2⁵3

187 2161 434 2222 praedicti
471 2164 644 2224 portus
682 2162 814 2210 bona
852 2163 1082 2224 malaque
1114 2178 1333 2223 narrare,
1363 2161 1540 2210 habuit
1571 2162 1877 2209 occasionem

185 2236 245 2281 ut
282 2234 474 2283 Aetnae
522 2252 716 2298 quoque
761 2236 1008 2298 flammas,
1054 2237 1247 2297 ruinas,
1294 2238 1459 2284 motus
1506 2234 1774 2283 horrendos
1820 2250 1876 2282 ac
1979 2291 1981 2293 ¹

187 2310 379 2357 sonitus
420 2311 470 2356 et
509 2311 837 2358 eructationes
875 2310 1059 2358 fumosi
1095 2310 1314 2359 incendii
1352 2309 1664 2358 describeret.
1735 2310 1877 2368 fama
1956 2343 1974 2346 --

187 2386 255 2429 est
299 2383 538 2430 fflieeladi
590 2386 872 2432 semiustum
924 2385 1131 2445 fulmine
1184 2398 1358 2444 corpus
1410 2385 1576 2444 urqeri
1621 2383 1743 2432 mole
1786 2383 1878 2431 hac
1969 2378 1998 2430 s

305 2572 330 2611 2
363 2569 673 2611 inanissimam
705 2568 804 2612 LR.
856 2570 862 2625 Ι
919 2569 1170 2613 desedimus
1200 2567 1236 2611 L
1275 2568 1531 2613 desedemus
1567 2567 1610 2611 R
1647 2567 1876 2611 descendi-

184 2640 285 2670 mus
316 2626 386 2669 ed.
511 2631 536 2670 6
568 2632 795 2672 revocatos
826 2627 897 2672 ed.
1021 2631 1046 2671 9
1079 2632 1248 2672 constet
1276 2633 1319 2672 et
1347 2626 1433 2670 LR
1464 2627 1535 2670 ed.
1576 2632 1619 2671 et
1648 2625 1814 2670 delevi.

187 2690 243 2728 10
273 2685 395 2730 vi‘sui
417 2684 504 2728 LR
533 2686 604 2730 vis
624 2690 677 2730 ut
708 2686 778 2730 ed.
882 2691 934 2730 11
967 2701 1046 2732 ror
1046 2687 1212 2732 antiad
1234 2686 1322 2730 LR
1351 2686 1564 2730 rorantia
1587 2691 1639 2730 ut
1662 2685 1725 2729 ad
1753 2699 1778 2728 r
1801 2684 1872 2728 ed.

184 2758 221 2787 r.
255 2745 365 2789 dum
396 2745 458 2788 ad
488 2758 585 2789 nos.
695 2749 750 2788 17
783 2747 987 2790 tenebras
1017 2746 1088 2790 ed.
1121 2747 1242 2801 post
1348 2749 1404 2789 18
1433 2746 1543 2801 post
1572 2745 1716 2789 noctis
1745 2743 1874 2787 lacu-

184 2815 294 2846 nam
333 2803 516 2860 signavi
554 2804 679 2871 (post
717 2804 851 2862 iynor
852 2806 1049 2850 ationem
1081 2805 1354 2849 asteriscum
1383 2803 1543 2860 posuit
1573 2803 1644 2847 ed.
1679 2801 1768 2846 del.
1801 2802 1874 2846 ed.
1941 2845 1943 2848 ,
1988 2799 1989 2808 ’

185 2863 338 2919 postq)
371 2862 484 2918 quia
515 2861 743 2906 excidisse
773 2865 908 2919 patet
939 2865 987 2908 et
1015 2863 1141 2907 unde
1172 2863 1457 2908 tenebrarum
1487 2864 1632 2907 noctis
1667 2861 1874 2918 pendeat
1945 2898 1948 2899 γ
1988 2883 1989 2886 =

186 2922 234 2965 et
265 2935 356 2977 quo
387 2922 526 2966 huius
555 2920 796 2965 referatur.
935 2927 988 2966 21
1022 2924 1201 2967 ruimus
1230 2922 1274 2965 R
1302 2923 1456 2966 ruinis
1484 2936 1520 2965 r.
1650 2925 1708 2964 24
1739 2933 1874 2964 aures

184 2978 227 3022 R
258 2993 372 3023 corr.
403 2994 439 3023 r.
579 2984 634 3023 29
666 2982 932 3026 semitistum.
964 2981 1070 3025 LR:
1102 2980 1304 3025 uncialis
1335 2980 1522 3024 littera-e
1553 2994 1587 3024 u
1618 2982 1690 3037 (a)
1721 2979 1876 3023 forma.
1941 2986 1943 2991 ’
