2014 3226
202 140 270 191 32
666 137 896 179 11οΝΑἹῚ
926 135 1211 178 INTERPR.
1242 135 1421 181 VERG.

201 281 390 340 partem
433 279 709 325 niterentur
748 276 1102 339 gubernatores
1142 277 1240 338 ipsi
1279 275 1538 335 nescirent,
1579 291 1634 322 eo
1676 276 1889 336 amplius

200 353 421 399 tonitrua
485 351 839 398 emittebantur
893 352 943 396 et
996 350 1218 413 fulgura,
1280 351 1338 396 ut
1397 350 1528 396 inter
1588 348 1889 411 multiplices

204 428 363 474 metus
404 426 606 472 Troiani
644 423 985 485 desperatione
1026 423 1236 485 possessi
1275 423 1402 470 nihil
1451 423 1587 470 aliud
1635 426 1890 484 sperarent

115 507 169 543 90
204 516 353 561 quam
386 501 607 546 mortem.
663 498 844 544 ideirco
878 497 1005 544 dixit
1034 499 1285 544 intonuere
1310 498 1418 556 poli
1458 501 1501 544 et
1537 498 1715 544 crebris
1746 499 1893 545 micat

203 575 398 633 mnibus
438 573 597 619 aether
626 575 1022 630 praesentemque
1060 568 1185 618 viris
1216 573 1455 618 ‘intentant
1485 572 1648 618 omnia
1679 574 1890 619 morte-m.

202 650 332 694 inter
379 647 497 693 haec
539 646 699 706 qualis
741 644 1066 708 cogitationes
1106 645 1335 692 habuerit
1373 644 1566 692 Aeneas
1605 639 1686 692 vel
1733 646 1891 692 cuius-

204 721 338 767 modi
378 720 540 766 animo
582 721 731 780 atque
772 734 974 779 corpore
1015 720 1222 766 senserit
1254 718 1432 780 pathos
1464 721 1613 780 poeta
1645 718 1891 766 describit.

205 796 276 841 ait
326 795 453 840 enim
504 794 730 852 ecetemplo
770 791 965 840 Aeneae
1009 793 1263 840 solvuntur
1300 794 1483 852 frigore
1521 794 1749 847 membra,
1789 791 1891 853 [in-

201 870 347 928 ¹(semis
393 871 436 915 et
481 868 689 926 duplicis
732 867 928 914 tendens
975 868 1040 914 ad
1077 868 1242 914 sidera
1272 867 1473 926 palmas
1513 867 1634 914 talia
1672 881 1781 914 voce
1818 881 1892 913 re-

201 941 346 1001 fertl:
403 941 489 987 alii
543 942 701 1003 frigus
757 956 847 1001 pro
894 942 1072 988 timore
1119 941 1419 1004 intellegunt
1464 942 1705 1002 positum,
1762 940 1893 1002 quod

205 1019 376 1062 contra
416 1017 511 1074 est3
551 1031 668 1062 nam
708 1017 751 1061 si
789 1014 960 1062 timuit
991 1015 1184 1062 Aeneas
1224 1017 1449 1075 mortem,
1483 1014 1776 1078 derogatum
1815 1016 1890 1063 est

202 1090 381 1137 virtuti
427 1104 484 1136 ac
530 1090 720 1135 meritis
768 1090 885 1136 eius.
963 1089 1122 1152 frigus
1171 1105 1288 1152 ergo
1337 1089 1464 1136 dixit
1510 1090 1708 1150 proprie
1761 1089 1893 1150 quod

203 1162 497 1210 nascebatur
536 1178 634 1210 non
674 1178 731 1209 ex
771 1177 887 1210 casu
927 1162 1326 1210 evidentissimae
1365 1164 1558 1223 mortis,
1591 1162 1675 1210 sed
1715 1178 1773 1210 ex
1803 1162 1894 1210 leti

205 1253 400 1300 genere,
458 1237 590 1297 quod
637 1237 890 1284 cruciabat
937 1238 1158 1283 animum
1204 1236 1300 1285 viri
1348 1238 1493 1284 fortis
1547 1238 1635 1298 qui
1690 1236 1895 1299 optabat

203 1311 415 1374 gloriose
455 1311 505 1356 in
546 1326 718 1372 campo
760 1310 1045 1358 occumbere
1079 1327 1228 1372 quam
1258 1311 1549 1374 ignobiliter
1579 1312 1632 1358 in
1663 1309 1892 1358 fiuctibus

201 1386 418 1434 interire.
495 1387 625 1432 recte
675 1400 790 1448 ergo
838 1400 937 1432 non
974 1386 1225 1446 timorem,
1277 1385 1362 1432 sed
1401 1401 1575 1432 verum
1613 1385 1772 1448 frigus
1812 1383 1893 1432 de-

203 1458 374 1505 bemus
423 1459 732 1522 intellegere,
786 1458 917 1520 quod
964 1458 1216 1506 oriebatur
1263 1475 1319 1506 ex
1365 1462 1443 1507 tot
1490 1459 1709 1507 adversis
1766 1474 1894 1520 quae

208 1533 426 1594 corporis
467 1533 653 1580 calores
693 1534 1018 1580 extinxerant.
1081 1532 1259 1594 incipit
1296 1535 1398 1580 iam
1437 1533 1631 1581 dolores
1670 1548 1783 1581 suos
1815 1548 1894 1579 ex-

204 1607 437 1667 primere,
500 1609 557 1653 ut
612 1608 852 1668 appareat
915 1606 1036 1668 quid
1090 1609 1143 1653 in
1203 1607 1305 1655 illis
1369 1607 1602 1669 periculis
1665 1609 1895 1670 gemeret.

206 1694 232 1727 0
271 1683 431 1740 terque
471 1684 731 1740 quaterque
771 1682 910 1735 beati,
951 1680 1044 1728 hoc
1085 1682 1160 1728 est
1196 1681 1526 1728 multifariam
1566 1681 1748 1728 felices.
1822 1680 1895 1728 di·

118 1759 172 1797 95
205 1755 384 1801 cuntur
436 1755 538 1800 iam
592 1770 768 1802 causae
823 1770 909 1802 cur
961 1755 1162 1802 tantum
1214 1755 1405 1803 felices:
1467 1756 1575 1815 quis
1637 1758 1747 1802 ante
1808 1768 1898 1802 ora
1949 1777 1960 1782 -

197 1830 415 1887 patrum.
479 1844 536 1875 ex
574 1829 636 1876 iis
677 1845 802 1889 quae
843 1829 1057 1876 secundo
1096 1828 1224 1877 libro
1264 1830 1451 1890 scripta
1491 1831 1628 1889 sunt,
1675 1829 1897 1876 conicere

206 1915 466 1963 possumus
502 1901 681 1950 Politis
720 1903 863 1949 illum
900 1903 1075 1951 fecisse
1105 1904 1409 1951 mentionem
1441 1903 1526 1965 qui
1559 1904 1672 1950 ante
1703 1904 1898 1964 patrem

208 1989 350 2022 suum
395 1974 650 2022 Priamum
695 1975 876 2037 Pyrrhi
922 1976 1069 2024 caede
1115 1977 1393 2038 procubuit.
1471 1979 1522 2024 et
1569 1976 1687 2038 quia
1730 1978 1896 2038 patria

207 2049 400 2111 potiore
439 2049 547 2097 loco
587 2050 718 2097 inter
753 2053 1001 2112 parentes*
1022 2052 1326 2112 numeratur,
1362 2051 1553 2106 Troiae,
1589 2051 1767 2112 inquit,
1803 2051 1896 2098 sub

207 2123 457 2170 moenibus
511 2124 645 2178 altiss„
701 2124 794 2171 hoc
848 2126 923 2172 est
976 2140 1087 2172 cum
1149 2125 1310 2173 adhuc
1373 2124 1588 2173 altitudo
1646 2125 1898 2172 moenium

209 2197 378 2243 staret.
456 2198 651 2256 eovztiqit
687 2201 916 2257 oppetere,
955 2197 1007 2244 id
1047 2201 1123 2246 est
1160 2199 1377 2262 contigit>
1409 2199 1634 2261 interire,
1687 2199 1899 2259 relique-

209 2272 329 2316 runt
361 2271 492 2316 enim
526 2271 838 2332 incolumem,
871 2272 1006 2333 quod
1043 2271 1172 2320 bono
1213 2274 1311 2321 civi
1350 2272 1621 2336 gloriosum
1659 2272 1899 2320 solacium

210 2345 284 2391 est
314 2344 367 2390 in
399 2344 608 2391 interitu
643 2360 747 2405 suo,
777 2346 1030 2408 integrum
1069 2348 1255 2394 statum
1297 2347 1517 2395 civitatis
1555 2345 1785 2409 propriae
1823 2361 1897 2393 re-

209 2416 427 2476 liquisse.
507 2418 621 2465 altis
661 2434 776 2482 ergo
815 2420 998 2480 posuit,
1038 2422 1095 2467 ut
1134 2420 1414 2468 ostenderet
1452 2422 1701 2484 integram
1739 2419 1899 2468 adhuc

330 2590 354 2628 2
387 2561 686 2631 mittebantur
713 2588 784 2631 ed.
814 2592 820 2644 Ι
859 2594 911 2632 ut
940 2589 1027 2635 LR
1057 2595 1099 2634 et
1127 2595 1181 2633 ut
1211 2589 1282 2635 ed.
1405 2595 1431 2634 8
1465 2590 1724 2648 inqenzit—
1744 2593 1799 2637 10
1829 2602 1898 2634 νεΑ
1947 2566 1970 2589 ²

210 2645 301 2698 fer-t
333 2644 465 2688 deest
494 2645 544 2688 in
576 2645 683 2700 LR,
724 2647 806 2690 sed
823 2648 1007 2692 -verbis-
1024 2649 1189 2706 incipit
1205 2675 1262 2683 -
1276 2654 1465 2708 gemeret
1503 2648 1777 2706 explicatur.
1859 2669 1879 2682 1-

214 2707 269 2747 13
309 2703 394 2748 levi
432 2703 518 2747 LR
557 2705 628 2748 ed.
669 2706 749 2750 leti
782 2720 822 2749 v.
849 2706 894 2751 d.
919 2706 1109 2751 Hoeven
1145 2723 1190 2764 p.
1217 2711 1280 2751 50.
1314 2707 1556 2752 conferens
1594 2712 1645 2762 6,
1680 2711 1804 2751 1⁸1&-
1847 2715 1885 2740 ε*
1951 2712 1968 2725 ·’

214 2766 277 2804 14
309 2763 495 2818 optabat
524 2763 610 2806 LR
643 2777 680 2807 o.
707 2765 867 2820 potius
896 2766 967 2809 ed.
1093 2770 1147 2810 18
1179 2767 1473 2812 extimerant
1502 2766 1593 2810 LR.
1619 2762 1900 2811 extorserant

214 2820 294 2863 edI
325 2826 487 2866 extors.
518 2835 597 2866 seu
628 2825 798 2867 eoete'nx.
833 2824 942 2868 edF.
1053 2830 1106 2868 19
1139 2826 1252 2882 quid
1281 2826 1369 2869 LR,
1399 2826 1519 2882 quod
1551 2825 1622 2868 ed.
1718 2830 1900 2869 ὨΙ-’θην

212 2884 391 2923 tantum
423 2881 575 2934 felices
606 2895 694 2925 om.
729 2882 800 2925 ed.
930 2887 986 2926 22
1019 2885 1079 2928 iis
1110 2884 1196 2928 LR
1225 2885 1299 2929 his
1327 2885 1399 2928 ed.
1538 2885 1598 2927 26
1627 2884 1896 2929 adhuc-onia

213 2937 284 2981 ed.
406 2943 463 2982 28
495 2941 614 2984 enim
645 2940 730 2983 LR
761 2955 864 2999 erqo
896 2942 968 2986 ed.
1427 2974 1430 2977 -
1487 2978 1491 2980 -
1579 2973 1583 2976 -
1635 2975 1638 2977 Α
1675 2950 1699 2977 Ἀ

1919 958 1981 990 102

1919 1327 1981 1360 1-5*

1921 2065 1987 2100 25⁶
