2014 3226
767 160 1068 204 AENEIDOS
1101 161 1121 204 Ι
1687 163 1711 212 1
1725 163 1790 215 19

98 303 257 352 laudis
305 301 610 363 multiplicat
657 300 823 349 dicens
870 301 1011 363 urbe,
1060 300 1204 349 domo
1253 302 1425 350 socias.
1505 301 1791 349 abundabat

98 381 265 425 autem
312 376 374 423 ad
420 376 789 422 humanitatem
835 375 1293 436 demonstrandam,
1348 375 1391 423 si
1436 377 1489 422 in
1537 377 1791 424 civitatem

97 452 307 499 fuissent
352 451 592 511 suscepti:
655 450 872 510 suscepti
918 451 1034 498 sunt
1079 450 1338 497 voluntate
1386 449 1597 498 Didonis
1648 453 1792 498 tanta

97 524 428 587 benignitate,
475 525 532 570 ut
576 523 689 572 illos
737 538 836 570 non
882 525 1080 570 tantum
1119 525 1173 571 in
1211 524 1487 586 hospitium
1526 524 1612 571 sed
1651 526 1700 572 et
1738 525 1791 571 in

53 614 74 648 5
99 599 350 648 societatis
391 597 590 645 foedera
629 599 920 646 vocavisset.
998 597 1113 645 hinc
1152 599 1254 646 iam
1294 598 1439 646 docet
1478 600 1626 661 poeta
1665 613 1794 660 quae

98 674 198 722 sint
236 671 454 720 curanda
500 673 554 719 in
599 671 844 719 laudibus.
923 687 1040 719 nam
1078 673 1305 733 inparem
1345 688 1395 720 se
1435 672 1487 719 in
1525 674 1791 734 reciprocis

95 745 418 808 rependendis
452 745 623 793 debuit
653 744 1006 807 demonstrare,
1031 746 1116 793 sed
1149 761 1261 794 cum
1291 747 1384 794 hoc
1416 747 1570 795 vellet
1601 748 1792 808 exequi,

95 821 288 868 invenit
321 821 644 880 occasionem,
668 835 757 867 nec
789 822 957 868 tamen
983 835 1013 867 a
1035 820 1342 869 laudationis
1369 820 1532 869 officio
1559 821 1792 881 alienam,

97 909 196 957 qua
234 894 610 942 multitudinem
651 910 852 955 quoque
892 894 1136 942 Troianae
1176 894 1339 957 gentis
1378 895 1625 955 laudaret,
1666 910 1792 956 quae

32 984 75 1018 ιο
97 984 185 1030 per
231 968 399 1016 orbem
444 984 618 1030 sparsa
664 969 797 1030 apud
846 967 1201 1032 Carthaginem
1254 971 1308 1016 in
1361 984 1566 1017 numero
1614 970 1793 1033 exiguo

94 1043 206 1090 fuit.
283 1042 467 1090 idcirco
523 1044 597 1090 ait
645 1046 810 1103 grates
853 1044 1131 1102 persolvere
1184 1044 1362 1103 diynas
1415 1058 1515 1091 non
1568 1045 1673 1104 opis
1727 1046 1796 1091 est

93 1120 308 1172 nostrae,
350 1117 504 1172 Dido,
550 1131 636 1165 nee
682 1118 910 1177 quicquid
954 1118 1131 1178 ubique
1178 1121 1244 1165 est
1286 1119 1443 1178 yentis
1481 1118 1793 1172 Dardaniae,

94 1205 327 1250 maynum
365 1206 489 1251 quae
526 1206 706 1251 sparsa
736 1206 831 1251 per
869 1192 1044 1239 orbem.
1106 1207 1281 1253 neque,
1312 1193 1493 1254 inquit,
1524 1207 1614 1240 nos
1646 1193 1794 1253 pauci

96 1266 284 1328 gratias
332 1266 641 1327 conpetentis
688 1266 871 1313 referre
918 1281 1179 1327 possumus
1225 1265 1475 1314 beneficiis
1529 1268 1654 1326 tuis,
1709 1265 1795 1314 sed

30 1353 72 1388 ιε
95 1354 184 1387 nec
231 1354 399 1387 omnes
447 1341 628 1400 nostri,
675 1342 717 1387 si
765 1356 823 1387 ex
869 1341 977 1388 toto
1019 1339 1135 1388 orbe
1176 1340 1262 1402 qui
1301 1341 1462 1402 sparsi
1500 1342 1616 1389 sunt
1656 1340 1794 1388 colli-

95 1415 291 1476 gantur.
377 1415 448 1461 die:
494 1415 599 1470 tibi,
645 1416 692 1462 si
730 1429 828 1475 qua
857 1416 974 1474 pios
1010 1418 1281 1474 respectant
1316 1416 1546 1471 numina,
1592 1416 1638 1462 si
1676 1413 1794 1472 quid

93 1501 302 1547 usquam
346 1490 564 1536 iustitiae
610 1492 679 1536 est
725 1491 768 1536 et
810 1503 944 1536 mens
991 1490 1086 1536 sibi
1132 1490 1323 1536 conseia
1367 1490 1505 1544 recti,
1544 1490 1776 1548 praemia
1794 1492 1881 1534 605

94 1562 246 1622 diqna
282 1563 468 1620 ferant:
508 1564 745 1624 quoniam
783 1562 1033 1611 beneficiis
1072 1564 1173 1610 tuis
1212 1563 1383 1611 multis
1426 1565 1475 1610 et
1512 1563 1708 1626 magnis
1742 1564 1792 1609 et

95 1635 431 1699 singularibus
465 1639 614 1698 atque
645 1638 699 1684 in
728 1639 986 1684 aeternum
1015 1636 1352 1699 praeferendis
1385 1637 1632 1684 humanae
1656 1637 1793 1685 vocis

29 1725 74 1759 ιο
97 1709 336 1771 obsequia
384 1726 599 1775 congrue
645 1710 944 1773 respondere
983 1726 1084 1759 non
1123 1714 1351 1774 possunt,
1397 1711 1637 1759 habemus
1677 1709 1792 1758 deos

96 1785 183 1845 qui
219 1783 317 1831 tibi
355 1801 445 1847 pro
486 1785 628 1833 nobis
670 1800 795 1847 quae
834 1785 1038 1834 mereris
1080 1786 1326 1834 exolvant.
1395 1787 1496 1848 ipsi
1534 1786 1667 1832 enim
1705 1785 1793 1831 hu.-

94 1873 266 1906 manos
315 1862 454 1907 actus
502 1862 552 1908 et
596 1858 902 1922 perpendere
947 1860 1128 1908 iustius
1175 1862 1388 1922 possunt
1441 1862 1492 1907 et
1538 1859 1794 1921 aequitate

95 1931 383 1981 discernere.
463 1933 654 1982 accedit
693 1934 822 1982 alter
858 1934 996 1983 locus
1035 1934 1221 1982 laudis:
1261 1948 1385 1994 quae
1430 1938 1474 1982 te
1518 1937 1620 1981 tam
1665 1933 1794 1980 laeta

95 2006 310 2055 &ulerunt
360 2008 592 2056 saecula?
669 2007 872 2070 quibus,
918 2009 1107 2070 inquit,
1162 2008 1371 2056 saeculis
1417 2010 1475 2055 tu
1523 2008 1630 2056 sola
1675 2007 1793 2054 talis

29 2095 73 2130 ιε
95 2081 356 2143 provenire
394 2080 656 2130 meruisti?
713 2082 807 2130 hoc
846 2083 922 2130 est
959 2082 1120 2130 dicere
1153 2098 1243 2130 cur
1272 2098 1373 2130 non
1405 2085 1455 2130 et
1485 2082 1575 2130 alii
1607 2081 1794 2130 similes

66 2212 69 2214 ,
96 2156 206 2203 nati
235 2153 385 2203 sunt?
440 2156 534 2204 hoc
565 2158 642 2205 est
673 2156 807 2218 quod
839 2158 890 2204 et
921 2158 1147 2218 superius
1180 2155 1309 2204 dixit
1332 2172 1391 2218 „o
1425 2156 1531 2205 sola
1562 2154 1794 2203 infandos

96 2228 275 2278 Troiae
313 2231 550 2279 miserata
588 2227 828 2279 labores“.
890 2231 984 2279 hoc
1023 2230 1135 2278 vult
1166 2230 1358 2279 occulte
1390 2231 1646 2292 disputare
1669 2229 1794 2277 Ver-

97 2303 269 2366 gilius,
316 2305 628 2353 saeculorum
673 2320 777 2354 esse
823 2306 885 2352 ut
930 2305 1010 2353 vel
1055 2305 1174 2353 boni
1219 2305 1299 2353 vel
1345 2305 1468 2352 mali
1509 2305 1794 2363 nascantur,

96 2376 225 2424 unde
273 2380 485 2440 apparet
530 2378 740 2427 dicentis
786 2379 1024 2440 intentio,
1073 2380 1161 2440 qui
1205 2379 1299 2427 hoc
1347 2381 1487 2442 cupit
1537 2377 1793 2427 adstruere

22 2464 76 2502 to
99 2452 376 2512 quaerendo
425 2453 625 2500 saecula
672 2451 850 2514 quibus
898 2452 1030 2501 Dido
1076 2452 1194 2501 talis
1242 2454 1409 2516 potuit
1453 2453 1612 2513 nasci,
1661 2451 1794 2514 quia,

26 2662 35 2680 „
218 2627 241 2666 1
275 2623 544 2667 abundabat
574 2623 660 2666 LR
700 2623 967 2668 ambulabat
997 2624 1070 2668 ed.
1223 2628 1251 2667 4
1282 2624 1360 2668 sed
1390 2628 1432 2668 et
1462 2623 1551 2666 LR
1587 2636 1622 2668 s.
1655 2623 1795 2668 etiam

25 2683 66 2744 5*
98 2679 170 2726 ed.
229 2741 258 2750 ..
292 2686 318 2725 6
349 2688 458 2727 sunt
488 2682 560 2727 ed.
686 2686 711 2726 7
742 2682 1071 2752 respondendis
1100 2683 1155 2727 R.
1279 2687 1305 2726 9
1338 2696 1512 2740 quoque
1542 2695 1632 2726 om.
1659 2681 1761 2750 ed..

28 2778 36 2801 ;
67 2782 70 2783 γ
100 2742 156 2785 16
186 2739 256 2784 ἄη
286 2740 374 2784 LR
403 2743 458 2785 ut
489 2755 684 2810 semper,
809 2746 864 2786 18
896 2743 1053 2788 multas
1083 2747 1126 2787 et
1155 2742 1243 2786 LR
1272 2747 1316 2788 et
1345 2756 1434 2787 om.
1461 2741 1533 2786 ed.
1654 2744 1709 2784 19
1740 2754 1795 2843 Ἆγι

26 2810 38 2930 ξ
97 2800 447 2904 “““ἔέ“α”ἑοέᾶῗι
476 2801 800 2916 {matur
831 2805 915 2904 335³
946 2815 1263 2918 wnffiffi·
1279 2801 1386 2906 {dt
1397 2801 1745 2904 thabfflugd?
1782 2832 1793 2842 ·

21 2923 43 3050 Ξ
98 2919 155 3018 {g
185 2919 356 3022 ‹gpqetueltz
385 2919 479 3021 IPR
524 2920 708 2964 obsewre
746 2919 818 2963 ed.
1002 2925 1058 2964 28
1101 2925 1155 2965 ut
1191 2921 1261 2965 vel
1298 2919 1384 2962 LR
1429 2919 1499 2964 vel
1537 2932 1624 2963 om.
1660 2917 1733 2961 ed.

21 3050 43 3085 ῗῑ

18 3087 50 3226 l.
