2014 3226
151 174 261 226 220
619 174 851 218 DONATI
882 173 1162 218 INTERPR.
1195 174 1372 218 VERG.

151 316 273 370 cede,
313 316 428 362 haec
468 330 560 361 ara
592 315 799 360 tuebitur
831 315 1001 369 omnis,
1033 318 1122 361 aut
1149 316 1352 362 moriere
1383 317 1541 362 simul.
1605 317 1843 363 tractavit

150 388 352 436 Hecuba
383 404 646 449 personam
678 389 808 434 senis
840 403 939 434 non
972 389 1232 436 convenire
1254 388 1507 435 laboribus
1531 388 1653 436 belli
1677 391 1841 437 existi-

151 478 289 509 mans
322 463 467 508 illum
498 461 726 509 vincendi
758 462 837 508 vel
868 463 1042 522 utique
1075 463 1297 509 certandi
1329 463 1529 510 stimulo
1561 465 1842 523 provocari:

152 553 288 583 arma
329 539 458 582 certe
498 536 606 596 ipsa
645 535 870 596 robigine
912 551 967 582 ac
1006 538 1255 583 vetustate
1296 539 1346 582 et
1385 536 1705 583 desuetudine
1740 552 1841 584 cor-
1988 590 1990 597 Ι

150 613 321 671 rupta,
368 610 504 656 nullo
546 609 833 656 dimicaturi
873 610 1127 657 commodo
1167 610 1453 671 profutura,
1493 627 1591 658 non
1630 626 1774 672 posse
1814 627 1842 657 a
1891 629 1910 660 5
1987 630 1991 673 g

151 700 264 731 sene
298 683 494 730 defendi
525 684 743 744 patriam
774 683 863 730 illo
896 683 976 730 vel
1007 685 1221 731 maxime
1252 686 1475 745 tempore
1509 701 1606 745 quo
1638 685 1842 732 iuvenes

151 759 199 804 et
245 757 502 804 fortissimi
547 756 822 817 perierant,
869 773 958 804 nec
1003 757 1103 805 loci
1149 773 1251 805 esse
1291 757 1544 821 fiduciam,
1594 774 1703 805 cum
1743 761 1843 805 iam

149 832 314 879 hostes
354 832 407 877 in
446 831 568 891 ipsis
609 830 782 878 domus
822 831 1160 892 penetralibus
1202 832 1460 895 degerent,
1507 848 1606 879 non
1644 836 1841 879 tantum

150 905 313 966 ipsum
351 905 557 966 perditis
595 905 823 952 omnibus
855 905 1114 953 subvenire
1146 922 1245 954 non
1276 922 1435 967 posse,
1468 906 1553 953 sed
1585 922 1646 953 ne
1677 907 1842 968 ipsum

151 978 351 1040 quidem
382 978 664 1039 Hectorem,
696 980 740 1027 si
778 980 931 1026 etiam
969 982 1088 1027 tunc
1119 979 1383 1027 mansisset
1413 980 1689 1028 incolumis.
1749 981 1843 1027 huc
1872 999 1913 1030 ιο

148 1052 350 1099 tandem
397 1053 629 1114 concede,
681 1053 804 1101 haec
852 1069 940 1100 ara
993 1053 1218 1101 tuebitur
1265 1055 1446 1114 omnis,
1501 1057 1590 1101 aut
1634 1056 1844 1101 moriere

149 1127 317 1174 simul:
358 1126 551 1188 aliquid
581 1129 800 1174 numinis
834 1143 921 1174 ara
951 1129 1050 1175 ista
1079 1129 1276 1189 retinet,
1306 1129 1464 1176 omnis
1497 1128 1647 1176 faciet
1679 1129 1844 1176 salvos

149 1204 257 1260 aut,
305 1201 347 1248 si
392 1201 519 1247 nihil
564 1202 802 1261 valuerit,
851 1217 1018 1249 omnes
1065 1203 1255 1264 pariter
1299 1203 1579 1250 moriemur.
1657 1204 1727 1249 sic
1765 1217 1845 1250 ore

60 1284 143 1322 525
164 1276 312 1333 effata
358 1277 535 1334 recepit
580 1276 646 1322 ad
684 1289 785 1322 sese
825 1279 867 1321 et
904 1290 1048 1323 sacra
1087 1277 1374 1336 longaevum
1410 1278 1465 1323 in
1503 1278 1613 1324 sede
1651 1278 1846 1323 locavit:

149 1386 307 1396 ......
327 1350 465 1396 cuius
507 1351 688 1396 aetatis
728 1350 828 1395 fuit
865 1350 946 1397 vel
986 1350 1211 1412 qualium
1249 1352 1432 1398 virium
1470 1351 1585 1397 inde
1619 1354 1841 1412 apparet,
1870 1367 1911 1399 15

147 1422 346 1484 quando
386 1424 516 1470 hunc
554 1423 733 1469 mulier
773 1439 894 1471 anus
929 1423 987 1470 ab
1020 1425 1218 1485 incepto
1251 1426 1506 1473 revocavit
1538 1428 1587 1471 et
1617 1426 1671 1470 in
1704 1440 1842 1471 sacra

147 1497 259 1545 sede
300 1497 573 1545 constituit.

258 1572 383 1619 Ecce
422 1575 582 1619 autem
621 1572 815 1631 elapsus
844 1572 1027 1631 Pyrrhi
1063 1573 1120 1620 de
1152 1574 1294 1620 caede
1323 1573 1514 1628 Polites,
1547 1588 1679 1620 unus
1709 1577 1845 1620 nato-

149 1661 258 1692 runi
294 1645 508 1701 Priami,
539 1661 634 1704 per
672 1647 788 1702 tela,
818 1661 913 1705 per
949 1647 1097 1694 hostis
1127 1648 1399 1706 porticibus
1437 1647 1594 1707 lonqis
1629 1648 1757 1707 fuyit
1803 1650 1847 1694 et

146 1735 304 1767 vacua
351 1721 482 1767 atria
528 1720 704 1766 lustrat
747 1721 959 1767 saucius.
1035 1720 1176 1768 illum
1215 1722 1394 1768 ardens
1431 1723 1606 1782 infesto
1644 1721 1843 1768 vulnere
1868 1737 1912 1768 20
1983 1735 1987 1738 ⁴

59 1799 144 1838 530
161 1794 385 1853 Pyrrhus
415 1795 687 1852 insequitur
717 1795 820 1841 iam
850 1796 1044 1853 iamque
1074 1810 1228 1842 manu
1260 1797 1383 1843 tenet
1413 1799 1455 1842 et
1476 1796 1659 1855 premit
1687 1796 1842 1843 hasta.

147 1870 203 1914 ut
238 1869 433 1915 tandem
471 1871 582 1916 ante
621 1869 780 1915 oculos
820 1870 972 1915 evasit
1009 1872 1053 1916 et
1089 1883 1178 1916 ora
1207 1873 1494 1929 parentum,
1544 1870 1750 1917 concidit
1788 1868 1873 1918 ac

147 1943 295 1988 inulto
333 1943 485 1989 vitani
523 1958 633 1990 cuni
670 1943 910 2002 sanquine
947 1943 1100 2002 fudit:
1153 1944 1406 1991 fortunam
1438 1942 1653 2003 Priami,
1695 1958 1843 2004 quam
1957 1997 1969 2010 „

148 2030 301 2077 supra
346 2017 607 2077 proposuit
651 2018 824 2077 poeta,
871 2016 1118 2065 describit.
1196 2018 1358 2065 voluit
1397 2019 1529 2064 enim
1567 2018 1716 2078 mori,
1765 2033 1843 2065 oc-
1958 2037 1969 2062 ι

148 2091 302 2136 currit
353 2106 477 2137 uxor
530 2106 592 2137 ne
644 2089 806 2150 fieret,
861 2090 948 2138 sed
1000 2106 1141 2138 casus
1191 2092 1365 2138 attulit
1410 2093 1544 2139 viam
1590 2091 1842 2152 pereundi.
1869 2107 1912 2139 25
1960 2105 1998 2122 '⁵'

147 2162 335 2211 Polites
385 2163 589 2225 quippe,
636 2180 763 2212 1111113
812 2180 870 2212 ex
915 2164 1034 2212 filiis
1075 2164 1202 2226 eius,
1241 2164 1422 2227 Pyrrhi
1459 2166 1664 2214 vulnere
1704 2166 1845 2213 letali

148 2252 431 2299 percussus,
486 2239 706 2286 servavit
759 2254 817 2286 ex
871 2241 1052 2286 eventu
1107 2240 1347 2300 animam,
1406 2239 1559 2290 donec
1614 2239 1677 2286 ad
1732 2255 1843 2287 con-

149 2313 372 2372 spectum
409 2314 674 2373 parentum
703 2312 902 2376 fugiens
933 2315 1231 2375 perveniret,
1265 2313 1350 2360 sed
1381 2317 1587 2376 urgente
1620 2313 1760 2361 hoste
1794 2316 1843 2360 et
1959 2366 1981 2374 ,Ἴ

147 2386 222 2432 ita
252 2386 540 2446 inminente,
571 2387 630 2432 ut
667 2386 767 2433 alio
806 2388 912 2434 ictu
951 2388 1175 2436 saucium
1206 2389 1407 2451 gravius
1437 2390 1696 2449 premeret,
1730 2402 1841 2434 con-

149 2459 273 2506 cidit
326 2461 376 2507 et
427 2461 652 2506 mortuus
708 2462 795 2508 est.
886 2461 968 2507 hic
1020 2464 1170 2522 poeta
1225 2460 1396 2508 definit
1459 2461 1678 2509 animam
1739 2475 1842 2508 esse
1867 2477 1912 2508 30
1953 2463 1982 2590 ἔ

149 2534 440 2596 sanguinem
480 2534 568 2580 aut
604 2534 659 2579 in
698 2534 938 2596 sanguine
979 2549 1082 2582 esse
1123 2536 1354 2583 animam.
1433 2534 1644 2597 denique
1690 2535 1842 2582 effuso
1982 2551 1983 2554 ¹

1955 2951 1981 2978 „-‹

269 2692 295 2730 3
327 2689 531 2744 velutque
553 2687 640 2730 LR
670 2689 738 2732 vel
759 2691 917 2745 utique
947 2703 1032 2733 nos
1064 2704 1206 2735 causa
1229 2691 1370 2734 veluti
1400 2690 1471 2734 ed.
1569 2694 1596 2733 8
1628 2690 1846 2747 deyerant

148 2747 236 2790 LR
273 2752 395 2792 -rent
424 2761 448 2790 r
479 2747 550 2790 ed..
735 2752 788 2790 11
823 2749 941 2792 mori
970 2748 1057 2792 LR
1096 2763 1167 2793 ere
1198 2748 1306 2792 add.
1338 2763 1362 2791 1·
1391 2749 1530 2793 simul
1561 2749 1668 2792 add.
1700 2747 1751 2792 τ’.

151 2810 204 2849 12
238 2806 386 2851 omnis
415 2805 503 2849 LR
535 2810 619 2850 aut
646 2820 687 2851 o.
719 2821 754 2851 r.
903 2811 957 2852 13
990 2821 1065 2852 ore
1096 2822 1184 2852 om.
1210 2808 1309 2852 LR.
1453 2812 1510 2851 14
1539 2810 1648 2863 post
1679 2808 1844 2852 locavit

149 2878 230 2908 sex
266 2865 364 2909 fere
402 2864 669 2909 litterarum
707 2866 911 2922 spatium
949 2869 1087 2911 vacat
1117 2867 1166 2911 in
1198 2866 1235 2910 L
1267 2866 1487 2923 suppleas
1519 2868 1752 2911 Priamus.

151 2928 326 2968 19—‘20
356 2937 534 2969 euacua
563 2924 599 2967 L
631 2938 806 2969 euacua
835 2925 876 2968 R
916 2931 958 2970 et
986 2941 1134 2971 vacua
1165 2926 1200 2969 L
1223 2926 1267 2970 Π
1288 2940 1411 2970 man.
1436 2941 1471 2970 1.
1626 2930 1682 2968 23
1714 2939 1843 2981 quem

149 2983 236 3026 LR
267 2997 405 3039 quam
437 2983 507 3027 ed.
632 2988 689 3027 24
716 2985 875 3040 posuit
904 2983 946 3027 R
978 2985 1048 3029 ed.
1074 2987 1321 3042 proposuit
1350 3000 1374 3028 1·
1397 3007 1453 3021 ==
1479 2985 1528 3028 L.
1855 2983 1861 2990 ’
1915 2981 1980 3226 ἶ

1940 2589 1983 2705 ἓ

1943 2708 1970 2786 5}
1992 2710 1994 2713 ,

1943 2797 1964 2849 1

1939 2821 1983 2971 ,51
