2014 3226
180 137 285 188 104
640 134 871 178 DONATI
902 133 1182 176 INTERPR.
1215 133 1395 177 VERG.

177 279 448 336 omitteret,
494 275 720 322 redderet
766 275 818 321 in
864 276 974 335 ipsa
1014 273 1357 336 obiurgatione
1397 274 1698 332 benivolam,
1737 275 1864 322 invi-

177 351 310 397 diam
365 365 478 397 vero
534 349 912 396 inhumanitatis
968 349 1018 395 et
1069 347 1328 409 superbiae
1373 348 1579 395 reiceret
1624 350 1677 395 in
1724 349 1863 409 alios,

175 426 334 486 ipsam
391 424 574 470 diceret
628 422 810 470 iustam
862 437 1020 482 neque
1076 438 1184 469 eam
1238 421 1457 469 laederet
1511 424 1647 469 cuius
1701 424 1865 470 fuerat

177 499 420 559 petiturus
461 497 711 543 auxilium.
786 496 982 559 singula
1022 511 1136 559 ergo
1178 511 1303 556 quae
1344 495 1556 543 diximus
1598 513 1723 557 quae
1764 498 1864 544 sint

177 573 253 618 vel
296 570 537 632 quomodo
577 571 867 616 inlustriora
897 569 1168 616 reddantur
1198 570 1471 618 necessario
1504 570 1864 630 providendum
1908 589 1930 621 5

177 654 262 693 est.
341 645 555 691 Ilioneus
595 643 825 690 veniebat
866 643 928 690 ad
965 644 1293 706 incognitam:
1332 643 1438 704 ipse
1471 644 1602 690 idem
1635 644 1723 704 qui
1753 645 1863 691 loca

176 720 263 765 illa
297 720 615 778 hominesque
648 718 860 765 nesciret
883 717 1183 778 perindeque
1207 719 1423 765 incertus
1450 719 1671 764 omnium
1697 734 1862 779 quem-

177 793 439 840 admodum
487 792 656 852 aliqua
703 791 850 838 laude
898 791 1162 852 adsumpta
1207 791 1488 838 benivolam
1527 792 1713 839 faceret
1752 807 1863 840 con-

174 869 361 913 iectura
417 866 631 927 collegit.
709 868 931 912 senserat
984 866 1115 912 enim
1163 868 1213 912 et
1259 865 1558 927 probaverat
1605 859 1864 913 hominum

174 942 334 1001 inpios
382 942 431 987 et
476 940 770 987 inhumanos
818 955 1000 1000 mores,
1048 954 1168 1000 quos
1215 941 1268 986 in
1313 939 1585 1000 posteriore
1625 941 1862 987 orationis
1887 959 1930 990 ιο

175 1030 290 1062 31136
337 1016 478 1075 parte
527 1013 780 1060 evidenter
827 1015 1080 1074 expressit.
1157 1015 1436 1075 suspicione
1479 1015 1652 1075 utique
1693 1014 1864 1061 debuit

175 1088 287 1135 duci
328 1087 457 1148 quod
495 1088 613 1134 talis
656 1090 783 1135 esset
822 1089 972 1134 etiam
1012 1088 1102 1135 illa
1141 1087 1279 1135 cuius
1312 1087 1610 1135 tenebantur
1639 1089 1862 1150 imperio.

175 1162 257 1210 sed
303 1162 429 1208 hanc
474 1163 669 1222 partem
715 1162 916 1209 meliore
971 1161 1163 1209 ratione
1218 1161 1600 1224 argumentandi
1654 1163 1866 1210 correxit

174 1235 329 1282 nihilo
362 1237 524 1282 minus
558 1237 709 1282 etiam
739 1237 901 1297 ipsam
934 1235 1131 1297 oblique
1164 1237 1467 1299 contingens,
1507 1239 1564 1283 ut
1604 1253 1661 1283 ex
1702 1237 1865 1283 aliena

173 1310 265 1356 hoc
321 1313 393 1357 est
447 1325 646 1357 suorum
698 1309 1075 1372 reprehensione
1131 1311 1336 1357 confusa
1391 1309 1696 1358 erubesceret
1746 1311 1862 1357 talis
1889 1327 1931 1360 15

174 1383 330 1431 videri
378 1386 426 1430 et
472 1385 750 1444 praestaret
797 1399 846 1431 se
892 1384 1188 1433 benivolam.
1274 1384 1493 1431 collectis
1540 1384 1696 1447 igitur
1751 1400 1863 1432 con-

173 1457 340 1504 trariis
381 1457 608 1505 omnibus
643 1459 940 1519 conponitur
972 1457 1160 1506 duobus
1192 1458 1415 1506 versibus
1447 1458 1596 1519 plena
1626 1458 1861 1506 laudatio.

175 1547 202 1579 o
248 1533 441 1594 regina,
497 1532 627 1592 quod
675 1534 750 1578 est
794 1533 968 1593 procul
1015 1532 1164 1579 dubio
1221 1532 1572 1580 difficillimum
1626 1533 1863 1579 feminam

173 1621 401 1669 regnare:
456 1621 512 1652 ex
553 1605 846 1653 difficultate
886 1607 1042 1669 igitur
1079 1607 1211 1666 laus,
1251 1607 1383 1668 quod
1426 1607 1609 1653 factum
1647 1608 1752 1654 31116
1791 1606 1862 1652 di-

175 1680 290 1727 vino
341 1680 511 1726 favore
561 1681 822 1740 provenire
872 1697 972 1728 non
1021 1682 1199 1742 potuit.
1285 1696 1467 1729 novam
1521 1681 1603 1728 cui
1657 1680 1863 1728 condere
1888 1698 1931 1730 20

173 1752 399 1815 Iuppiter
443 1753 638 1801 urbem:
704 1769 812 1802 6666
859 1754 1127 1802 36611111111111
1163 1756 1411 1816 meritum,
1453 1754 1583 1816 quod
1623 1753 1746 1802 adeo
1784 1754 1864 1802 vel

174 1828 386 1874 maxime
426 1828 531 1874 31116
570 1827 899 1875 admiratione
939 1829 1037 1876 dici
1075 1828 1315 1890 nequibat
1353 1844 1410 1876 6ο
1450 1829 1684 1889 loquente
1718 1845 1864 1890 quem

175 1900 436 1948 constabat
466 1900 644 1962 dolere,
678 1901 810 1964 quod
841 1902 936 1950 sibi
966 1903 1018 1949 id
1050 1903 1310 1964 provenire
1342 1918 1440 1950 non
1471 1905 1685 1964 poterat,
1716 1902 1864 1950 sicuti

175 1990 231 2021 ex
271 1990 482 2035 persona
514 1974 709 2023 Aeneae
748 1978 972 2038 superius
1013 1969 1170 2042 (437)
1204 1976 1391 2024 dictum
1423 1978 1498 2025 est
1529 1993 1587 2037 „o
1619 1977 1864 2024 fortunati

174 2063 384 2109 quorum
423 2049 520 2094 iam
562 2051 756 2097 moenia
797 2047 1048 2113 surgunt“.
1111 2066 1224 2098 cum
1261 2051 1417 2114 igitur
1456 2051 1642 2098 femina
1680 2051 1863 2098 faceret
1887 2067 1930 2099 25

176 2121 308 2183 quod
362 2121 629 2169 difficulter
681 2125 915 2184 provenit
966 2125 1110 2186 viris,
1164 2124 1440 2187 apparebat
1491 2124 1666 2186 procul
1712 2123 1861 2172 dubio

175 2211 274 2242 non
320 2195 571 2255 humanis,
618 2197 703 2244 sed
750 2197 934 2246 divinis
981 2198 1157 2260 opibus
1204 2198 1324 2246 fieri.
1402 2198 1638 2261 surgebat
1676 2199 1862 2260 quippe

175 2284 274 2316 11011
306 2268 496 2316 fabrica
528 2272 710 2331 speciei
741 2271 950 2320 alicuius
981 2272 1277 2333 levissimae,
1309 2272 1393 2320 sed
1423 2273 1640 2335 ingentis
1671 2271 1863 2336 magni-

175 2342 297 2390 tudo
337 2343 569 2390 civitatis.
633 2359 742 2392 ecce
774 2344 870 2392 duo
902 2346 1145 2394 miracula
1174 2347 1227 2393 in
1258 2346 1426 2394 laude:
1464 2345 1643 2394 mulier
1671 2348 1861 2409 regnat,

173 2416 354 2464 mulier
400 2415 628 2465 aedificat
674 2418 931 2469 civitatem
974 2435 1178 2481 novam,
1227 2420 1425 2468 additur
1463 2421 1689 2479 tertium,
1729 2419 1863 2482 quod
1885 2436 1929 2469 so
1963 2448 1969 2478 ;

295 2532 320 2570 2
352 2539 454 2571 vero
486 2541 575 2571 om.
602 2527 672 2572 ed.
794 2534 822 2572 4
855 2543 969 2586 quae
1000 2531 1203 2575 diximus
1235 2545 1322 2575 om.
1348 2531 1390 2573 R
1422 2530 1529 2574 add.
1554 2546 1588 2574 r.
1710 2535 1735 2573 6
1767 2531 1862 2586 ipse
1941 2570 1948 2575 .

175 2585 293 2630 idem
323 2585 411 2628 LR
447 2588 673 2644 reqionem
705 2587 775 2632 ed.
928 2593 954 2632 8
988 2590 1240 2634 benivolum
1280 2591 1346 2646 (et
1376 2589 1516 2646 infra)
1547 2589 1583 2632 L
1625 2589 1681 2633 cf.
1715 2593 1813 2634 372.
1852 2590 1857 2647 Ι

173 2646 320 2698 saciat
350 2645 421 2688 ed.
559 2649 584 2688 9
617 2646 817 2690 homines
849 2646 919 2690 ed.
1052 2653 1105 2691 12
1138 2650 1275 2693 etiam
1307 2662 1394 2692 om.
1421 2649 1492 2693 ed.
1624 2652 1679 2691 14
1712 2649 1861 2692 alieno
1962 2678 1969 2699 ·,

176 2703 246 2747 ed.
350 2708 403 2747 19
437 2705 540 2749 laus
569 2703 656 2747 LR
685 2705 740 2760 fit
769 2706 798 2748 l.
831 2705 902 2750 ed.
932 2707 939 2762 Ι
971 2708 1070 2752 sine
1099 2707 1188 2751 LR
1217 2709 1313 2752 nisi
1343 2707 1415 2752 ed.
1508 2712 1565 2752 20
1595 2708 1744 2760 fovere
1774 2707 1862 2750 LR
1928 2717 1968 2734 “⁷

173 2762 329 2816 favore
360 2762 395 2805 L
418 2762 461 2806 II
483 2775 607 2806 man.
632 2777 667 2807 r.
701 2763 771 2807 ed.
802 2764 808 2821 Ι
836 2766 1073 2820 pervenire
1104 2766 1175 2810 ed.
1284 2771 1339 2810 21
1371 2768 1430 2811 ab
1461 2780 1510 2811 eo
1533 2766 1621 2811 LR
1644 2766 1715 2810 ed.
1749 2768 1862 2811 adeo

174 2834 280 2874 nos,
319 2821 432 2878 quia
469 2835 518 2866 eo
558 2822 760 2878 loquente
798 2823 1021 2879 sequitur.
1175 2829 1230 2868 26
1256 2826 1470 2882 provenit
1497 2826 1611 2870 viris
1641 2825 1728 2868 LR
1751 2839 1861 2882 prob

174 2881 326 2924 venire
355 2894 395 2924 v.
414 2885 566 2936 posset
596 2880 668 2924 ed.
762 2885 815 2925 29
849 2896 942 2926 ecce
965 2882 1051 2926 LR
1082 2889 1124 2929 et
1153 2884 1224 2929 ed.
1254 2885 1260 2942 Ι
1294 2885 1432 2932 laude
1454 2884 1541 2927 LR
1566 2886 1592 2928 l.
1618 2889 1727 2929 sunt
1749 2885 1820 2929 ed.
1851 2884 1856 2943 Ι

175 2944 335 2996 reynat
365 2938 452 2982 LR
481 2953 518 2983 r.
552 2945 593 2984 et
622 2939 702 2992 611,
818 2945 874 2984 30
906 2941 1091 2986 addidit
1119 2943 1191 2987 ed.
