2014 3226
771 155 1073 201 AENEIDos
1109 157 1171 201 vi
1708 162 1812 214 567

126 294 260 356 apud
284 294 468 341 inferos
493 296 675 354 posset,
715 296 951 355 quoniam
982 297 1087 344 illic
1121 297 1331 360 degebat
1357 299 1625 360 eademque
1651 301 1816 361 loque-

126 368 286 415 batur.
357 368 399 416 si
433 383 531 428 qua
562 367 696 428 fides,
736 369 913 430 inquit,
954 371 1189 431 quoniam
1222 372 1471 419 nesciebat
1504 373 1631 434 quod
1666 390 1816 437 genus

126 441 449 490 iurisiurandi
482 441 614 502 apud
645 442 830 490 inferos
862 442 1138 504 haberetur,
1178 445 1345 506 posuit
1377 447 1655 509 generalem
1687 448 1816 494 iura-

127 517 315 562 tionem
339 514 504 562 dicens
530 515 640 562 iuro
672 532 760 577 per
791 516 952 576 fidem,
984 517 1025 564 si
1059 534 1158 578 qua
1190 519 1240 564 in
1265 518 1340 566 his
1374 520 1493 567 locis
1519 524 1606 567 aut
1639 521 1818 568 colitur

80 605 103 638 5
129 591 216 636 aut
253 589 470 636 timetur.
548 589 745 645 invitus,
784 592 976 650 remma,
1024 595 1103 638 tuo
1143 593 1200 638 de
1240 592 1376 640 litore
1414 595 1555 640 cessi:
1602 610 1698 642 non
1738 598 1802 654 te,
1820 599 1907 638 460

126 662 307 724 inquit,
347 663 469 726 fugi,
510 662 595 710 sed
633 663 884 724 potiorum
915 665 1213 713 iussionibus
1247 667 1383 714 cessi.
1455 667 1584 728 quod
1618 667 1688 715 ait
1728 671 1817 716 tuo

128 737 187 784 de
226 736 395 797 litore,
434 737 527 784 hoc
566 737 675 784 vult
721 737 969 801 intellegi,
1017 742 1070 786 ut
1110 739 1296 788 relictis
1346 741 1571 789 litoribus
1614 741 1818 789 Cartha-

128 810 258 875 ginis
312 810 423 872 ipsa
474 813 644 858 tamen
691 810 821 858 Dido
878 813 1056 860 animis
1103 813 1298 861 Aeneae
1353 817 1602 862 teneretur
1654 815 1817 862 infixa.

126 885 211 932 sed
249 898 324 932 me
360 886 500 932 iussa
539 884 702 940 deum,
751 900 874 945 quae
913 901 1043 934 mmo
1086 888 1176 933 has
1229 889 1296 934 ire
1334 902 1427 946 per
1464 889 1685 943 umbras,
1726 903 1820 948 per

60 974 104 1008 ιο
127 959 231 1006 loca
271 962 408 1007 senta
446 960 546 1007 situ
583 962 756 1019 coquat
791 963 1064 1019 noctemque
1094 962 1401 1020 profundam
1440 963 1655 1021 imperiis
1688 975 1819 1022 eyere

127 1034 245 1087 suis,
285 1048 372 1080 nec
410 1032 602 1080 crede-re
640 1034 774 1092 quivi
811 1034 939 1081 hunc
977 1036 1165 1081 tantum
1204 1035 1287 1082 tibi
1326 1049 1399 1082 me
1442 1036 1654 1083 discessu
1691 1038 1820 1095 ferre

129 1106 364 1155 dolorem:
410 1108 645 1168 quoniam
682 1109 883 1169 poterat
920 1107 1040 1155 fides
1081 1110 1234 1155 etiam
1273 1109 1458 1156 iuranti
1497 1126 1593 1157 non
1632 1109 1819 1170 haberi,

127 1181 207 1228 vel
245 1180 458 1229 maxime
498 1182 545 1228 ei
584 1180 669 1243 qui
710 1181 846 1243 apud
878 1197 1080 1243 superos
1112 1182 1325 1244 perfidus
1360 1183 1615 1243 extitisset,
1655 1199 1818 1244 sump-

127 1258 235 1302 tum
267 1270 297 1301 a
327 1255 436 1303 loco
471 1257 520 1303 et
551 1256 773 1317 tempore
806 1257 976 1318 rapuit
1007 1260 1370 1319 argumentum,
1412 1273 1506 1317 quo
1541 1256 1820 1305 ostenderet

18 1363 22 1366 ·
60 1343 104 1376 15
128 1344 179 1377 se
226 1329 519 1391 conpulsum
569 1328 772 1377 deorum
818 1331 966 1378 iussis
1015 1328 1367 1393 Carthaginem
1412 1331 1683 1392 reliquisse.
1761 1334 1819 1377 ut

128 1404 269 1463 scias,
308 1403 488 1464 inquit,
528 1419 606 1450 me
644 1404 832 1451 maiore
863 1405 916 1451 vi
953 1403 1052 1452 tuis
1092 1405 1238 1452 terris
1279 1404 1542 1464 exclusum,
1583 1420 1639 1451 ex
1677 1419 1818 1465 prae-

128 1476 350 1525 sentibus
381 1477 560 1539 proba3
599 1494 699 1525 non
733 1479 863 1525 enim
897 1477 959 1526 ad
990 1478 1079 1524 has
1111 1478 1337 1526 tenebras
1371 1481 1420 1525 et
1443 1478 1552 1525 loca
1576 1477 1819 1525 horrenda

127 1550 287 1599 libens
328 1553 418 1599 aut
456 1551 717 1599 voluntate
765 1551 1016 1611 descendi,
1065 1552 1163 1613 ipsi
1202 1554 1319 1599 sunt
1365 1555 1588 1599 auctores
1634 1551 1819 1599 laboris

127 1626 273 1673 istius
306 1625 393 1687 qui
427 1626 630 1673 fuerunt
668 1625 870 1686 dudum,
901 1641 1013 1674 cum
1050 1627 1237 1674 invitus
1278 1625 1590 1673 abstraherer
1628 1640 1658 1672 a
1696 1624 1819 1672 sedi-

15 1692 30 1733 f
59 1713 106 1746 so
128 1699 219 1748 bus
259 1701 385 1760 tuis,
425 1699 557 1762 quod
595 1714 707 1748 cum
744 1699 905 1760 fieret,
953 1701 1214 1748 aestimare
1260 1715 1357 1747 non
1404 1698 1543 1760 potui
1592 1698 1651 1745 ad
1699 1698 1820 1746 haec

128 1775 178 1821 te
225 1788 328 1822 esse
368 1776 631 1821 venturam
677 1773 930 1822 abscessus
980 1773 1077 1820 mei
1124 1788 1285 1821 causa.
1374 1773 1683 1835 intellegitur
1728 1771 1820 1819 hoc

130 1847 334 1895 Aenean
373 1847 661 1896 additurum
699 1849 875 1896 fuisse:
918 1847 1319 1909 contempsissem
1350 1848 1516 1894 omnia
1549 1848 1598 1893 et
1628 1860 1818 1894 reman-

129 1922 324 1982 sissem,
371 1923 415 1970 si
460 1923 783 1984 praescissem
831 1921 960 1968 hunc
1011 1924 1060 1968 te
1110 1921 1395 1968 habituram
1440 1921 1624 1967 exitum
1670 1918 1819 1980 vitae,

129 2011 228 2044 non
279 1995 398 2057 quia
444 2012 559 2044 vere
606 1999 919 2045 contemnere
963 1995 1130 2057 potuit
1179 1994 1383 2042 deorum
1431 1995 1587 2052 iussa,
1635 1992 1719 2040 sed
1764 1994 1821 2039 ut

60 2082 107 2116 25
130 2069 384 2118 mendacio
434 2070 695 2118 verisimili
740 2070 963 2132 placaret
1009 2085 1118 2117 eam
1165 2085 1314 2129 quam
1365 2068 1434 2115 sic
1480 2067 1714 2126 laeserat,
1764 2068 1822 2113 ut

128 2145 263 2191 vitae
301 2158 420 2192 suae
459 2159 652 2192 cursum
695 2143 863 2208 gladio
887 2142 1228 2206 praecidisset.
1298 2156 1407 2189 ecce
1440 2155 1556 2188 usus
1594 2142 1668 2188 est
1699 2142 1819 2198 arte,

130 2219 187 2264 ut
226 2217 360 2279 quod
397 2233 579 2282 negare
618 2234 718 2266 non
757 2219 955 2280 poterat
992 2217 1237 2264 fateretur
1282 2215 1414 2262 ultro
1462 2217 1511 2262 et
1557 2215 1692 2261 iusta
1738 2211 1820 2260 de-

49 2321 51 2324 ·
130 2291 352 2340 fensione
391 2294 644 2356 purgaret.
723 2294 965 2354 quantum
1005 2291 1170 2338 autem
1218 2288 1387 2337 odium
1434 2289 1586 2336 etiam
1625 2289 1822 2334 mortua

130 2366 367 2414 retineret
406 2382 464 2413 ex
503 2381 560 2415 eo
598 2381 699 2414 non
738 2365 964 2425 obscure,
1003 2363 1087 2412 sed
1128 2363 1383 2411 evidenter
1421 2360 1660 2420 ostendit,
1707 2375 1820 2407 cum

60 2453 108 2487 zo
131 2454 235 2488 sese
274 2439 524 2502 proripuit
562 2441 772 2488 tacitam
810 2453 901 2499 nec
938 2436 1218 2500 expectavit
1248 2435 1510 2484 verborum
1548 2434 1693 2482 finem
1732 2446 1822 2481 nec

132 2512 325 2576 aliquid
370 2513 481 2575 ipsa
523 2512 797 2576 respondit.
888 2512 1081 2559 Aeneas
1130 2515 1297 2559 tamen
1343 2524 1455 2558 cum
1500 2507 1691 2555 videret
1736 2505 1821 2553 ab·

131 2589 344 2648 euntem,
382 2587 558 2636 relicto
599 2587 730 2649 quod
768 2585 978 2646 dicebat,
1015 2589 1073 2632 ut
1111 2583 1392 2632 ostenderet
1423 2598 1473 2630 se
1506 2581 1664 2629 teneri
1694 2578 1819 2627 desi-

131 2659 268 2709 derio
301 2661 421 2722 eius,
458 2662 586 2718 siste,
624 2661 808 2722 inquit,
842 2658 1056 2720 yradwm
1094 2661 1228 2718 teque
1265 2658 1460 2716 aspectu
1489 2668 1551 2703 ne
1578 2652 1806 2702 suba-ahc
1821 2654 1910 2696 46⁶

254 2793 277 2832 1
310 2787 492 2833 decebat
521 2786 564 2831 V
595 2801 708 2831 corr.
735 2786 807 2830 ed.
890 2803 895 2818 ·
943 2789 970 2828 2
1002 2785 1075 2840 q’m
1107 2785 1180 2834 (ε..-
1205 2780 1443 2838 quoniam)
1475 2778 1517 2823 V
1546 2779 1657 2836 quia
1687 2777 1759 2845 ed.
1793 2836 1802 2845 ι

134 2851 195 2891 16·
213 2861 283 2892 me
303 2849 519 2892 maiorem
542 2846 685 2891 vineis
700 2844 754 2889 V.
850 2847 903 2887 17
922 2843 1072 2900 proba
1088 2841 1130 2886 V
1148 2841 1399 2898 probamus
1421 2838 1493 2883 ed.
1587 2841 1643 2880 20
1667 2841 1823 2881 emetu-

129 2919 256 2950 mare
287 2905 361 2951 ed.
468 2909 525 2949 23
550 2904 892 2962 praescivissem
923 2901 995 2947 ed.
1110 2905 1167 2945 26
1196 2899 1447 2956 praedis-set
1477 2895 1519 2940 V
1550 2909 1663 2941 corr.
1689 2893 1759 2939 ed.

132 2967 190 3008 82
220 2965 377 3011 relicto
405 2960 449 3009 V
478 2963 664 3021 reliquit
695 2961 766 3008 ed.
