2014 3226
775 160 1077 205 AENEIDOS
1108 161 1150 203 H
1704 162 1810 212 {303

120 306 190 352 sic
230 319 345 365 ergo
386 301 593 349 crimina
633 301 849 349 admissa
881 302 933 348 in
968 299 1297 349 Cassandram
1329 300 1645 363 colliguntur,
1679 300 1810 361 quod

119 378 323 442 regalis,
371 376 502 437 quod
541 376 703 438 virgo,
754 375 886 436 quod
923 377 1081 437 passis
1123 370 1365 433 crinibus,
1413 373 1546 435 quod
1593 374 1808 421 crinibus

119 450 430 510 trahebatur,
472 465 594 510 quos
634 448 809 495 habuit
850 449 912 496 ad
952 451 1205 506 ornatum,
1246 447 1378 509 quod
1416 464 1505 509 per
1543 448 1810 509 publicum,

121 524 250 586 quod
296 525 486 582 vincta,
534 523 669 584 quod
713 522 1004 569 trahebatur
1050 538 1079 568 a
1126 522 1377 583 plurimis3
1432 523 1486 568 in
1532 522 1646 569 deos
1695 537 1810 568 vero

73 618 95 649 5
119 599 212 646 hoc
258 597 425 656 modo,
480 596 613 658 quod
660 612 688 643 a
733 597 945 657 templo,
1000 596 1131 657 quod
1183 596 1244 643 ab
1291 597 1413 657 ipsis
1460 595 1811 657 penetralibus,

121 672 252 733 quod
291 670 531 730 sacerdos,
565 671 695 731 quod
728 686 756 716 a
790 670 1132 731 conspectibus
1165 669 1306 717 deae:
1349 685 1558 730 quorum
1598 670 1810 716 alterum

120 745 319 794 dolebat
371 745 564 792 Aeneas
621 744 895 791 adfinitatis
951 760 1099 791 causa
1156 745 1412 805 quaesitae
1466 759 1556 804 per
1610 759 1812 790 uxorem

119 835 273 878 suam,
314 819 526 866 alterum
564 818 835 880 religionis,
875 819 1049 879 utpote
1086 819 1174 879 qui
1205 819 1333 865 esset
1365 818 1571 865 deorum
1604 818 1809 866 antistes

120 896 169 940 et
206 893 379 941 cultor.
455 907 554 940 uon
592 893 703 939 tul-it
738 893 864 940 hanc
902 894 1105 951 speciem
1142 893 1335 951 furiata
1377 895 1530 939 mente
1573 890 1811 939 Coroebus

50 986 95 1017 10
121 972 163 1014 et
198 982 298 1015 sese
336 967 549 1014 medium
594 968 758 1014 iniecit
795 967 1050 1025 periturus
1087 969 1140 1013 in
1182 981 1379 1026 aymeu:
1433 981 1544 1012 011111
1584 964 1810 1012 omnibus

118 1041 280 1100 nobis,
320 1041 508 1102 inquit,
548 1056 647 1087 non
686 1041 918 1087 inmerito
958 1040 1361 1103 indignissimum
1399 1039 1663 1099 videretur,
1703 1041 1811 1086 tum

117 1116 275 1179 magis
332 1114 578 1162 Coroebus
635 1116 839 1173 exarsit,
897 1114 1029 1175 quod
1083 1114 1210 1161 talia
1262 1114 1454 1161 videret
1507 1114 1560 1159 in
1614 1128 1810 1174 sponsa.

118 1206 216 1237 non
255 1205 371 1253 ergo
412 1203 586 1251 passus
627 1190 700 1236 est
739 1188 947 1236 ulterius
987 1189 1089 1235 tale
1129 1189 1468 1249 spectaculum
1500 1187 1560 1234 de
1592 1188 1693 1235 suis
1727 1187 1811 1234 ad-

118 1263 326 1310 fectibus
373 1260 482 1310 fieri
529 1264 598 1322 et,
650 1263 768 1324 quia
817 1278 983 1310 amore
1031 1265 1082 1309 et
1127 1261 1249 1309 facti
1300 1262 1456 1323 ipsius
1511 1261 1810 1324 indignitate

45 1355 94 1387 15
117 1353 215 1385 non
261 1340 366 1385 tam
412 1336 509 1397 ira,
557 1337 642 1384 sed
687 1337 820 1384 furia
868 1335 1163 1397 ducebatur,
1209 1336 1435 1398 neglecto
1477 1336 1652 1383 salutis
1692 1350 1811 1383 suae

118 1411 372 1459 commodo
412 1427 513 1458 non
550 1413 863 1473 pugnaturus
903 1411 955 1457 in
995 1410 1167 1471 hostis,
1199 1409 1285 1458 sed
1323 1409 1592 1456 moriturus
1623 1410 1811 1456 invasit

115 1485 430 1546 mediumque
479 1500 672 1548 agmen⁸
701 1485 906 1546 inrupit.
984 1483 1201 1531 medium
1248 1499 1424 1547 agmen
1472 1483 1662 1530 veritus
1713 1498 1812 1530 non

118 1561 205 1620 est,
253 1559 387 1621 quod
430 1575 529 1607 non
566 1559 741 1606 timuit
779 1560 921 1606 mori.
999 1559 1336 1618 consequimur
1374 1559 1531 1605 euneti-
1571 1561 1613 1604 et
1649 1557 1812 1604 densis

115 1635 415 1681 incurrimus
454 1635 633 1681 armis:
686 1648 774 1680 nos
816 1648 1013 1694 quoque
1051 1648 1151 1680 non
1194 1632 1442 1679 defuimus
1480 1631 1810 1692 periclitanti3

41 1724 94 1755 τεο
115 1723 232 1755 113111
278 1708 449 1755 statim
496 1708 649 1754 etiam
694 1708 793 1768 ipsi
844 1706 1094 1754 consecuti
1149 1708 1340 1754 armato
1395 1706 1615 1754 hostium
1668 1707 1811 1752 coetu

116 1796 282 1829 sumus
337 1781 642 1828 circumdati.
719 1782 796 1828 hic
834 1783 1057 1840 primum
1103 1795 1159 1828 ece
1209 1781 1305 1828 alto
1353 1780 1542 1827 delubri
1588 1779 1796 1827 eulmine
1813 1783 1899 1822 410

117 1855 221 1904 telis
256 1859 533 1902 nostrorum
571 1856 850 1903 obruimur:
888 1869 998 1902 ecce
1028 1856 1145 1914 iam,
1178 1855 1415 1916 quoniam
1444 1854 1619 1901 invitis
1650 1853 1810 1899 numi-

116 1928 260 1977 nibus
293 1928 619 1990 certabamus,
643 1930 901 1977 occasione
932 1928 1167 1976 horrendi
1198 1943 1340 1976 casus
1375 1929 1462 1989 qui
1494 1927 1812 1974 exercebatur

116 2004 170 2050 in
209 2002 540 2051 Cassandram
587 2003 722 2065 quod
769 2003 916 2051 antea
962 2002 1191 2064 prodesse
1240 2004 1470 2063 coeperat
1515 2001 1569 2047 in
1617 2003 1811 2048 contra-

42 2085 96 2126 e'ss
117 2077 247 2124 rium
277 2092 475 2125 versum
506 2079 601 2138 est3
633 2093 751 2125 nam
782 2076 945 2124 induti
977 2077 1149 2138 spoliis
1181 2075 1415 2135 hostium,
1448 2075 1565 2122 dum
1591 2074 1809 2123 Coroebo

119 2152 171 2198 et
199 2149 504 2200 Cassandrae
544 2152 771 2214 cupimus
812 2151 1089 2211 subvenire,
1121 2150 1181 2198 de
1213 2165 1404 2198 summo
1438 2149 1632 2197 delubri
1662 2150 1811 2209 tecto,

119 2224 237 2272 dum
272 2227 510 2288 putamur
548 2227 701 2274 etiam
735 2240 824 2273 nos
859 2223 1050 2284 Graeci,
1081 2226 1365 2272 nostrorum
1395 2224 1510 2272 telis
1542 2222 1809 2271 obruimur.

71 2327 74 2330 >
117 2299 220 2346 tela
271 2299 354 2347 hic
408 2300 567 2362 accipi
620 2299 800 2347 debent
853 2314 980 2360 quae
1034 2299 1285 2347 hominem
1336 2299 1549 2360 possunt
1609 2297 1811 2345 vulnere

121 2371 343 2435 quolibet
396 2374 696 2435 opprimere,
758 2375 816 2421 ut
868 2373 1019 2435 lapis,
1081 2373 1236 2421 fustes
1291 2375 1342 2420 et
1394 2373 1559 2420 cetera
1613 2370 1810 2419 similia.

16 2461 98 2495 180
117 2445 239 2495 haec
262 2448 409 2495 ‘enim
446 2449 656 2509 possunt
693 2447 753 2495 de
786 2462 976 2496 summo
1010 2449 1227 2495 armatos
1260 2446 1481 2494 occidere
1511 2446 1615 2493 ictu
1646 2445 1812 2506 potius

238 2622 262 2661 1
295 2632 403 2677 erya
433 2618 475 2661 R
506 2631 610 2675 erqo
641 2633 676 2661 r.
800 2621 826 2672 8
858 2621 1012 2673 utpote
1043 2618 1126 2673 qui
1150 2617 1238 2660 LR
1271 2616 1328 2660 cf.
1355 2620 1442 2660 365
1473 2632 1518 2661 u.
1545 2629 1661 2672 quae
1693 2614 1764 2658 ed.
1801 2613 1807 2671 1

120 2676 308 2722 dearum
338 2677 410 2721 ed.
545 2681 571 2720 9
602 2678 750 2722 cultor
778 2675 867 2719 LR
896 2676 1069 2720 cultrix
1098 2676 1171 2720 ed.
1308 2679 1363 2720 15
1394 2681 1490 2719 tam
1520 2675 1608 2718 LR
1637 2673 1739 2731 (sed
1770 2673 1812 2716 R

34 2777 38 2782 .
121 2734 326 2792 dubitat)
357 2737 453 2780 iam
482 2751 506 2779 r
537 2741 716 2780 tantum
740 2735 812 2780 ed.
841 2737 848 2792 Ι
874 2736 1006 2790 furia
1030 2735 1117 2778 LR
1146 2737 1304 2790 furore
1334 2735 1407 2779 ed.
1503 2738 1557 2777 16
1589 2734 1642 2777 in
1671 2733 1812 2776 hostis

43 2822 56 2855 5⁷
120 2793 208 2838 LR
235 2795 289 2839 iu
320 2794 409 2839 del.
440 2810 476 2839 r.
506 2797 512 2851 Ι
540 2796 714 2840 iuva-sit
742 2794 830 2838 LR
861 2808 934 2839 eos
963 2795 994 2837 i.
1027 2794 1099 2838 ed.
1225 2798 1278 2838 19
1312 2807 1485 2851 quoque
1515 2792 1602 2836 LR
1632 2806 1706 2848 qu.
1739 2791 1809 2834 in-

40 2857 42 2861 '
121 2854 220 2908 quit
248 2854 320 2898 ed.
465 2859 522 2898 20
552 2855 695 2900 secuti
724 2853 797 2897 ed.
937 2857 991 2896 27
1025 2854 1308 2898 obruerimus
1337 2853 1374 2896 L
1405 2853 1538 2896 obrui
1567 2852 1739 2896 erimur
1769 2849 1812 2893 R

121 2911 356 2958 obruimur
385 2913 421 2956 L
444 2913 487 2957 H
508 2926 633 2958 man.
658 2928 682 2956 r
705 2913 777 2956 ed.
803 2912 938 2957 obrui
967 2913 1194 2969 coepimus
1222 2911 1273 2955 r'.
1367 2915 1423 2955 29
1453 2911 1599 2966 fustes
1627 2909 1715 2952 LR
1738 2908 1809 2953 ed.

118 2971 285 3024 fustis?
317 2985 378 3015 an
410 2973 614 3029 lapides?

32 2999 75 3226 We*
38 2939 49 2962 2·
