2014 3226
203 186 315 238 480
674 187 906 231 DONATI
936 188 1216 232 INTERPR.
1250 189 1429 233 VERG.

206 327 338 387 quod
380 329 452 374 ait
490 328 702 387 sumpsit
740 327 933 375 Aeneas
974 331 1157 375 sortem
1191 345 1246 375 ex
1279 330 1424 391 galea
1457 329 1697 376 eductam.
1769 333 1900 377 sorte

206 403 338 447 enim
379 401 640 447 ordinandi
679 402 880 447 fuerant
919 405 1122 463 propter
1169 406 1400 450 eventum
1440 402 1670 463 feriendi,
1718 403 1900 464 quippe

206 476 250 521 si
290 477 393 522 sine
435 477 563 521 sorte
603 474 655 520 id
694 474 855 534 fieret,
896 478 1025 522 esset
1064 477 1304 524 nonnulla
1342 478 1395 523 in
1435 477 1747 524 ordinatione
1787 492 1900 524 con-

208 550 388 595 tentio:
447 550 489 595 si
536 549 667 595 enim
718 550 867 610 primi
931 551 1115 610 quique
1178 551 1456 597 columbam
1517 550 1759 610 fixissent,
1816 549 1902 598 alii

211 658 515 669 ...........
551 622 742 683 aliquid
772 638 861 669 nec
894 624 1084 684 aliquid
1117 626 1378 671 sumerent.
1441 624 1533 671 hoc
1557 625 1689 671 facto
1705 626 1902 684 primus
1948 641 1968 675 5

206 697 413 743 clamore
458 696 665 743 secundo
704 697 1008 757 Hyrtacidae
1048 701 1158 744 ante
1203 699 1359 745 omnis
1408 700 1501 745 exit
1545 699 1675 744 locus
1714 699 1903 757 Hippo-

207 771 399 816 coontis.
479 770 664 816 adlusit
695 770 754 816 de
780 772 940 830 primo
974 774 1024 818 et
1049 772 1276 832 secundo,
1316 772 1400 819 sed
1432 771 1691 819 intellectu
1723 771 1903 819 discer-

209 845 415 903 nuntur,
447 845 636 905 primus
671 845 855 906 quippe
889 846 1009 891 exiit
1040 845 1350 906 Hippocoon,
1383 845 1468 893 sed
1497 845 1708 893 secundo
1733 846 1904 893 favore
1991 825 1997 919 t

207 918 404 979 populi,
446 918 656 964 secundo
697 935 796 965 non
835 921 947 979 post
978 920 1217 980 primum,
1266 920 1349 967 sed
1388 935 1623 981 prospero
1673 919 1902 967 debemus
1993 921 1997 931 ’

209 993 444 1052 accipere.
538 992 667 1038 hunc
723 1008 838 1054 ergo
895 1008 998 1041 sors
1055 994 1241 1041 fecerat
1294 995 1512 1055 primum
1569 993 1903 1041 consentiente
1930 1010 1991 1054 1⁰‘'f

209 1066 379 1112 favore
426 1066 770 1127 plurimorum.
849 1082 987 1126 quern
1033 1068 1172 1114 inodo
1222 1068 1394 1115 navali
1433 1068 1716 1115 Mnestheus
1755 1071 1905 1115 certa·

209 1141 337 1186 mine
383 1142 532 1186 vietor
579 1143 898 1200 consequitur,
966 1142 1118 1189 viridi
1157 1143 1440 1188 Mnestheus
1496 1142 1706 1188 evinctus
1760 1143 1903 1189 oliva.

210 1213 448 1260 secundus
505 1215 626 1261 exiit
675 1215 982 1277 Mnestheus,
1040 1217 1126 1276 qui
1175 1217 1325 1276 paulo
1375 1217 1512 1276 ante,
1567 1230 1678 1262 cum
1727 1216 1905 1262 navale
1977 1260 1987 1269 ,

211 1289 458 1334 certamen
499 1290 741 1350 ageretur,
781 1291 942 1336 victor
974 1291 1221 1350 extiterat,
1263 1292 1411 1350 atque
1445 1291 1518 1336 ita
1550 1290 1607 1335 ut
1640 1291 1904 1337 coronatus
1982 1292 1985 1350 ]

211 1378 269 1408 ex
308 1361 442 1408 oliva
481 1365 530 1409 et
569 1362 825 1410 frondibus
865 1363 963 1410 fuit
1009 1363 1239 1411 incedens
1287 1363 1491 1411 tenebat
1539 1363 1761 1410 ordinem
1800 1378 1904 1410 sor-
1931 1375 1997 1425 ιω

118 1447 206 1486 495
224 1437 304 1482 tiS.
366 1436 534 1483 tertius
559 1437 818 1498 Eurytion,
852 1441 964 1484 tuus
995 1451 1021 1484 o
1054 1438 1322 1485 clarissime
1351 1438 1508 1496 frater
1538 1437 1784 1493 Pandare,
1823 1438 1906 1496 qui
1980 1459 1993 1500 3

211 1509 457 1568 quondam
494 1512 660 1559 iussus
700 1511 991 1570 confundere
1029 1511 1199 1570 foedus
1237 1513 1291 1559 in
1328 1513 1511 1559 medios
1550 1512 1695 1558 telum
1725 1513 1907 1559 torsisti
1989 1501 1991 1541 ἕ

202 1586 406 1644 primus
429 1584 653 1634 Achivos.
725 1585 844 1632 exiit
881 1587 1030 1632 tertio
1062 1585 1170 1632 loco
1204 1586 1450 1647 Eurytion
1483 1586 1638 1632 frater
1675 1584 1906 1644 Pandari,

213 1661 302 1719 qui
334 1660 603 1721 aliquando
642 1661 695 1706 in
728 1658 938 1707 Graecos
972 1661 1212 1707 contorsit
1242 1661 1398 1706 telum
1431 1675 1530 1706 non
1563 1675 1651 1707 suo
1685 1659 1905 1717 arbitrio,

212 1734 297 1781 sed
343 1735 665 1795 praecedente
704 1735 943 1792 iussione,
994 1735 1051 1780 ut
1089 1735 1246 1781 ictum
1284 1734 1455 1781 foedus
1494 1749 1691 1796 pugnae
1737 1735 1906 1793 posset
1931 1748 2000 1783 so»

210 1809 507 1870 repetitione
540 1807 789 1856 confundi.
851 1809 944 1855 tris
969 1809 1091 1855 istos
1117 1823 1228 1855 cum
1253 1809 1406 1871 signis
1432 1808 1532 1855 suis
1558 1809 1738 1869 posuit,
1779 1822 1904 1868 quae

213 1898 244 1929 a
275 1899 454 1946 genere
486 1883 797 1946 singulorum
836 1881 1162 1930 trahebantur
1201 1884 1289 1929 aut
1327 1881 1488 1942 factis,
1528 1882 1702 1928 melior
1741 1884 1907 1928 tamen

212 1956 575 2019 Hippocoontis
617 1956 883 2017 descriptio
925 1957 1035 2015 fuit,
1074 1958 1127 2003 in
1167 1972 1267 2017 qua
1306 1959 1353 2003 et
1394 1955 1626 2002 adludere
1658 1956 1819 2003 voluit
1859 1957 1908 2002 et

212 2033 407 2078 iuvare:
446 2047 562 2077 nam
602 2032 689 2092 qui
727 2032 916 2091 primus
950 2031 1138 2077 exierat
1176 2029 1356 2077 habuit
1387 2029 1655 2077 secundum
1686 2029 1907 2076 savorem

214 2105 402 2166 populi.
478 2105 609 2152 hunc
649 2120 764 2166 ergo
806 2103 931 2151 dixit
970 2104 1300 2166 Hyrtaciden,
1337 2103 1551 2166 Hyrtaci
1589 2103 1778 2151 scilicet
1822 2117 1906 2150 no·
1931 2115 1978 2153 εδ

212 2179 329 2226 bilis
360 2179 572 2227 hominis
603 2178 775 2239 filium,
814 2177 1128 2225 Mnestheum
1158 2178 1396 2226 victoriae
1429 2178 1584 2241 signis
1618 2179 1667 2224 et
1699 2191 1906 2224 coronae

214 2253 399 2300 indicio
440 2268 496 2300 ac
533 2254 748 2313 repetito
787 2252 986 2299 nomine
1026 2252 1279 2300 evidenter
1310 2252 1543 2312 ostendit,
1582 2251 1907 2312 Eurytionem

214 2342 346 2387 vero,
387 2326 515 2387 quod
555 2326 775 2374 Pandari
814 2328 941 2374 esset
978 2326 1157 2386 frater,
1198 2327 1286 2387 qui
1331 2327 1494 2374 iussus
1541 2324 1815 2386 torquendo
1854 2324 1906 2370 in

214 2400 407 2448 hostem
422 2400 576 2448 telum
594 2400 766 2447 foedus
792 2399 1028 2447 confudit.
1077 2403 1313 2447 extremus
1325 2401 1559 2459 ,qaleaque
1579 2401 1681 2446 ima
1697 2397 1910 2460 subsedit
1980 2431 1996 2447 -,

216 2473 411 2522 Acestes
442 2489 594 2522 ausus
627 2476 795 2533 etipse
825 2488 979 2521 manu
1008 2475 1239 2521 iuvenum
1270 2476 1500 2533 temptare
1530 2473 1768 2520 laborem:
1803 2487 1904 2519 non
1929 2484 1976 2523 ω

340 2649 451 2688 1·—·2
483 2649 646 2688 sortem
676 2645 796 2687 enim
827 2643 876 2686 L.
1030 2647 1144 2686 2—3
1184 2645 1351 2700 quippe
1387 2644 1430 2687 si
1460 2643 1501 2686 R
1542 2643 1707 2699 quippe
1738 2641 1787 2684 L.

217 2708 334 2747 4-5
365 2704 573 2758 fixissent
602 2703 690 2746 alii
719 2717 800 2746 nec
830 2703 1008 2759 aliquid
1039 2707 1264 2746 sumerent
1292 2703 1334 2745 Β,
1370 2703 1406 2757 f.
1439 2703 1619 2758 aliquid
1650 2716 1694 2745 n.
1729 2716 1770 2744 a.
1803 2715 1837 2745 s.
1870 2699 1906 2743 L
1940 2702 1990 2747 ii„

217 2764 325 2820 post
356 2763 444 2806 alii
481 2761 706 2807 excidisse
737 2763 852 2818 puto
884 2776 966 2806 nec
994 2762 1184 2816 ferirent
1221 2761 1376 2805 locum
1407 2761 1609 2804 mutavit
1641 2762 1688 2804 et
1718 2758 1907 2803 mutila-

217 2821 298 2866 vit'
318 2822 390 2866 ed.
549 2825 575 2865 5
606 2822 688 2865 hoc
717 2822 839 2874 facto
871 2821 958 2863 LR
989 2826 1031 2865 et
1060 2819 1132 2864 ed.
1300 2825 1324 2863 9
1357 2821 1436 2865 sed
1460 2834 1677 2876 prospero
1708 2819 1796 2862 LR
1819 2830 1924 2875 pros
1967 2869 1971 2873 Δ

218 2881 441 2937 interpos.
468 2880 576 2924 edF.
699 2885 755 2923 22
788 2895 818 2924 a
847 2893 1004 2936 yenere
1033 2879 1319 2924 vinculorum
1350 2879 1392 2922 R
1423 2894 1453 2923 a
1482 2893 1583 2936 yere
1613 2893 1652 2923 v.
1681 2878 1716 2920 L
1749 2889 1914 2935 ayqere*
1973 2891 1977 2896 ·

218 2954 260 2983 v.
284 2939 380 2984 HU
411 2939 484 2984 ed.
517 2953 676 2997 ayyere
706 2939 962 2983 incolarum
996 2938 1032 2983 Ο
1065 2952 1096 2982 α
1125 2952 1282 2996 yenere
1311 2939 1598 2996 singulorum
1629 2950 1726 2980 nos·
1770 2939 1776 2995 Ι
1825 2939 1919 2998 αμϋ

218 2999 357 3054 factis
388 3013 475 3042 om.
501 2998 555 3042 R.
679 3002 735 3042 24
767 2999 923 3042 iuvari
952 2997 1039 3041 LR
1069 2998 1228 3043 iuvare
1258 2997 1330 3040 ed.
1927 3011 1934 3014 ·
