2014 3226
247 176 354 226 212
711 172 943 217 DONATI
974 171 1254 215 INTERPR.
1290 172 1466 214 VERG.

247 317 299 362 in
331 330 428 376 qua
461 314 699 373 Priamus,
736 313 944 360 alteram
979 328 1095 360 vero
1135 312 1187 358 in
1229 328 1325 373 qua
1356 312 1540 359 Hector
1581 312 1936 372 commanebat,

246 392 303 436 ut
332 390 630 435 transiretur
661 403 718 434 ex
750 402 849 433 una
882 385 945 433 ad
977 386 1187 432 alteram
1219 387 1349 433 fores
1390 385 1577 433 dabant
1617 387 1937 446 occasionem,

248 479 372 523 quae
413 462 473 509 ob
514 462 639 507 hanc
677 475 877 507 causam
908 460 1106 507 fuerant
1137 460 1314 520 factae,
1347 462 1404 506 ut
1436 463 1598 506 essent
1629 461 1775 507 notae
1809 475 1936 508 com·
1990 449 1993 507 ἶ

247 535 581 594 manentibus,
631 534 858 581 extrariis
907 549 1022 580 vero
1068 534 1366 596 incognitae.
1443 534 1572 580 hunc
1618 534 1781 581 locum
1829 549 1938 580 cum
1991 539 1993 582 Ξ

248 610 647 671 pronuntiamus,
693 609 765 655 sic
812 607 1044 655 debemus
1085 607 1313 655 ordinare
1356 623 1384 653 a
1422 608 1586 670 tergo,
1633 610 1690 654 ut
1730 623 1758 654 a
1797 609 1937 670 tergo
1974 593 1995 669 i

248 685 347 731 sint
392 685 558 743 postes
606 685 655 728 et
700 681 874 741 limen,
920 698 1020 729 non
1065 682 1231 728 relicti
1270 697 1299 728 a
1337 683 1501 744 tergo,
1564 681 1768 728 dubium
1809 683 1939 728 enim
1990 683 1993 710 ἵ

247 773 345 804 non
394 758 467 803 est
515 772 544 802 a
589 757 730 818 tergo
777 755 885 802 fieri
932 756 1169 816 quicquid
1215 755 1366 801 fuerit
1413 755 1654 802 relictum.
1733 771 1831 816 qua
1874 770 1939 814 se,

249 830 364 876 dum
410 845 563 893 regna
610 829 898 890 manebant,
948 831 1143 890 saepius
1182 828 1526 876 Andromache
1569 830 1696 876 ferre
1735 828 1939 877 incomi-
1980 829 1984 842 ¹

248 907 355 951 tata
403 903 595 951 solebat
644 903 706 950 ad
754 918 945 951 soceros
995 906 1045 950 et
1093 918 1186 950 avo
1233 919 1444 964 puerum
1483 906 1792 964 Astyanacta
1837 905 1940 950 tra-

247 978 418 1025 hebat:
473 980 580 1024 tam
618 977 670 1023 in
710 977 936 1025 abstruso
977 979 1026 1024 et
1066 977 1235 1024 abdito
1275 977 1475 1024 fuerant
1515 977 1837 1038 constitutae,
1884 978 1983 1024 ut»

248 1068 336 1113 per
373 1052 462 1099 has
502 1051 848 1098 Andromache
886 1051 1040 1098 nullis
1079 1052 1132 1098 in
1172 1050 1406 1112 obsequio
1448 1050 1709 1098 comitibus
1741 1051 1834 1098 hoc
1866 1052 1941 1100 est
1982 1071 1987 1086 -,

249 1125 618 1185 deductoribus,
665 1128 722 1172 ut
770 1127 1050 1172 matronam
1090 1127 1140 1172 et
1179 1141 1358 1172 nurum
1395 1125 1527 1187 regis
1567 1124 1727 1172 adhuc
1765 1125 1940 1171 floren-

246 1199 429 1247 tissimi
461 1198 639 1259 decuit,
670 1215 770 1247 non
810 1199 974 1260 semel,
1014 1199 1099 1246 sed
1139 1201 1336 1260 saepius
1374 1199 1611 1246 transiret
1650 1198 1714 1245 ad
1749 1213 1940 1247 soceros

247 1274 436 1321 faciens
475 1274 568 1320 hoc
608 1274 712 1320 sine
750 1273 953 1334 pudoris
987 1274 1037 1320 et
1067 1272 1391 1320 verecundiae
1423 1272 1736 1333 detrimento,
1767 1274 1941 1334 utpote

252 1363 377 1408 quae
416 1348 512 1394 iret
550 1363 639 1409 per
679 1350 920 1396 secretum
958 1347 1123 1394 locum
1163 1346 1227 1394 ad
1264 1362 1500 1407 personas
1540 1347 1778 1410 religione
1818 1347 1983 1403 satisi

251 1437 307 1469 ac
339 1420 717 1469 necessitudinis
748 1422 943 1468 ratione
977 1422 1278 1468 coniunctas.
1330 1421 1476 1468 huius
1502 1420 1600 1468 loci
1621 1423 1766 1468 tanta
1790 1421 1943 1468 etiam

250 1496 544 1556 proximitas
586 1494 697 1555 fuit,
736 1497 794 1542 ut
824 1494 1136 1556 Astyanacta
1167 1494 1327 1541 filium
1359 1510 1502 1542 suum
1534 1495 1800 1542 admodum
1831 1510 1942 1556 par-
1986 1480 1989 1526 Ϊ

249 1570 423 1617 vulum
461 1585 561 1617 non
599 1569 889 1617 iuvantibus
928 1568 1125 1629 baiulis,
1166 1569 1251 1616 sed
1289 1570 1401 1630 ipsa
1442 1568 1504 1616 ad
1544 1585 1693 1616 avum
1739 1569 1944 1631 propria
1988 1583 1989 1587 ’

250 1659 401 1691 manu
439 1642 657 1691 retinens
697 1643 917 1690 traheret
955 1658 1045 1690 nec
1077 1643 1183 1704 ipse
1213 1643 1526 1705 fatigaretur,
1557 1643 1676 1691 licet
1706 1643 1942 1690 maternis

251 1717 497 1780 gressibus
539 1717 742 1778 aequari
779 1733 880 1764 non
918 1719 1086 1779 posset
1124 1732 1283 1778 neque
1320 1717 1411 1764 illa
1445 1718 1664 1765 sentiret
1708 1716 1942 1779 laborem,
1963 1747 1966 1751 -

253 1807 378 1852 quae
431 1807 530 1839 non
583 1793 757 1854 magni
808 1790 999 1838 roboris
1055 1789 1286 1838 trahebat
1338 1791 1596 1838 infantem.
1675 1791 1824 1839 evado
1879 1791 1969 1850 ad⁴

250 1867 427 1912 summi
457 1866 660 1926 fastigia
691 1866 930 1920 culminis,
957 1864 1145 1912 scilicet
1176 1879 1275 1926 qua
1306 1880 1357 1912 se
1382 1864 1726 1912 Andromache
1754 1865 1945 1912 ferebat

252 1939 316 1986 ad
361 1954 554 1987 soceros
599 1954 690 1986 nec
735 1938 999 1987 videbatur
1046 1939 1108 1986 ab
1149 1939 1332 1999 aliquo.
1411 1954 1524 2002 ego,
1563 1939 1749 2000 inquit,
1789 1938 1943 1987 evado

253 2012 316 2060 ad
347 2012 526 2060 summi
556 2013 762 2076 fastigia
794 2013 1038 2073 culminis,
1069 2013 1162 2060 hoc
1194 2015 1268 2060 est
1298 2012 1523 2060 vadendo
1556 2015 1607 2061 et
1638 2012 1967 2061 ascendendo

251 2087 485 2148 pervenio
542 2086 605 2134 ad
658 2088 866 2150 fastigia
921 2086 1151 2134 culminis
1206 2088 1408 2147 summi,
1462 2087 1592 2134 unde
1645 2088 1740 2134 tela
1790 2101 1947 2134 mmm
1966 2108 1986 2123 «²

252 2162 418 2208 miseri
463 2162 714 2208 iactabant
747 2163 900 2209 inrita
941 2161 1142 2209 Teucri:
1194 2161 1308 2221 illo,
1346 2162 1533 2222 inquit,
1573 2161 1777 2222 perveni
1813 2159 1942 2208 unde
1959 2156 1996 2217 {J

227 2235 413 2282 nostri
450 2235 574 2282 satis
613 2236 860 2283 instanter
897 2235 998 2282 tela
1037 2234 1302 2295 iaciebant,
1345 2235 1431 2283 sed
1469 2236 1668 2284 frustra.
1745 2233 1942 2282 testudo
1959 2254 1981 2297 ῃ(

254 2309 386 2355 enim
419 2308 642 2369 superius
676 2308 936 2370 descripta·
953 2308 1068 2356 telis
1099 2309 1223 2370 ipsis
1257 2308 1508 2356 adimebat
1539 2309 1779 2356 effectum.
1823 2299 1982 2362 dicit}

253 2383 354 2430 iam
379 2383 640 2430 consilium
664 2398 808 2430 suum
833 2382 968 2443 quod
999 2385 1314 2446 suggesserat
1343 2383 1611 2431 necessitas
1634 2398 1725 2444 pro
1749 2374 1981 2448 rationejg

253 2455 351 2503 loci
389 2470 447 2504 ac
483 2458 721 2516 temporis
762 2459 812 2503 et
849 2472 1185 2518 personarum.
1247 2457 1302 2503 in
1341 2472 1532 2504 summo
1573 2457 1705 2503 enim
1742 2454 1943 2503 fueru'n
1971 2454 1981 2458 ”

254 2529 346 2591 qui
387 2529 620 2577 adversus
665 2530 822 2578 hostis
875 2531 929 2578 in
981 2532 1082 2578 imo
1132 2531 1322 2591 positos
1367 2530 1651 2592 inpediente
1695 2529 1933 2587 testudinj

254 2604 440 2652 frustra
493 2603 795 2667 pugnabant.
867 2606 1183 2666 voportunum
1238 2603 1302 2651 ad
1356 2603 1678 2651 obtinendum
1731 2604 1850 2664 fuit,

254 2676 598 2742 prot-rideretur
651 2677 842 2739 aliquid
897 2677 1031 2739 quod
1079 2693 1178 2724 non
1225 2677 1574 2739 qualicumque
1628 2678 1732 2725 ictu

374 2806 402 2845 4
433 2803 662 2847 eoebraneis
693 2802 764 2846 ed.
866 2807 920 2846 19
951 2818 1033 2847 ‘nee
1063 2803 1150 2847 LR
1179 2809 1232 2847 ut
1261 2817 1342 2848 ‘nec
1370 2801 1697 2846 1219—20
1727 2807 1839 2847 mat
1915 2801 1924 2812 ’

254 2861 479 2918 yressibus
501 2862 694 2918 aequari
715 2861 801 2904 LR
825 2861 897 2906 ed.
928 2867 1156 2908 maternos
1177 2875 1355 2920 gressus
1377 2874 1573 2918 aequare
1602 2865 1792 2905 1225
1829 2882 1831 2887 i

257 2932 345 2964 om.
371 2920 443 2964 ed.
565 2923 622 2963 30
651 2921 841 2976 fuerant
868 2921 923 2965 R.
1046 2926 1100 2965 31
1135 2922 1352 2966 adversus
1383 2935 1470 2965 om.
1496 2921 1567 2964 ed.
1597 2922 1604 2976 Ι
1642 2921 1876 2977 inpedient
1902 2938 1924 2981 γ
1942 2919 1961 2985 ’1

257 2980 478 3023 testudine
508 2979 594 3022 LR
623 2979 880 3036 inpediente
910 2985 939 3023 t.
972 2994 1056 3025 nos
1087 2982 1264 3024 temere
1293 2982 1407 3024 mut
1442 2979 1512 3024 ed.
1796 3010 1799 3014 -
1932 2984 1933 2987 ’
