2014 3226
748 173 1051 218 AENEmos
1084 174 1146 217 VI
1698 177 1807 229 535

115 315 235 375 quia
283 314 370 361 sub
419 315 522 361 eius
570 313 727 362 oculis
775 314 1102 374 transierunt,
1157 314 1274 376 quia
1323 315 1551 363 sederunt
1603 317 1654 362 in
1703 317 1806 363 solo

0 320 2 443 l
117 387 325 435 herboso
373 389 422 434 et
467 387 705 447 iucundo,
759 388 1004 435 intellexit
1050 388 1242 436 Aeneas
1298 389 1346 435 in
1395 392 1618 436 materno
1667 391 1806 452 signo

118 477 313 510 omnem
352 476 455 509 esse
494 461 777 508 inveniendi
817 461 943 508 rami
980 461 1324 510 substantiam.
1396 463 1645 510 venientes
1678 464 1808 510 enim

119 535 176 582 de
217 536 353 583 caelo
394 538 561 596 aperte
601 535 946 583 monstrabant
985 552 1085 583 non
1124 536 1258 583 aliud
1307 552 1356 584 se
1396 538 1522 584 ferre
1569 537 1667 584 nisi
1706 538 1808 584 eius

71 625 94 658 5
119 608 483 670 expeditionem
527 608 601 656 rei
654 608 713 656 de
763 625 862 670 qua
909 609 1224 672 cogitabatur
1270 611 1317 656 in
1371 611 1630 672 praesenti.
1708 614 1810 657 tum

118 685 362 731 maximus
400 684 563 731 heros:
610 682 719 730 laus
759 684 858 730 ista
897 698 995 730 non
1042 683 1104 730 ad
1152 685 1369 745 corporis
1417 685 1568 744 bona,
1615 685 1699 732 sed
1746 683 1810 731 ad

119 757 273 804 animi
314 757 523 804 virtutes
561 756 792 818 pertinet.
864 757 1127 819 vigilantia
1166 759 1297 804 enim
1328 759 1508 805 mentis
1542 762 1591 805 et
1623 759 1809 806 astutia

120 846 216 892 qua
248 830 442 879 Aeneas
481 830 701 892 pollebat
739 830 986 878 intellexit
1025 833 1280 894 angustias
1321 846 1433 879 suas
1473 834 1696 879 materno
1736 848 1808 879 re-

118 904 280 952 medio
320 904 603 952 sublevatas
644 908 693 952 et
731 905 846 952 illas
887 919 1001 952 aves
1049 905 1411 966 expeditionem
1456 905 1599 953 rebus
1647 921 1809 953 neces-

53 993 96 1027 ιο
119 980 262 1027 sariis
322 979 463 1027 ferre.
548 978 640 1027 hoc
687 981 762 1026 est
810 979 941 1040 quod
992 980 1065 1026 ait
1118 983 1364 1027 maternas
1426 981 1640 1039 aymo-scit
1698 993 1811 1027 aves

119 1053 365 1112 laetusque
394 1056 654 1113 precatur:
692 1053 846 1114 quod,
884 1053 1070 1114 inquit,
1118 1056 1368 1100 maternas
1417 1054 1642 1116 agnoscit
1680 1069 1810 1113 aves,

119 1127 208 1174 has
249 1129 480 1189 coeperat
518 1127 681 1174 laetus
720 1126 933 1174 hortari:
982 1131 1074 1174 este
1112 1128 1275 1176 duces.
1316 1142 1342 1174 o
1381 1129 1424 1174 si
1463 1142 1561 1187 qua
1607 1129 1690 1175 via
1730 1130 1810 1174 est.

20 1200 24 1203 ’
118 1201 260 1249 bene?
289 1200 348 1247 de
395 1202 478 1249 via
529 1216 656 1262 quae
707 1200 771 1248 ad
821 1217 1017 1248 ramum
1068 1201 1269 1249 duceret
1318 1200 1590 1261 dubitavit,
1645 1200 1811 1249 stabat

120 1275 251 1322 enim
297 1275 349 1321 in
397 1274 548 1335 silva,
601 1275 739 1322 cuius
786 1274 1004 1323 densitas
1054 1275 1286 1322 universa
1341 1275 1669 1322 concluserat:
1708 1289 1810 1334 vos,

53 1364 95 1396 1⁵
119 1349 298 1410 inquit,
338 1349 472 1397 viam
510 1351 799 1410 monstrate,
840 1348 882 1397 si
920 1349 1024 1396 ulla
1057 1351 1145 1397 est.
1222 1363 1510 1408 cursumque
1531 1363 1626 1409 per
1657 1363 1811 1396 auras

119 1423 313 1483 diriyite
349 1425 405 1471 in
443 1423 588 1478 lucos,
627 1424 711 1470 ubi
733 1424 970 1483 pinquem
1000 1423 1132 1470 dives
1170 1426 1344 1483 opacat
1372 1437 1543 1470 ramus
1573 1423 1901 1470 humma-195

119 1512 208 1545 vos
248 1497 378 1544 enim
418 1498 628 1559 potestis
668 1496 893 1544 difficilia
939 1512 1193 1558 superare,
1241 1511 1363 1558 quas
1411 1512 1561 1544 aurae
1608 1498 1813 1558 portant

122 1573 171 1618 et
194 1570 434 1619 silvarum
464 1570 816 1632 inpedimentis
847 1570 980 1619 leves
1011 1570 1192 1632 pinnae
1221 1570 1542 1632 suspendunt.
1605 1585 1691 1618 vos
1722 1569 1811 1617 illo

10 1695 17 1698 ,
121 1644 257 1692 viam
295 1644 496 1708 dirigite
536 1644 622 1692 ubi
661 1645 797 1693 dives
835 1660 1003 1692 ramus
1043 1646 1223 1707 opacat
1262 1644 1422 1692 locum
1468 1645 1523 1691 in
1570 1659 1666 1704 quo
1708 1658 1812 1692 esse

51 1733 99 1767 ὀ
122 1719 426 1767 commeruit.
505 1723 648 1779 tuque
686 1733 713 1766 0
752 1719 915 1767 dubiis
952 1733 1013 1766 ne
1051 1719 1198 1778 defice
1242 1718 1407 1772 rebus,
1455 1718 1571 1766 diva
1600 1732 1814 1777 parens:

122 1795 172 1840 et
202 1794 260 1840 tu
290 1794 542 1840 mater-ne
574 1792 741 1840 desere
772 1792 945 1854 filium,
970 1808 1081 1840 eum
1111 1792 1194 1840 vel
1216 1793 1429 1839 maxime
1454 1807 1600 1853 quem
1624 1791 1814 1839 incerta

122 1866 425 1915 confodiunt.
485 1883 513 1914 o
546 1866 730 1929 posuit,
754 1883 867 1915 cum
895 1867 1182 1928 loqueretur
1212 1881 1323 1914 cum
1356 1865 1609 1925 columbis,
1634 1881 1677 1925 o,
1702 1880 1814 1912 cum

120 1955 318 2003 precem
346 1942 575 1989 torsisset
606 1940 670 1988 ad
700 1942 934 2002 matrem3
964 1940 1070 1989 illic
1100 1939 1231 1987 enim
1262 1940 1466 2002 ponitur
1487 1938 1576 1986 ubi
1606 1939 1813 2000 simplex

4 2067 10 2075 ⁸
122 2015 342 2063 hortatio
375 2017 450 2063 est
481 2017 532 2062 et
560 2014 758 2062 blanda.
815 2016 886 2062 sic
916 2016 1089 2076 effatus
1119 2015 1321 2074 vestiyia
1342 2013 1524 2073 pressit
1554 2013 1813 2060 observans

5 2096 14 2141 ξ
54 2102 101 2137 25
124 2103 247 2149 quae
281 2090 427 2150 siyna
463 2090 641 2150 ferant,
679 2102 772 2149 quo
811 2089 1001 2136 tendere
1029 2091 1265 2149 pergant:
1312 2089 1509 2150 praeter
1548 2085 1814 2135 adventum

4 2154 15 2264 Ξ
123 2164 277 2223 enim,
316 2177 414 2225 quo
453 2178 592 2226 spem
628 2163 898 2210 maximam
936 2161 1192 2210 columbae
1230 2160 1616 2224 pollicebantur,
1662 2159 1813 2208 etiam
1854 2228 1857 2231 Ι

124 2236 349 2285 sedentes
374 2236 559 2299 aliquid
585 2239 819 2299 poterant
843 2239 893 2284 et
914 2235 1132 2284 motibus
1156 2235 1370 2298 propriis
1390 2234 1635 2282 nuntiare.
1682 2231 1816 2295 quod

44 2328 46 2331 ·
122 2311 288 2373 ipsum
306 2311 424 2373 quia
437 2310 631 2359 Aeneas
648 2313 857 2359 noverat
871 2325 1015 2372 posse
1031 2310 1305 2371 provenire,
1321 2307 1616 2358 observabat
1630 2307 1814 2355 tacitus

124 2384 351 2448 vestigiis
366 2384 491 2446 fixis,
498 2387 560 2433 ut
571 2383 721 2432 sciret
734 2399 860 2446 quae
872 2386 1038 2432 essent
1048 2383 1311 2432 habiturae
1322 2382 1508 2431 indicia
1520 2382 1814 2429 futurorum.

55 2471 104 2507 ⁸0
117 2462 371 2520 pascentes
399 2457 516 2508 illae
542 2462 731 2507 tantwm
746 2458 976 2519 prodiere
998 2457 1205 2506 volando
1228 2460 1465 2517 quantum
1487 2457 1590 2504 acie
1602 2456 1801 2515 possent
1815 2454 1905 2495 20⁰

49 2578 56 2586 ,
115 2527 470 2581 ὀσιιῑῖεενυανε
490 2531 806 2592 sequentum:
826 2531 1130 2594 prodierunt,
1152 2531 1334 2593 inquit,
1355 2528 1592 2578 volando:
1622 2526 1816 2591 prodie-

126 2608 245 2654 runt
265 2606 449 2669 pedum
473 2607 721 2671 significat
744 2620 983 2670 gressum,
1005 2604 1210 2654 volandi
1233 2606 1400 2653 autem
1423 2604 1591 2666 partes
1615 2601 1678 2650 ad
1709 2599 1815 2649 alas

247 2751 275 2791 3
305 2761 480 2793 onmem
509 2747 553 2792 V
583 2762 713 2792 omen
742 2746 814 2791 ed.
959 2750 986 2789 4
1025 2746 1159 2790 aliud
1188 2744 1231 2788 V
1262 2745 1379 2788 alios
1408 2742 1480 2788 ed.
1633 2745 1657 2786 7
1697 2741 1817 2786 enim

27 2819 45 2850 A
124 2819 217 2850 om.
242 2805 315 2852 ed.
409 2810 464 2850 12
494 2808 579 2852 has
608 2805 652 2850 V
680 2806 753 2851 his
782 2805 855 2851 ed.
957 2809 1011 2849 16
1042 2804 1219 2849 diverso
1243 2808 1390 2860 paqat
1418 2801 1475 2845 V.
1574 2805 1631 2845 19
1659 2811 1818 2845 ramus

127 2871 293 2922 opacat
314 2864 357 2910 V
377 2867 567 2911 humum
589 2880 660 2923 op.
684 2879 843 2910 ramus
865 2863 937 2908 ed.
990 2908 994 2911 ,
1030 2868 1087 2908 23
1114 2876 1268 2920 preces
1297 2861 1370 2906 ed.
1461 2864 1517 2904 29
1547 2859 1754 2904 habitum·
1774 2856 1818 2902 V

126 2937 245 2968 corr.
269 2923 342 2969 ed.
441 2929 498 2968 30
522 2925 736 2982 prodiere
757 2923 800 2967 V
824 2923 1014 2991 prodire
1043 2922 1116 2967 ed.
1149 2924 1198 2967 et
1229 2920 1368 2978 Vei-g.
1392 2918 1518 2973 libri,
1548 2917 1631 2963 sed
1661 2917 1820 2975 potest

125 2982 246 3028 Don.
276 2996 363 3041 per
392 2983 715 3041 synaloephen
743 2982 914 3041 legisse
945 2983 1000 3026 ut
1029 2982 1102 3026 dii
1129 2984 1216 3024 264
1248 2981 1297 3024 et
1324 2978 1512 3035 ubique.
