2014 3226
734 162 1038 205 AENfflDos
1070 162 1133 205 111
1677 165 1782 216 289

94 302 146 349 in
178 303 370 350 ratione
403 316 572 348 cursus
606 301 812 364 originis
845 317 975 362 suae,
1001 302 1201 350 Italiam
1233 303 1398 363 potius
1432 305 1480 350 et
1516 302 1784 364 Corythum

94 379 249 438 petat.
314 377 528 422 ceterum
560 375 799 436 Iuppiter,
834 375 917 436 qui
954 375 1125 424 Cretae
1158 376 1422 437 peculiaris
1464 378 1656 424 amator
1696 380 1783 436 est,

94 449 236 497 nobis
282 450 479 510 penitus
527 449 686 509 ipsam
734 448 946 511 denegat
992 450 1169 497 sedem.
1247 465 1392 511 surge
1440 455 1489 497 et
1537 467 1627 514 age
1673 451 1783 498 hor-

94 524 310 570 tantium
341 522 492 570 verba
524 525 638 569 sunt
670 524 720 569 et
750 522 865 570 hine
888 522 1080 570 Aeneas
1114 524 1390 571 ostenditur
1421 541 1508 586 per
1539 525 1784 572 somnium

50 613 70 645 5
95 597 277 644 vidisse
318 598 368 644 et
407 587 611 643 audisse'
643 612 768 657 quae
808 596 1031 658 superius
1073 598 1207 644 diota
1244 601 1381 658 sunt,
1429 600 1655 659 quamvis
1696 599 1784 646 alii

95 673 165 718 sie
212 673 481 732 exponant,
526 673 583 717 ut
629 672 868 718 insomnis
917 673 1060 731 quasi
1106 673 1209 718 sine
1260 687 1431 719 somno
1472 687 1528 719 30
1567 689 1654 734 per
1692 673 1784 720 1100

95 745 310 808 vigilans
365 745 698 807 intellegatur.
778 760 921 807 surge
976 746 1132 808 igitur
1179 748 1228 792 et
1273 746 1393 792 11300
1440 746 1602 794 laetus
1651 746 1784 795 dieta

93 819 337 881 longaevo
369 820 568 879 parenti
598 818 940 866 indubitanter
971 835 1179 879 expone:
1211 822 1341 867 recte
1374 820 1591 880 positum
1623 820 1782 868 laetus

93 893 236 954 refer,
279 893 398 954 quia
435 894 487 939 in
527 893 663 939 111οΥ0
703 892 800 939 fuit
838 891 980 940 labor
1018 893 1288 956 navigandi
1329 894 1391 940 ad
1432 892 1694 958 Ortygiam
1735 898 1783 942 et

26 983 70 1016 ιο
95 967 264 1014 oblata
312 968 478 1014 omnia
522 967 785 1028 perspicua
831 968 1116 1014 narratione
1163 971 1463 1028 perceperat.
1541 967 1782 1031 longaevo

95 1056 205 1087 eum
236 1040 613 1102 reprehensione
653 1040 848 1088 occulta
886 1043 1171 1102 posuerunt,
1206 1043 1322 1102 quia
1363 1057 1525 1089 errare
1564 1058 1663 1089 non
1703 1042 1783 1090 de-

92 1114 204 1162 buit
252 1130 397 1162 senex
444 1115 496 1161 in
539 1115 744 1177 originis
786 1130 902 1162 suae
943 1130 1103 1162 031133.
1183 1116 1359 1162 talibus
1400 1117 1627 1163 attonitus
1666 1117 1784 1164 visis

93 1193 137 1236 et
165 1203 275 1236 voce.
305 1190 527 1235 deorwm:
559 1188 655 1235 duo
689 1187 873 1250 quippe
906 1190 1175 1236 extiterant
1205 1189 1446 1248 miranda,
1472 1189 1587 1237 deos
1618 1189 1783 1238 videre

94 1263 273 1310 obtutu
320 1266 370 1310 et
414 1263 663 1324 loquentis
703 1263 897 1323 audire,
949 1263 1143 1324 quibus,
1183 1264 1360 1324 inquit,
1400 1265 1473 1310 ita
1513 1278 1561 1310 se
1601 1263 1782 1311 haben-

18 1352 69 1388 115
91 1336 224 1384 tibus
272 1338 515 1384 attonitus
563 1338 723 1384 factus
772 1353 883 1384 sum
936 1337 1028 1385 1100
1083 1339 1158 1384 est
1210 1352 1394 1398 pavore
1449 1340 1784 1398 praesentium

0 1448 1 1463 2
92 1412 354 1458 numinum
400 1412 583 1472 stupui,
658 1426 746 1459 nec
791 1425 934 1471 sopor
979 1412 1103 1458 illud
1147 1414 1273 1459 erat:
1327 1427 1426 1458 non
1466 1412 1598 1458 enim
1635 1412 1783 1473 pleno

0 1501 1 1519 ³
92 1499 264 1533 somno
303 1485 425 1533 haec
466 1487 553 1532 aut
591 1485 813 1533 videram
853 1487 941 1532 aut
981 1485 1249 1533 audieram.
1312 1486 1396 1533 sed
1435 1499 1597 1532 eoram
1638 1500 1783 1545 agmo—

90 1573 220 1607 seere
269 1558 427 1606 vultus
472 1559 748 1618 velatasque
801 1574 963 1607 eomas
1007 1561 1382 1619 praesentiaque
1435 1573 1523 1606 ora
1569 1560 1784 1615 videbar,

93 1635 150 1680 ut
187 1632 243 1680 fit
282 1648 392 1681 eum
432 1649 531 1680 non
568 1633 713 1694 plene
752 1633 993 1697 vigilatur
1030 1649 1119 1681 1100
1151 1633 1295 1695 plene
1327 1633 1583 1680 dormitur.
1647 1648 1783 1681 3000·

20 1723 70 1780 φο
93 1706 241 1755 debat
280 1722 336 1755 eo
379 1707 510 1768 quod
549 1709 620 1755 310
659 1710 900 1756 venerant
937 1708 1213 1768 manifesti,
1265 1709 1322 1754 ut
1361 1706 1606 1755 dubitatio
1646 1707 1786 1756 nulla

21 1802 29 1828 ι,
92 1796 150 1829 ex
188 1783 331 1842 parte
369 1781 614 1843 potuisset
654 1783 883 1842 existere:
922 1782 1092 1830 vultus
1131 1781 1264 1828 idem
1301 1781 1404 1828 illis
1443 1781 1607 1828 fuerat
1639 1797 1785 1842 quem

21 1848 26 1890 Ϊ
91 1870 341 1916 noveram,
381 1870 549 1903 comae
588 1857 790 1917 opertae
830 1872 887 1904 ex
926 1871 1062 1903 more
1101 1858 1152 1902 et
1190 1870 1277 1902 ora
1315 1855 1594 1903 manifesta.
1668 1859 1770 1902 tum
1789 1861 1873 1900 175

88 1929 278 1989 yelidus
324 1932 415 1976 toto
453 1931 690 1978 manabat
728 1944 924 1990 corpore
961 1930 1134 1977 sudor:
1189 1943 1298 1976 0000
1339 1929 1431 1976 alti
1468 1930 1669 1989 pavoris
1709 1930 1782 1976 in-

23 2027 28 2067 g
93 2003 297 2063 dioium3
352 2005 410 2051 ut
456 2003 588 2051 enim
633 2006 742 2052 toto
782 2019 985 2066 corpore
1026 2005 1305 2065 stupuerat,
1353 2003 1423 2050 310
1463 2004 1513 2050 et
1551 2003 1687 2051 omni
1726 2018 1784 2050 ex

23 2091 68 2142 ,⁶
91 2080 232 2139 parte
285 2077 618 2126 membrorum
672 2077 822 2126 sudor
866 2077 1078 2140 frigidus
1122 2076 1360 2124 manabat
1404 2078 1456 2123 in
1505 2091 1576 2124 eo.
1653 2076 1785 2138 quod

24 2145 28 2219 ᾗ
93 2151 220 2199 dixit
258 2151 408 2200 sudor
445 2151 696 2213 manabat,
736 2152 953 2200 ostendit
990 2150 1352 2199 inmoderatum
1385 2151 1538 2198 fuisse
1571 2151 1621 2197 et
1652 2150 1786 2198 ultra

24 2221 29 2251 Ψ
92 2225 363 2273 human-um
401 2241 600 2272 morem.
659 2226 739 2274 1110
778 2225 906 2273 illud
945 2225 1089 2273 debet
1129 2224 1322 2273 adverti
1360 2240 1418 2272 ex
1458 2223 1640 2287 frigido
1681 2239 1783 2272 cor-

92 2315 212 2361 pore
257 2302 453 2348 tantum
500 2299 731 2348 sudorem
769 2301 948 2360 exisse,
988 2314 1100 2347 eum
1138 2300 1331 2346 constet
1369 2298 1499 2345 hunc
1538 2298 1784 2346 caloribus

91 2375 354 2436 provocari
385 2388 657 2423 consuesse,
719 2375 887 2422 omnia
917 2373 1039 2429 haee
1071 2371 1458 2421 confirmationis
1491 2373 1620 2434 sunt,
1652 2371 1785 2434 quod

213 2502 236 2541 1
270 2499 323 2542 in
354 2512 443 2543 om.
469 2499 540 2544 ed.
573 2504 627 2544 ut
655 2515 691 2545 r.
823 2505 848 2543 6
881 2502 1171 2556 eoeponantwr
1201 2496 1237 2540 L
1271 2503 1399 2542 -atur
1428 2496 1471 2539 R
1503 2502 1606 2541 -ant
1634 2511 1658 2540 r
1689 2496 1784 2549 ed.;

27 2555 37 2628 1
90 2571 154 2602 an
185 2558 243 2602 ab
274 2558 412 2603 aliis?
534 2563 558 2602 7
590 2560 869 2617 intelleyitur
899 2557 986 2601 LR
1017 2570 1131 2602 corr.
1163 2571 1188 2601 1·
1219 2557 1290 2601 ed
1401 2560 1428 2600 8
1460 2556 1672 2614 longevus
1696 2570 1783 2612 pa-

29 2632 30 2636 *
90 2618 234 2662 remis
264 2616 352 2660 LR
383 2631 498 2662 corr.
531 2619 580 2662 et
609 2619 734 2663 dieta
763 2620 995 2674 transpos.
1027 2618 1106 2673 1.·.Ι
1149 2621 1317 2661 rectum
1348 2615 1546 2671 positum
1577 2614 1663 2658 LR
1693 2615 1783 2659 lae-

90 2680 190 2720 tum
219 2690 484 2733 responsum
514 2676 615 2722 vult
645 2692 668 2720 r
697 2683 810 2723 reete
834 2690 932 2733 pos.
967 2675 1039 2720 ed.
1134 2680 1187 2720 11
1220 2675 1301 2732 qui
1330 2674 1372 2718 R
1404 2674 1515 2731 quia
1546 2688 1570 2716 r
1593 2695 1648 2710 =
1674 2674 1721 2717 L.

95 2739 150 2779 12
182 2749 348 2780 causae
378 2735 420 2780 R
452 2749 565 2780 corr.
595 2751 632 2780 r.
678 2738 684 2794 Ι
724 2737 836 2781 visis
867 2735 954 2778 LR
983 2735 1123 2780 iussis
1153 2734 1226 2779 ed.
1351 2737 1407 2778 14
1437 2738 1595 2790 optata
1626 2737 1668 2776 et
1698 2731 1785 2776 LR

93 2799 136 2839 et
162 2799 323 2851 optma
352 2809 376 2838 r
406 2800 495 2851 opt.
521 2808 610 2840 om.
635 2795 707 2840 ed.
741 2796 900 2840 obtutu
930 2807 1029 2838 1103.
1124 2797 1179 2838 16
1210 2808 1266 2838 ne
1290 2792 1377 2836 LR
1406 2805 1487 2837 nec
1516 2806 1552 2835 r.
1647 2796 1701 2835 19
1733 2795 1787 2835 ut

88 2854 154 2898 sit
183 2853 255 2898 ed.
347 2854 559 2912 viyilaret
587 2854 674 2898 LR·
705 2854 776 2898 ed.
811 2867 926 2898 corr.
957 2867 994 2897 r.
1037 2854 1044 2910 Ι
1093 2853 1308 2898 dormiret
1339 2851 1411 2896 ed.
1545 2854 1599 2894 27
1634 2850 1783 2895 debita

92 2913 220 2956 ducti
251 2911 301 3014 Ia
344 2912 346 2914 ’
376 2913 498 2958 debet
536 2914 713 2959 adverti
742 2927 766 2956 r
802 2913 1138 2958 demonstratur
1177 2911 1249 2955 ed.
1401 2914 1458 2954 28
1495 2909 1660 2955 sudore
1698 2908 1786 2952 LR

90 2984 209 3015 corr.
242 2984 267 3015 e
305 3005 313 3014 .

183 3053 282 3087 Don.
306 3053 462 3094 interpr.
486 3055 599 3095 Verg.
631 3054 707 3087 vol.
729 3053 761 3086 1.
1373 3046 1426 3086 19
