<?xml version="1.0" encoding="UTF-8"?>
<!DOCTYPE html PUBLIC "-//W3C//DTD XHTML 1.0 Transitional//EN"
    "http://www.w3.org/TR/xhtml1/DTD/xhtml1-transitional.dtd">
<html xmlns="http://www.w3.org/1999/xhtml" xml:lang="en" lang="en">
 <head>
  <title>
</title>
<meta http-equiv="Content-Type" content="text/html;charset=utf-8" />
  <meta name='ocr-system' content='tesseract 3.04.00' />
  <meta name='ocr-capabilities' content='ocr_page ocr_carea ocr_par ocr_line ocrx_word'/>
</head>
<body>
  <div class='ocr_page' id='page_1' title='image "./interpretationes01donauoft_0226.png"; bbox 0 0 2014 3226; ppageno 0'>
   <div class='ocr_carea' id='block_1_1' title="bbox 198 176 1416 230">
    <p class='ocr_par' dir='ltr' id='par_1_1' title="bbox 198 176 1416 230">
     <span class='ocr_line' id='line_1_1' title="bbox 198 176 1416 230; baseline -0.008 0"><span class='ocrx_word' id='word_1_1' title='bbox 198 180 302 230; x_wconf 69' lang='lat'>176</span> <span class='ocrx_word' id='word_1_2' title='bbox 663 177 893 221; x_wconf 81' lang='lat' dir='ltr'>DONATI</span> <span class='ocrx_word' id='word_1_3' title='bbox 924 176 1204 220; x_wconf 76' lang='lat' dir='ltr'><strong>INTERPR.</strong></span> <span class='ocrx_word' id='word_1_4' title='bbox 1238 177 1416 220; x_wconf 79' lang='lat' dir='ltr'><strong>VERG.</strong></span> 
     </span>
    </p>
   </div>
   <div class='ocr_carea' id='block_1_2' title="bbox 102 316 2014 2743">
    <p class='ocr_par' dir='ltr' id='par_1_2' title="bbox 102 316 2014 2743">
     <span class='ocr_line' id='line_1_2' title="bbox 196 316 1886 378; baseline -0.001 -12"><span class='ocrx_word' id='word_1_5' title='bbox 196 320 366 366; x_wconf 61' lang='lat' dir='ltr'>temnis</span> <span class='ocrx_word' id='word_1_6' title='bbox 390 323 589 366; x_wconf 77' lang='lat' dir='ltr'>taurum</span> <span class='ocrx_word' id='word_1_7' title='bbox 612 320 850 376; x_wconf 53' lang='lat' dir='ltr'>§mentem</span> <span class='ocrx_word' id='word_1_8' title='bbox 881 318 1127 364; x_wconf 68' lang='lat' dir='ltr'>mactabat</span> <span class='ocrx_word' id='word_1_9' title='bbox 1157 317 1223 365; x_wconf 80' lang='lat' dir='ltr'>ad</span> <span class='ocrx_word' id='word_1_10' title='bbox 1254 331 1385 364; x_wconf 81' lang='lat' dir='ltr'>aras.</span> <span class='ocrx_word' id='word_1_11' title='bbox 1436 316 1682 377; x_wconf 87' lang='lat' dir='ltr'>Laocoon,</span> <span class='ocrx_word' id='word_1_12' title='bbox 1705 318 1886 378; x_wconf 84' lang='lat' dir='ltr'>inquit,</span> 
     </span>
     <span class='ocr_line' id='line_1_3' title="bbox 194 390 1885 453; baseline -0.001 -13"><span class='ocrx_word' id='word_1_13' title='bbox 194 410 292 441; x_wconf 90' lang='lat' dir='ltr'>non</span> <span class='ocrx_word' id='word_1_14' title='bbox 326 408 413 438; x_wconf 81' lang='lat' dir='ltr'>sua</span> <span class='ocrx_word' id='word_1_15' title='bbox 445 407 534 438; x_wconf 91' lang='lat' dir='ltr'>nec</span> <span class='ocrx_word' id='word_1_16' title='bbox 566 390 833 438; x_wconf 87' lang='lat' dir='ltr'>cuiuslibet</span> <span class='ocrx_word' id='word_1_17' title='bbox 863 391 1136 451; x_wconf 84' lang='lat' dir='ltr'>voluntate,</span> <span class='ocrx_word' id='word_1_18' title='bbox 1162 391 1248 438; x_wconf 88' lang='lat' dir='ltr'>sed</span> <span class='ocrx_word' id='word_1_19' title='bbox 1270 390 1455 439; x_wconf 88' lang='lat' dir='ltr'>iudicio</span> <span class='ocrx_word' id='word_1_20' title='bbox 1480 393 1627 438; x_wconf 87' lang='lat' dir='ltr'>sortis</span> <span class='ocrx_word' id='word_1_21' title='bbox 1652 391 1885 453; x_wconf 77' lang='lat' dir='ltr'>Neptuno</span> 
     </span>
     <span class='ocr_line' id='line_1_4' title="bbox 195 463 1885 526; baseline -0.001 -12"><span class='ocrx_word' id='word_1_22' title='bbox 195 466 419 514; x_wconf 89' lang='lat' dir='ltr'>sacerdos</span> <span class='ocrx_word' id='word_1_23' title='bbox 475 465 744 523; x_wconf 77' lang='lat' dir='ltr'>exciderat,</span> <span class='ocrx_word' id='word_1_24' title='bbox 801 463 933 524; x_wconf 89' lang='lat' dir='ltr'>quod</span> <span class='ocrx_word' id='word_1_25' title='bbox 986 480 1164 512; x_wconf 89' lang='lat' dir='ltr'>munus</span> <span class='ocrx_word' id='word_1_26' title='bbox 1219 466 1393 526; x_wconf 91' lang='lat' dir='ltr'>procul</span> <span class='ocrx_word' id='word_1_27' title='bbox 1440 463 1588 510; x_wconf 88' lang='lat' dir='ltr'>dubio</span> <span class='ocrx_word' id='word_1_28' title='bbox 1635 481 1735 511; x_wconf 89' lang='lat' dir='ltr'>non</span> <span class='ocrx_word' id='word_1_29' title='bbox 1782 466 1885 512; x_wconf 87' lang='lat' dir='ltr'>sine</span> 
     </span>
     <span class='ocr_line' id='line_1_5' title="bbox 195 538 1884 600; baseline -0.001 -14"><span class='ocrx_word' id='word_1_30' title='bbox 195 540 402 586; x_wconf 87' lang='lat' dir='ltr'>arbitrio</span> <span class='ocrx_word' id='word_1_31' title='bbox 443 539 611 585; x_wconf 86' lang='lat' dir='ltr'>divino</span> <span class='ocrx_word' id='word_1_32' title='bbox 648 555 736 600; x_wconf 88' lang='lat' dir='ltr'>per</span> <span class='ocrx_word' id='word_1_33' title='bbox 768 540 952 585; x_wconf 91' lang='lat' dir='ltr'>sortem</span> <span class='ocrx_word' id='word_1_34' title='bbox 983 538 1256 586; x_wconf 88' lang='lat' dir='ltr'>Laocoonti</span> <span class='ocrx_word' id='word_1_35' title='bbox 1288 538 1562 600; x_wconf 77' lang='lat' dir='ltr'>apparebat</span> <span class='ocrx_word' id='word_1_36' title='bbox 1593 539 1884 585; x_wconf 87' lang='lat' dir='ltr'>iniunctum.</span> 
     </span>
     <span class='ocr_line' id='line_1_6' title="bbox 195 611 1953 674; baseline 0.001 -14"><span class='ocrx_word' id='word_1_37' title='bbox 195 614 363 660; x_wconf 85' lang='lat' dir='ltr'>debuit</span> <span class='ocrx_word' id='word_1_38' title='bbox 417 628 533 674; x_wconf 86' lang='lat' dir='ltr'>ergo</span> <span class='ocrx_word' id='word_1_39' title='bbox 583 614 803 673; x_wconf 90' lang='lat' dir='ltr'>ipsorum</span> <span class='ocrx_word' id='word_1_40' title='bbox 852 612 1024 659; x_wconf 87' lang='lat' dir='ltr'>favore</span> <span class='ocrx_word' id='word_1_41' title='bbox 1070 614 1208 660; x_wconf 88' lang='lat' dir='ltr'>tutus</span> <span class='ocrx_word' id='word_1_42' title='bbox 1257 628 1361 659; x_wconf 89' lang='lat' dir='ltr'>esse</span> <span class='ocrx_word' id='word_1_43' title='bbox 1410 611 1642 660; x_wconf 87' lang='lat' dir='ltr'>adversus</span> <span class='ocrx_word' id='word_1_44' title='bbox 1691 628 1885 660; x_wconf 88' lang='lat' dir='ltr'>omnem</span> <span class='ocrx_word' id='word_1_45' title='bbox 1934 630 1953 662; x_wconf 85' lang='lat'><strong>5</strong></span> 
     </span>
     <span class='ocr_line' id='line_1_7' title="bbox 194 686 1885 746; baseline 0 -13"><span class='ocrx_word' id='word_1_46' title='bbox 194 687 325 733; x_wconf 83' lang='lat' dir='ltr'>vitae</span> <span class='ocrx_word' id='word_1_47' title='bbox 367 702 483 733; x_wconf 87' lang='lat' dir='ltr'>suae</span> <span class='ocrx_word' id='word_1_48' title='bbox 523 687 808 746; x_wconf 90' lang='lat' dir='ltr'>perniciem,</span> <span class='ocrx_word' id='word_1_49' title='bbox 849 702 1059 746; x_wconf 89' lang='lat' dir='ltr'>quorum</span> <span class='ocrx_word' id='word_1_50' title='bbox 1098 687 1358 733; x_wconf 87' lang='lat' dir='ltr'>voluntate</span> <span class='ocrx_word' id='word_1_51' title='bbox 1399 687 1562 733; x_wconf 85' lang='lat' dir='ltr'>fuerat</span> <span class='ocrx_word' id='word_1_52' title='bbox 1610 686 1885 743; x_wconf 83' lang='lat' dir='ltr'>ordinatus,</span> 
     </span>
     <span class='ocr_line' id='line_1_8' title="bbox 195 759 1886 820; baseline 0 -13"><span class='ocrx_word' id='word_1_53' title='bbox 195 762 277 808; x_wconf 87' lang='lat' dir='ltr'>sed</span> <span class='ocrx_word' id='word_1_54' title='bbox 324 760 449 806; x_wconf 88' lang='lat' dir='ltr'>nihil</span> <span class='ocrx_word' id='word_1_55' title='bbox 496 760 589 806; x_wconf 93' lang='lat' dir='ltr'>hoc</span> <span class='ocrx_word' id='word_1_56' title='bbox 635 760 819 819; x_wconf 85' lang='lat' dir='ltr'>valuit,</span> <span class='ocrx_word' id='word_1_57' title='bbox 866 759 954 806; x_wconf 91' lang='lat' dir='ltr'>ubi</span> <span class='ocrx_word' id='word_1_58' title='bbox 999 777 1088 820; x_wconf 89' lang='lat' dir='ltr'>per</span> <span class='ocrx_word' id='word_1_59' title='bbox 1135 760 1458 808; x_wconf 86' lang='lat' dir='ltr'>sacrificantis</span> <span class='ocrx_word' id='word_1_60' title='bbox 1508 761 1769 807; x_wconf 90' lang='lat' dir='ltr'>interitum</span> <span class='ocrx_word' id='word_1_61' title='bbox 1823 761 1886 807; x_wconf 85' lang='lat' dir='ltr'>ad</span> 
     </span>
     <span class='ocr_line' id='line_1_9' title="bbox 194 833 1885 895; baseline -0.001 -14"><span class='ocrx_word' id='word_1_62' title='bbox 194 836 413 881; x_wconf 89' lang='lat' dir='ltr'>omnium</span> <span class='ocrx_word' id='word_1_63' title='bbox 454 834 782 881; x_wconf 83' lang='lat' dir='ltr'>Troianorum</span> <span class='ocrx_word' id='word_1_64' title='bbox 833 836 883 880; x_wconf 90' lang='lat' dir='ltr'>et</span> <span class='ocrx_word' id='word_1_65' title='bbox 927 835 1086 894; x_wconf 91' lang='lat' dir='ltr'>ipsius</span> <span class='ocrx_word' id='word_1_66' title='bbox 1131 836 1328 895; x_wconf 85' lang='lat' dir='ltr'>patriae</span> <span class='ocrx_word' id='word_1_67' title='bbox 1375 833 1668 895; x_wconf 86' lang='lat' dir='ltr'>dispositum</span> <span class='ocrx_word' id='word_1_68' title='bbox 1717 834 1885 881; x_wconf 90' lang='lat' dir='ltr'>tende-</span> 
     </span>
     <span class='ocr_line' id='line_1_10' title="bbox 192 907 1885 970; baseline 0 -16"><span class='ocrx_word' id='word_1_69' title='bbox 192 908 341 955; x_wconf 86' lang='lat' dir='ltr'>batur</span> <span class='ocrx_word' id='word_1_70' title='bbox 388 909 615 970; x_wconf 88' lang='lat' dir='ltr'>exitium,</span> <span class='ocrx_word' id='word_1_71' title='bbox 670 910 722 954; x_wconf 91' lang='lat' dir='ltr'>in</span> <span class='ocrx_word' id='word_1_72' title='bbox 769 910 968 954; x_wconf 84' lang='lat' dir='ltr'>tantum</span> <span class='ocrx_word' id='word_1_73' title='bbox 1015 909 1073 955; x_wconf 91' lang='lat' dir='ltr'>ut</span> <span class='ocrx_word' id='word_1_74' title='bbox 1118 908 1224 969; x_wconf 90' lang='lat' dir='ltr'>ipse</span> <span class='ocrx_word' id='word_1_75' title='bbox 1270 907 1534 969; x_wconf 84' lang='lat' dir='ltr'>Neptunus</span> <span class='ocrx_word' id='word_1_76' title='bbox 1582 907 1885 956; x_wconf 84' lang='lat' dir='ltr'>sacerdotem</span> 
     </span>
     <span class='ocr_line' id='line_1_11' title="bbox 193 981 1953 1045; baseline 0 -15"><span class='ocrx_word' id='word_1_77' title='bbox 193 998 342 1030; x_wconf 65' lang='lat' dir='ltr'>suum⁴</span> <span class='ocrx_word' id='word_1_78' title='bbox 383 997 635 1029; x_wconf 85' lang='lat' dir='ltr'>sacrorum</span> <span class='ocrx_word' id='word_1_79' title='bbox 683 982 944 1029; x_wconf 87' lang='lat' dir='ltr'>sollemnia</span> <span class='ocrx_word' id='word_1_80' title='bbox 991 984 1245 1045; x_wconf 86' lang='lat' dir='ltr'>gerentem</span> <span class='ocrx_word' id='word_1_81' title='bbox 1290 983 1345 1028; x_wconf 89' lang='lat' dir='ltr'>in</span> <span class='ocrx_word' id='word_1_82' title='bbox 1390 983 1499 1042; x_wconf 92' lang='lat' dir='ltr'>ipso</span> <span class='ocrx_word' id='word_1_83' title='bbox 1556 981 1715 1029; x_wconf 87' lang='lat' dir='ltr'>adhuc</span> <span class='ocrx_word' id='word_1_84' title='bbox 1771 984 1886 1029; x_wconf 87' lang='lat' dir='ltr'>actu</span> <span class='ocrx_word' id='word_1_85' title='bbox 1913 1000 1953 1031; x_wconf 81' lang='grc' dir='ltr'>ιο</span> 
     </span>
     <span class='ocr_line' id='line_1_12' title="bbox 193 1056 1886 1118; baseline -0.001 -14"><span class='ocrx_word' id='word_1_86' title='bbox 193 1057 533 1116; x_wconf 89' lang='lat' dir='ltr'>constitutum,</span> <span class='ocrx_word' id='word_1_87' title='bbox 557 1058 861 1103; x_wconf 78' lang='lat' dir='ltr'>mactantem</span> <span class='ocrx_word' id='word_1_88' title='bbox 883 1057 1140 1118; x_wconf 86' lang='lat' dir='ltr'>ingentem</span> <span class='ocrx_word' id='word_1_89' title='bbox 1169 1058 1371 1103; x_wconf 89' lang='lat' dir='ltr'>taurum</span> <span class='ocrx_word' id='word_1_90' title='bbox 1402 1056 1496 1103; x_wconf 92' lang='grc'>1100</span> <span class='ocrx_word' id='word_1_91' title='bbox 1529 1058 1604 1103; x_wconf 85' lang='lat' dir='ltr'>est</span> <span class='ocrx_word' id='word_1_92' title='bbox 1628 1057 1886 1116; x_wconf 77' lang='lat' dir='ltr'>optimum,</span> 
     </span>
     <span class='ocr_line' id='line_1_13' title="bbox 194 1130 1885 1191; baseline -0.001 -14"><span class='ocrx_word' id='word_1_93' title='bbox 194 1131 334 1177; x_wconf 90' lang='lat' dir='ltr'>cuius</span> <span class='ocrx_word' id='word_1_94' title='bbox 368 1130 529 1176; x_wconf 87' lang='lat' dir='ltr'>forma</span> <span class='ocrx_word' id='word_1_95' title='bbox 562 1130 872 1191; x_wconf 90' lang='lat' dir='ltr'>amplissima</span> <span class='ocrx_word' id='word_1_96' title='bbox 903 1132 1192 1190; x_wconf 84' lang='lat' dir='ltr'>speraverat</span> <span class='ocrx_word' id='word_1_97' title='bbox 1223 1145 1327 1178; x_wconf 88' lang='lat' dir='ltr'>sese</span> <span class='ocrx_word' id='word_1_98' title='bbox 1351 1130 1545 1176; x_wconf 88' lang='lat' dir='ltr'>numini</span> <span class='ocrx_word' id='word_1_99' title='bbox 1568 1130 1885 1191; x_wconf 89' lang='lat' dir='ltr'>placiturum,</span> 
     </span>
     <span class='ocr_line' id='line_1_14' title="bbox 192 1203 1886 1267; baseline 0 -17"><span class='ocrx_word' id='word_1_100' title='bbox 192 1220 279 1250; x_wconf 87' lang='lat' dir='ltr'>nec</span> <span class='ocrx_word' id='word_1_101' title='bbox 319 1205 504 1251; x_wconf 85' lang='lat' dir='ltr'>iuverit</span> <span class='ocrx_word' id='word_1_102' title='bbox 543 1203 713 1264; x_wconf 89' lang='lat' dir='ltr'>aliquo</span> <span class='ocrx_word' id='word_1_103' title='bbox 755 1203 940 1251; x_wconf 87' lang='lat' dir='ltr'>auxilio</span> <span class='ocrx_word' id='word_1_104' title='bbox 982 1205 1033 1251; x_wconf 86' lang='lat' dir='ltr'>et</span> <span class='ocrx_word' id='word_1_105' title='bbox 1070 1205 1231 1267; x_wconf 83' lang='lat' dir='ltr'>magis</span> <span class='ocrx_word' id='word_1_106' title='bbox 1272 1205 1375 1252; x_wconf 92' lang='lat' dir='ltr'>eius</span> <span class='ocrx_word' id='word_1_107' title='bbox 1415 1203 1641 1252; x_wconf 85' lang='lat' dir='ltr'>hostibus</span> <span class='ocrx_word' id='word_1_108' title='bbox 1680 1203 1772 1252; x_wconf 90' lang='lat' dir='ltr'>hoc</span> <span class='ocrx_word' id='word_1_109' title='bbox 1812 1207 1886 1250; x_wconf 86' lang='lat' dir='ltr'>est</span> 
     </span>
     <span class='ocr_line' id='line_1_15' title="bbox 195 1277 1885 1340; baseline 0 -16"><span class='ocrx_word' id='word_1_110' title='bbox 195 1278 407 1340; x_wconf 87' lang='lat' dir='ltr'>geminis</span> <span class='ocrx_word' id='word_1_111' title='bbox 447 1277 707 1340; x_wconf 86' lang='lat' dir='ltr'>anguibus,</span> <span class='ocrx_word' id='word_1_112' title='bbox 740 1293 837 1339; x_wconf 92' lang='lat' dir='ltr'>quo</span> <span class='ocrx_word' id='word_1_113' title='bbox 869 1277 1067 1325; x_wconf 79' lang='lat' dir='ltr'>facilius</span> <span class='ocrx_word' id='word_1_114' title='bbox 1098 1279 1428 1339; x_wconf 88' lang='lat' dir='ltr'>pervenirent,</span> <span class='ocrx_word' id='word_1_115' title='bbox 1461 1277 1714 1339; x_wconf 89' lang='lat' dir='ltr'>placidum</span> <span class='ocrx_word' id='word_1_116' title='bbox 1744 1293 1885 1338; x_wconf 90' lang='lat' dir='ltr'>prae-</span> 
     </span>
     <span class='ocr_line' id='line_1_16' title="bbox 190 1351 1951 1413; baseline 0.002 -15"><span class='ocrx_word' id='word_1_117' title='bbox 190 1351 357 1398; x_wconf 89' lang='lat' dir='ltr'>buerit</span> <span class='ocrx_word' id='word_1_118' title='bbox 401 1367 551 1399; x_wconf 90' lang='lat' dir='ltr'>mare.</span> <span class='ocrx_word' id='word_1_119' title='bbox 629 1352 722 1399; x_wconf 90' lang='lat' dir='ltr'>hoc</span> <span class='ocrx_word' id='word_1_120' title='bbox 762 1354 837 1399; x_wconf 90' lang='lat' dir='ltr'>est</span> <span class='ocrx_word' id='word_1_121' title='bbox 876 1352 1010 1413; x_wconf 88' lang='lat' dir='ltr'>quod</span> <span class='ocrx_word' id='word_1_122' title='bbox 1049 1353 1122 1399; x_wconf 86' lang='lat' dir='ltr'>ait</span> <span class='ocrx_word' id='word_1_123' title='bbox 1170 1366 1269 1400; x_wconf 83' lang='lat' dir='ltr'>ecee</span> <span class='ocrx_word' id='word_1_124' title='bbox 1307 1355 1470 1399; x_wconf 77' lang='lat' dir='ltr'>autem</span> <span class='ocrx_word' id='word_1_125' title='bbox 1504 1352 1685 1411; x_wconf 70' lang='lat' dir='ltr'>yemim&#39;</span> <span class='ocrx_word' id='word_1_126' title='bbox 1723 1367 1755 1398; x_wconf 90' lang='lat' dir='ltr'>a</span> <span class='ocrx_word' id='word_1_127' title='bbox 1798 1352 1884 1399; x_wconf 85' lang='lat' dir='ltr'>Te-</span> <span class='ocrx_word' id='word_1_128' title='bbox 1913 1370 1951 1402; x_wconf 83' lang='lat'>15</span> 
     </span>
     <span class='ocr_line' id='line_1_17' title="bbox 190 1425 1884 1489; baseline 0 -17"><span class='ocrx_word' id='word_1_129' title='bbox 190 1425 312 1473; x_wconf 77' lang='lat' dir='ltr'>uedo</span> <span class='ocrx_word' id='word_1_130' title='bbox 351 1427 622 1485; x_wconf 73' lang='lat' dir='ltr'>tranquilla</span> <span class='ocrx_word' id='word_1_131' title='bbox 650 1441 746 1485; x_wconf 75' lang='lat' dir='ltr'>per</span> <span class='ocrx_word' id='word_1_132' title='bbox 784 1426 899 1473; x_wconf 82' lang='lat' dir='ltr'>alta.</span> <span class='ocrx_word' id='word_1_133' title='bbox 977 1427 1233 1486; x_wconf 86' lang='lat' dir='ltr'>potuimus</span> <span class='ocrx_word' id='word_1_134' title='bbox 1273 1427 1367 1473; x_wconf 92' lang='lat' dir='ltr'>hoc</span> <span class='ocrx_word' id='word_1_135' title='bbox 1407 1427 1548 1489; x_wconf 90' lang='lat' dir='ltr'>signo</span> <span class='ocrx_word' id='word_1_136' title='bbox 1596 1426 1884 1486; x_wconf 87' lang='lat' dir='ltr'>praevidere</span> 
     </span>
     <span class='ocr_line' id='line_1_18' title="bbox 190 1499 1884 1563; baseline 0.001 -18"><span class='ocrx_word' id='word_1_137' title='bbox 190 1500 508 1547; x_wconf 86' lang='lat' dir='ltr'>manifestam</span> <span class='ocrx_word' id='word_1_138' title='bbox 546 1501 788 1547; x_wconf 90' lang='lat' dir='ltr'>inminere</span> <span class='ocrx_word' id='word_1_139' title='bbox 827 1501 1118 1560; x_wconf 63' lang='lat' dir='ltr'>perniciem,</span> <span class='ocrx_word' id='word_1_140' title='bbox 1170 1499 1519 1563; x_wconf 88' lang='lat' dir='ltr'>significabant</span> <span class='ocrx_word' id='word_1_141' title='bbox 1558 1499 1689 1546; x_wconf 87' lang='lat' dir='ltr'>enim</span> <span class='ocrx_word' id='word_1_142' title='bbox 1728 1500 1884 1548; x_wconf 84' lang='lat' dir='ltr'>hostis</span> 
     </span>
     <span class='ocr_line' id='line_1_19' title="bbox 189 1573 1884 1636; baseline -0.001 -16"><span class='ocrx_word' id='word_1_143' title='bbox 189 1576 425 1621; x_wconf 86' lang='lat' dir='ltr'>venturos</span> <span class='ocrx_word' id='word_1_144' title='bbox 467 1590 496 1620; x_wconf 84' lang='lat' dir='ltr'>a</span> <span class='ocrx_word' id='word_1_145' title='bbox 535 1573 754 1635; x_wconf 87' lang='lat' dir='ltr'>Tenedo,</span> <span class='ocrx_word' id='word_1_146' title='bbox 804 1577 854 1620; x_wconf 88' lang='lat' dir='ltr'>et</span> <span class='ocrx_word' id='word_1_147' title='bbox 899 1575 1144 1621; x_wconf 82' lang='lat' dir='ltr'>maximos</span> <span class='ocrx_word' id='word_1_148' title='bbox 1189 1574 1335 1622; x_wconf 87' lang='lat' dir='ltr'>duces</span> <span class='ocrx_word' id='word_1_149' title='bbox 1376 1575 1426 1621; x_wconf 91' lang='lat' dir='ltr'>et</span> <span class='ocrx_word' id='word_1_150' title='bbox 1465 1574 1699 1636; x_wconf 85' lang='lat' dir='ltr'>geminos.</span> <span class='ocrx_word' id='word_1_151' title='bbox 1777 1574 1884 1620; x_wconf 90' lang='lat' dir='ltr'>ubi-</span> 
     </span>
     <span class='ocr_line' id='line_1_20' title="bbox 192 1647 1883 1709; baseline 0 -15"><span class='ocrx_word' id='word_1_152' title='bbox 192 1662 398 1709; x_wconf 83' lang='lat' dir='ltr'>cumque</span> <span class='ocrx_word' id='word_1_153' title='bbox 453 1649 659 1708; x_wconf 89' lang='lat' dir='ltr'>ponitur</span> <span class='ocrx_word' id='word_1_154' title='bbox 713 1663 823 1695; x_wconf 91' lang='lat' dir='ltr'>ecce</span> <span class='ocrx_word' id='word_1_155' title='bbox 870 1650 1060 1708; x_wconf 89' lang='lat' dir='ltr'>autem,</span> <span class='ocrx_word' id='word_1_156' title='bbox 1109 1663 1188 1695; x_wconf 91' lang='lat' dir='ltr'>res</span> <span class='ocrx_word' id='word_1_157' title='bbox 1234 1647 1483 1695; x_wconf 88' lang='lat' dir='ltr'>horrenda</span> <span class='ocrx_word' id='word_1_158' title='bbox 1529 1650 1580 1694; x_wconf 90' lang='lat' dir='ltr'>et</span> <span class='ocrx_word' id='word_1_159' title='bbox 1624 1648 1883 1709; x_wconf 83' lang='lat' dir='ltr'>repentina</span> 
     </span>
     <span class='ocr_line' id='line_1_21' title="bbox 191 1715 1951 1788; baseline 0.001 -19"><span class='ocrx_word' id='word_1_160' title='bbox 191 1721 521 1784; x_wconf 85' lang='lat' dir='ltr'>significatur,</span> <span class='ocrx_word' id='word_1_161' title='bbox 567 1724 624 1768; x_wconf 91' lang='lat' dir='ltr'>ut</span> <span class='ocrx_word' id='word_1_162' title='bbox 671 1715 828 1788; x_wconf 80' lang='lat'>(318)</span> <span class='ocrx_word' id='word_1_163' title='bbox 870 1737 1008 1782; x_wconf 86' lang='lat' dir='ltr'>„ecce</span> <span class='ocrx_word' id='word_1_164' title='bbox 1057 1725 1224 1770; x_wconf 88' lang='lat' dir='ltr'>autem</span> <span class='ocrx_word' id='word_1_165' title='bbox 1270 1721 1385 1770; x_wconf 86' lang='lat' dir='ltr'>telis</span> <span class='ocrx_word' id='word_1_166' title='bbox 1424 1721 1647 1768; x_wconf 89' lang='lat' dir='ltr'>Panthus</span> <span class='ocrx_word' id='word_1_167' title='bbox 1688 1721 1883 1782; x_wconf 87' lang='lat' dir='ltr'>elapsus</span> <span class='ocrx_word' id='word_1_168' title='bbox 1910 1740 1951 1771; x_wconf 75' lang='lat'>20</span> 
     </span>
     <span class='ocr_line' id='line_1_22' title="bbox 189 1789 1883 1862; baseline 0.001 -21"><span class='ocrx_word' id='word_1_169' title='bbox 189 1792 465 1842; x_wconf 82' lang='lat' dir='ltr'>Achivum“</span> <span class='ocrx_word' id='word_1_170' title='bbox 507 1798 556 1842; x_wconf 91' lang='lat' dir='ltr'>et</span> <span class='ocrx_word' id='word_1_171' title='bbox 600 1789 758 1862; x_wconf 83' lang='lat'>(526)</span> <span class='ocrx_word' id='word_1_172' title='bbox 799 1811 939 1855; x_wconf 84' lang='lat' dir='ltr'>„ecce</span> <span class='ocrx_word' id='word_1_173' title='bbox 978 1798 1149 1843; x_wconf 88' lang='lat' dir='ltr'>autem</span> <span class='ocrx_word' id='word_1_174' title='bbox 1188 1796 1385 1857; x_wconf 89' lang='lat' dir='ltr'>elapsus</span> <span class='ocrx_word' id='word_1_175' title='bbox 1417 1795 1599 1857; x_wconf 81' lang='lat' dir='ltr'>Pyrrhi</span> <span class='ocrx_word' id='word_1_176' title='bbox 1638 1795 1698 1842; x_wconf 92' lang='lat' dir='ltr'>de</span> <span class='ocrx_word' id='word_1_177' title='bbox 1737 1795 1883 1843; x_wconf 87' lang='lat' dir='ltr'>caede</span> 
     </span>
     <span class='ocr_line' id='line_1_23' title="bbox 191 1866 1884 1931; baseline 0.001 -16"><span class='ocrx_word' id='word_1_178' title='bbox 191 1866 406 1916; x_wconf 80' lang='lat' dir='ltr'>Polites“</span> <span class='ocrx_word' id='word_1_179' title='bbox 431 1871 481 1916; x_wconf 91' lang='lat' dir='ltr'>et</span> <span class='ocrx_word' id='word_1_180' title='bbox 510 1869 686 1917; x_wconf 89' lang='lat' dir='ltr'>multis</span> <span class='ocrx_word' id='word_1_181' title='bbox 719 1870 833 1917; x_wconf 91' lang='lat' dir='ltr'>aliis</span> <span class='ocrx_word' id='word_1_182' title='bbox 866 1870 990 1917; x_wconf 88' lang='lat' dir='ltr'>locis</span> <span class='ocrx_word' id='word_1_183' title='bbox 1015 1871 1089 1918; x_wconf 92' lang='lat' dir='ltr'>est</span> <span class='ocrx_word' id='word_1_184' title='bbox 1111 1871 1345 1931; x_wconf 87' lang='lat' dir='ltr'>positum.</span> <span class='ocrx_word' id='word_1_185' title='bbox 1396 1871 1615 1917; x_wconf 77' lang='lat' dir='ltr'>horresco</span> <span class='ocrx_word' id='word_1_186' title='bbox 1646 1871 1884 1929; x_wconf 72' lang='lat' dir='ltr'>referens:</span> 
     </span>
     <span class='ocr_line' id='line_1_24' title="bbox 193 1943 1882 2004; baseline 0 -14"><span class='ocrx_word' id='word_1_187' title='bbox 193 1945 379 2003; x_wconf 91' lang='lat' dir='ltr'>quanto</span> <span class='ocrx_word' id='word_1_188' title='bbox 427 1958 539 1990; x_wconf 90' lang='lat' dir='ltr'>cum</span> <span class='ocrx_word' id='word_1_189' title='bbox 584 1946 797 1991; x_wconf 89' lang='lat' dir='ltr'>tremore</span> <span class='ocrx_word' id='word_1_190' title='bbox 838 1945 1000 1992; x_wconf 88' lang='lat' dir='ltr'>visum</span> <span class='ocrx_word' id='word_1_191' title='bbox 1040 1947 1114 1991; x_wconf 89' lang='lat' dir='ltr'>est</span> <span class='ocrx_word' id='word_1_192' title='bbox 1153 1945 1291 1991; x_wconf 88' lang='lat' dir='ltr'>cuius</span> <span class='ocrx_word' id='word_1_193' title='bbox 1330 1944 1509 1991; x_wconf 88' lang='lat' dir='ltr'>relatio</span> <span class='ocrx_word' id='word_1_194' title='bbox 1549 1943 1654 1990; x_wconf 89' lang='lat' dir='ltr'>sine</span> <span class='ocrx_word' id='word_1_195' title='bbox 1691 1945 1882 2004; x_wconf 89' lang='lat' dir='ltr'>pertur-</span> 
     </span>
     <span class='ocr_line' id='line_1_25' title="bbox 190 2014 1883 2079; baseline 0 -16"><span class='ocrx_word' id='word_1_196' title='bbox 190 2014 390 2063; x_wconf 84' lang='lat' dir='ltr'>batione</span> <span class='ocrx_word' id='word_1_197' title='bbox 432 2018 587 2064; x_wconf 88' lang='lat' dir='ltr'>animi</span> <span class='ocrx_word' id='word_1_198' title='bbox 623 2033 723 2065; x_wconf 88' lang='lat' dir='ltr'>non</span> <span class='ocrx_word' id='word_1_199' title='bbox 762 2017 928 2078; x_wconf 88' lang='lat' dir='ltr'>potuit</span> <span class='ocrx_word' id='word_1_200' title='bbox 967 2018 1227 2079; x_wconf 83' lang='lat' dir='ltr'>explicari!</span> <span class='ocrx_word' id='word_1_201' title='bbox 1290 2017 1557 2078; x_wconf 91' lang='lat' dir='ltr'>descriptio</span> <span class='ocrx_word' id='word_1_202' title='bbox 1596 2019 1883 2065; x_wconf 86' lang='lat' dir='ltr'>venientum</span> 
     </span>
     <span class='ocr_line' id='line_1_26' title="bbox 190 2090 2014 2153; baseline 0.002 -16"><span class='ocrx_word' id='word_1_203' title='bbox 190 2091 314 2138; x_wconf 88' lang='lat' dir='ltr'>satis</span> <span class='ocrx_word' id='word_1_204' title='bbox 354 2092 622 2153; x_wconf 85' lang='lat' dir='ltr'>aperteque</span> <span class='ocrx_word' id='word_1_205' title='bbox 660 2091 921 2152; x_wconf 69' lang='lat' dir='ltr'>terribilis,</span> <span class='ocrx_word' id='word_1_206' title='bbox 963 2108 1081 2139; x_wconf 86' lang='lat' dir='ltr'>nam</span> <span class='ocrx_word' id='word_1_207' title='bbox 1120 2092 1378 2139; x_wconf 82' lang='lat' dir='ltr'>festinatio</span> <span class='ocrx_word' id='word_1_208' title='bbox 1413 2095 1461 2139; x_wconf 89' lang='lat' dir='ltr'>et</span> <span class='ocrx_word' id='word_1_209' title='bbox 1494 2091 1624 2138; x_wconf 90' lang='lat' dir='ltr'>oculi</span> <span class='ocrx_word' id='word_1_210' title='bbox 1655 2090 1882 2138; x_wconf 89' lang='lat' dir='ltr'>ardentes</span> <span class='ocrx_word' id='word_1_211' title='bbox 1908 2108 1950 2140; x_wconf 74' lang='lat'>25</span> <span class='ocrx_word' id='word_1_212' title='bbox 2009 2114 2014 2124; x_wconf 84' lang='lat'>·</span> 
     </span>
     <span class='ocr_line' id='line_1_27' title="bbox 191 2159 2011 2227; baseline 0.001 -17"><span class='ocrx_word' id='word_1_213' title='bbox 191 2166 242 2211; x_wconf 85' lang='lat' dir='ltr'>et</span> <span class='ocrx_word' id='word_1_214' title='bbox 279 2164 482 2227; x_wconf 83' lang='lat' dir='ltr'>linguae</span> <span class='ocrx_word' id='word_1_215' title='bbox 522 2181 668 2227; x_wconf 86' lang='lat' dir='ltr'>saepe</span> <span class='ocrx_word' id='word_1_216' title='bbox 709 2167 1037 2227; x_wconf 83' lang='lat' dir='ltr'>continueque</span> <span class='ocrx_word' id='word_1_217' title='bbox 1069 2165 1322 2213; x_wconf 87' lang='lat' dir='ltr'>vibrantes</span> <span class='ocrx_word' id='word_1_218' title='bbox 1355 2165 1762 2213; x_wconf 86' lang='lat' dir='ltr'>demonstrabant</span> <span class='ocrx_word' id='word_1_219' title='bbox 1793 2165 1882 2211; x_wconf 87' lang='lat' dir='ltr'>ali-</span> <span class='ocrx_word' id='word_1_220' title='bbox 2010 2159 2011 2162; x_wconf 30' lang='lat'>¹</span> 
     </span>
     <span class='ocr_line' id='line_1_28' title="bbox 191 2231 2014 2294; baseline 0.001 -10"><span class='ocrx_word' id='word_1_221' title='bbox 191 2238 271 2284; x_wconf 91' lang='lat' dir='ltr'>cui</span> <span class='ocrx_word' id='word_1_222' title='bbox 326 2237 579 2286; x_wconf 83' lang='lat' dir='ltr'>adlaturos</span> <span class='ocrx_word' id='word_1_223' title='bbox 634 2241 908 2287; x_wconf 88' lang='lat' dir='ltr'>interitum.</span> <span class='ocrx_word' id='word_1_224' title='bbox 985 2241 1079 2287; x_wconf 89' lang='lat' dir='ltr'>hoc</span> <span class='ocrx_word' id='word_1_225' title='bbox 1133 2239 1350 2288; x_wconf 88' lang='lat' dir='ltr'>ostendit</span> <span class='ocrx_word' id='word_1_226' title='bbox 1397 2237 1604 2287; x_wconf 91' lang='lat' dir='ltr'>dicendo</span> <span class='ocrx_word' id='word_1_227' title='bbox 1649 2239 1883 2286; x_wconf 66' lang='lat' dir='ltr'>inmensis</span> <span class='ocrx_word' id='word_1_228' title='bbox 1957 2291 1960 2294; x_wconf 16' lang='lat' dir='ltr'>v</span> <span class='ocrx_word' id='word_1_229' title='bbox 2012 2231 2014 2234; x_wconf 41' lang='lat'><em>⁴</em></span> 
     </span>
     <span class='ocr_line' id='line_1_29' title="bbox 102 2311 1882 2373; baseline 0.003 -19"><span class='ocrx_word' id='word_1_230' title='bbox 102 2315 188 2355; x_wconf 86' lang='grc'>205</span> <span class='ocrx_word' id='word_1_231' title='bbox 206 2311 401 2359; x_wconf 76' lang='lat' dir='ltr'>orbibus</span> <span class='ocrx_word' id='word_1_232' title='bbox 439 2327 623 2372; x_wconf 61' lang='lat' dir='ltr'>angues</span> <span class='ocrx_word' id='word_1_233' title='bbox 658 2314 946 2361; x_wconf 73' lang='lat' dir='ltr'>incumbunt</span> <span class='ocrx_word' id='word_1_234' title='bbox 973 2313 1150 2373; x_wconf 67' lang='lat' dir='ltr'>pelayo</span> <span class='ocrx_word' id='word_1_235' title='bbox 1179 2314 1465 2373; x_wconf 74' lang='lat' dir='ltr'>pariterque</span> <span class='ocrx_word' id='word_1_236' title='bbox 1503 2313 1569 2360; x_wconf 80' lang='lat' dir='ltr'>ad</span> <span class='ocrx_word' id='word_1_237' title='bbox 1607 2313 1752 2360; x_wconf 73' lang='lat' dir='ltr'>litora</span> <span class='ocrx_word' id='word_1_238' title='bbox 1783 2316 1882 2359; x_wconf 73' lang='lat' dir='ltr'>ten-</span> 
     </span>
     <span class='ocr_line' id='line_1_30' title="bbox 190 2385 1882 2446; baseline 0.002 -15"><span class='ocrx_word' id='word_1_239' title='bbox 190 2385 334 2440; x_wconf 81' lang='lat' dir='ltr'>dwnt,</span> <span class='ocrx_word' id='word_1_240' title='bbox 372 2389 572 2444; x_wconf 77' lang='lat' dir='ltr'>pectora</span> <span class='ocrx_word' id='word_1_241' title='bbox 619 2401 824 2446; x_wconf 78' lang='lat' dir='ltr'>quorum</span> <span class='ocrx_word' id='word_1_242' title='bbox 868 2388 995 2435; x_wconf 69' lang='lat' dir='ltr'>‘mter</span> <span class='ocrx_word' id='word_1_243' title='bbox 1039 2389 1216 2446; x_wconf 75' lang='lat' dir='ltr'>fluetus</span> <span class='ocrx_word' id='word_1_244' title='bbox 1261 2391 1452 2435; x_wconf 84' lang='lat' dir='ltr'>arrecta</span> <span class='ocrx_word' id='word_1_245' title='bbox 1496 2387 1732 2446; x_wconf 75' lang='lat' dir='ltr'>iubaeque</span> <span class='ocrx_word' id='word_1_246' title='bbox 1768 2401 1882 2434; x_wconf 75' lang='lat' dir='ltr'>san-</span> 
     </span>
     <span class='ocr_line' id='line_1_31' title="bbox 186 2460 1949 2521; baseline 0.002 -16"><span class='ocrx_word' id='word_1_247' title='bbox 186 2460 394 2518; x_wconf 66' lang='lat' dir='ltr'>quiueae</span> <span class='ocrx_word' id='word_1_248' title='bbox 439 2464 704 2519; x_wconf 75' lang='lat' dir='ltr'>eoeuperaut</span> <span class='ocrx_word' id='word_1_249' title='bbox 747 2461 932 2516; x_wconf 65' lang='lat' dir='ltr'>nudas,</span> <span class='ocrx_word' id='word_1_250' title='bbox 971 2476 1098 2521; x_wconf 72' lang='lat' dir='ltr'>pars</span> <span class='ocrx_word' id='word_1_251' title='bbox 1145 2465 1299 2509; x_wconf 85' lang='lat' dir='ltr'>cetera</span> <span class='ocrx_word' id='word_1_252' title='bbox 1335 2465 1546 2521; x_wconf 73' lang='lat' dir='ltr'>pontum</span> <span class='ocrx_word' id='word_1_253' title='bbox 1594 2473 1719 2520; x_wconf 77' lang='lat' dir='ltr'>poue</span> <span class='ocrx_word' id='word_1_254' title='bbox 1764 2460 1884 2520; x_wconf 73' lang='lat' dir='ltr'>&#39;leqit</span> <span class='ocrx_word' id='word_1_255' title='bbox 1905 2478 1949 2509; x_wconf 82' lang='lat'>30</span> 
     </span>
     <span class='ocr_line' id='line_1_32' title="bbox 189 2528 2007 2595; baseline 0.001 -16"><span class='ocrx_word' id='word_1_256' title='bbox 189 2533 447 2592; x_wconf 69' lang='lat' dir='ltr'>sv&#39;snuatque</span> <span class='ocrx_word' id='word_1_257' title='bbox 497 2534 720 2582; x_wconf 68' lang='lat' dir='ltr'>immensa</span> <span class='ocrx_word' id='word_1_258' title='bbox 771 2535 1014 2582; x_wconf 76' lang='lat' dir='ltr'>volumine</span> <span class='ocrx_word' id='word_1_259' title='bbox 1066 2538 1213 2595; x_wconf 74' lang='lat' dir='ltr'>terya.</span> <span class='ocrx_word' id='word_1_260' title='bbox 1289 2536 1347 2595; x_wconf 72' lang='lat' dir='ltr'>fit</span> <span class='ocrx_word' id='word_1_261' title='bbox 1395 2536 1582 2582; x_wconf 73' lang='lat' dir='ltr'>sonitus</span> <span class='ocrx_word' id='word_1_262' title='bbox 1626 2538 1882 2594; x_wconf 70' lang='lat' dir='ltr'>spmnasnte</span> <span class='ocrx_word' id='word_1_263' title='bbox 2005 2528 2007 2530; x_wconf 61' lang='grc'>’</span> 
     </span>
     <span class='ocr_line' id='line_1_33' title="bbox 102 2606 1881 2674; baseline 0.001 -21"><span class='ocrx_word' id='word_1_264' title='bbox 102 2610 188 2650; x_wconf 93' lang='grc'>210</span> <span class='ocrx_word' id='word_1_265' title='bbox 203 2606 330 2662; x_wconf 80' lang='lat' dir='ltr'>salo,</span> <span class='ocrx_word' id='word_1_266' title='bbox 387 2608 580 2666; x_wconf 78' lang='lat' dir='ltr'>iamque</span> <span class='ocrx_word' id='word_1_267' title='bbox 640 2622 765 2655; x_wconf 81' lang='lat' dir='ltr'>arva</span> <span class='ocrx_word' id='word_1_268' title='bbox 825 2606 1047 2674; x_wconf 63' lang='lat' dir='ltr'>teuebwht</span> <span class='ocrx_word' id='word_1_269' title='bbox 1106 2610 1414 2668; x_wconf 73' lang='lat' dir='ltr'>ardentisque</span> <span class='ocrx_word' id='word_1_270' title='bbox 1474 2609 1636 2656; x_wconf 79' lang='lat' dir='ltr'>oculos</span> <span class='ocrx_word' id='word_1_271' title='bbox 1695 2609 1881 2667; x_wconf 71' lang='lat' dir='ltr'>suffecti</span> 
     </span>
     <span class='ocr_line' id='line_1_34' title="bbox 190 2681 1878 2743; baseline 0 -15"><span class='ocrx_word' id='word_1_272' title='bbox 190 2682 431 2740; x_wconf 72' lang='lat' dir='ltr'>scmyuiue</span> <span class='ocrx_word' id='word_1_273' title='bbox 478 2684 521 2728; x_wconf 86' lang='lat' dir='ltr'>et</span> <span class='ocrx_word' id='word_1_274' title='bbox 562 2682 669 2741; x_wconf 72' lang='lat' dir='ltr'>iqui</span> <span class='ocrx_word' id='word_1_275' title='bbox 711 2681 858 2729; x_wconf 67' lang='lat' dir='ltr'>sibila</span> <span class='ocrx_word' id='word_1_276' title='bbox 904 2683 1179 2731; x_wconf 75' lang='lat' dir='ltr'>lambebant</span> <span class='ocrx_word' id='word_1_277' title='bbox 1222 2682 1404 2743; x_wconf 69' lang='lat' dir='ltr'>liuyuis</span> <span class='ocrx_word' id='word_1_278' title='bbox 1441 2682 1746 2729; x_wconf 66' lang='lat' dir='ltr'>vibramz‘bus</span> <span class='ocrx_word' id='word_1_279' title='bbox 1776 2695 1878 2729; x_wconf 86' lang='lat' dir='ltr'>ora.</span> 
     </span>
    </p>
   </div>
   <div class='ocr_carea' id='block_1_3' title="bbox 188 2806 1880 3040">
    <p class='ocr_par' dir='ltr' id='par_1_3' title="bbox 188 2806 1880 3040">
     <span class='ocr_line' id='line_1_35' title="bbox 311 2806 1880 2853; baseline 0.001 -5"><span class='ocrx_word' id='word_1_280' title='bbox 311 2810 337 2848; x_wconf 86' lang='lat'><strong>3</strong></span> <span class='ocrx_word' id='word_1_281' title='bbox 369 2807 599 2851; x_wconf 77' lang='lat' dir='ltr'>exciderat</span> <span class='ocrx_word' id='word_1_282' title='bbox 627 2806 715 2850; x_wconf 83' lang='lat' dir='ltr'>LR</span> <span class='ocrx_word' id='word_1_283' title='bbox 753 2809 927 2852; x_wconf 80' lang='lat' dir='ltr'>exierat</span> <span class='ocrx_word' id='word_1_284' title='bbox 956 2822 980 2850; x_wconf 92' lang='lat' dir='ltr'>r</span> <span class='ocrx_word' id='word_1_285' title='bbox 1017 2822 1068 2852; x_wconf 83' lang='grc'>(11</span> <span class='ocrx_word' id='word_1_286' title='bbox 1069 2809 1261 2853; x_wconf 63' lang='lat' dir='ltr'>danatus</span> <span class='ocrx_word' id='word_1_287' title='bbox 1290 2813 1389 2852; x_wconf 83' lang='lat' dir='ltr'>erat</span> <span class='ocrx_word' id='word_1_288' title='bbox 1419 2807 1490 2850; x_wconf 91' lang='lat' dir='ltr'>ed.</span> <span class='ocrx_word' id='word_1_289' title='bbox 1667 2811 1723 2850; x_wconf 89' lang='grc'>20</span> <span class='ocrx_word' id='word_1_290' title='bbox 1754 2813 1806 2851; x_wconf 85' lang='lat' dir='ltr'>ut</span> <span class='ocrx_word' id='word_1_291' title='bbox 1822 2833 1880 2839; x_wconf 89' lang='lat'>—</span> 
     </span>
     <span class='ocr_line' id='line_1_36' title="bbox 191 2865 1880 2935; baseline 0 -27"><span class='ocrx_word' id='word_1_292' title='bbox 191 2868 245 2907; x_wconf 88' lang='grc'>21</span> <span class='ocrx_word' id='word_1_293' title='bbox 272 2866 496 2909; x_wconf 80' lang='lat' dir='ltr'>Achivum</span> <span class='ocrx_word' id='word_1_294' title='bbox 528 2879 616 2908; x_wconf 90' lang='grc'>0111</span> <span class='ocrx_word' id='word_1_295' title='bbox 634 2865 676 2908; x_wconf 82' lang='grc' dir='ltr'>Β,</span> <span class='ocrx_word' id='word_1_296' title='bbox 699 2866 850 2923; x_wconf 86' lang='lat' dir='ltr'>suppl.</span> <span class='ocrx_word' id='word_1_297' title='bbox 875 2865 926 2910; x_wconf 84' lang='lat' dir='ltr'>r‘.</span> <span class='ocrx_word' id='word_1_298' title='bbox 1020 2871 1076 2910; x_wconf 90' lang='grc'>25</span> <span class='ocrx_word' id='word_1_299' title='bbox 1109 2872 1344 2935; x_wconf 79' lang='lat' dir='ltr'>aperteque</span> <span class='ocrx_word' id='word_1_300' title='bbox 1366 2867 1403 2909; x_wconf 94' lang='lat' dir='ltr'>L</span> <span class='ocrx_word' id='word_1_301' title='bbox 1434 2872 1564 2923; x_wconf 78' lang='lat' dir='ltr'>apert</span> <span class='ocrx_word' id='word_1_302' title='bbox 1594 2879 1700 2909; x_wconf 87' lang='lat' dir='ltr'>cum</span> <span class='ocrx_word' id='word_1_303' title='bbox 1730 2879 1819 2910; x_wconf 80' lang='lat' dir='ltr'>ras.</span> <span class='ocrx_word' id='word_1_304' title='bbox 1837 2865 1880 2908; x_wconf 82' lang='grc' dir='ltr'>Β,</span> 
     </span>
     <span class='ocr_line' id='line_1_37' title="bbox 188 2923 1880 2982; baseline 0 -15"><span class='ocrx_word' id='word_1_305' title='bbox 188 2930 427 2981; x_wconf 78' lang='lat' dir='ltr'>aperteque</span> <span class='ocrx_word' id='word_1_306' title='bbox 455 2939 480 2967; x_wconf 90' lang='lat' dir='ltr'>r</span> <span class='ocrx_word' id='word_1_307' title='bbox 517 2923 668 2981; x_wconf 83' lang='lat' dir='ltr'>possis</span> <span class='ocrx_word' id='word_1_308' title='bbox 708 2931 870 2980; x_wconf 79' lang='lat' dir='ltr'>aperta</span> <span class='ocrx_word' id='word_1_309' title='bbox 907 2930 1042 2981; x_wconf 80' lang='lat' dir='ltr'>atque</span> <span class='ocrx_word' id='word_1_310' title='bbox 1080 2926 1332 2982; x_wconf 82' lang='lat' dir='ltr'>suspicari,</span> <span class='ocrx_word' id='word_1_311' title='bbox 1376 2925 1459 2968; x_wconf 84' lang='lat' dir='ltr'>sed</span> <span class='ocrx_word' id='word_1_312' title='bbox 1491 2924 1549 2969; x_wconf 87' lang='lat' dir='ltr'>cf</span> <span class='ocrx_word' id='word_1_313' title='bbox 1584 2929 1624 2979; x_wconf 99' lang='lat'>5</span> <span class='ocrx_word' id='word_1_314' title='bbox 1650 2929 1736 2968; x_wconf 79' lang='grc'>670</span> <span class='ocrx_word' id='word_1_315' title='bbox 1765 2925 1880 2969; x_wconf 79' lang='lat' dir='ltr'>satis</span> 
     </span>
     <span class='ocr_line' id='line_1_38' title="bbox 190 2983 1835 3040; baseline 0.002 -14"><span class='ocrx_word' id='word_1_316' title='bbox 190 2983 558 3040; x_wconf 75' lang='lat' dir='ltr'>vehementerque.</span> <span class='ocrx_word' id='word_1_317' title='bbox 681 2988 737 3027; x_wconf 85' lang='grc'>29</span> <span class='ocrx_word' id='word_1_318' title='bbox 769 2985 976 3040; x_wconf 77' lang='lat' dir='ltr'>iubetque</span> <span class='ocrx_word' id='word_1_319' title='bbox 1006 2985 1093 3027; x_wconf 82' lang='lat' dir='ltr'>LR</span> <span class='ocrx_word' id='word_1_320' title='bbox 1124 2999 1238 3029; x_wconf 83' lang='lat' dir='ltr'>corr.</span> <span class='ocrx_word' id='word_1_321' title='bbox 1262 3000 1298 3028; x_wconf 90' lang='lat' dir='ltr'>r.</span> <span class='ocrx_word' id='word_1_322' title='bbox 1833 3015 1835 3017; x_wconf 95' lang='lat'>-</span> 
     </span>
    </p>
   </div>
   <div class='ocr_carea' id='block_1_4' title="bbox 1956 152 2014 3226">
    <p class='ocr_par' dir='ltr' id='par_1_4' title="bbox 1956 152 2014 3226">
     <span class='ocr_line' id='line_1_39' title="bbox 1956 152 2014 3226; baseline 0 0"><span class='ocrx_word' id='word_1_323' title='bbox 1956 152 2014 3226; x_wconf 95' lang='lat' dir='ltr'> </span> 
     </span>
    </p>
   </div>
  </div>
 </body>
</html>
