2014 3226
753 144 1055 190 AENEIDOS
1088 146 1109 189 1
1674 150 1699 199 1
1712 149 1777 201 13

86 287 311 350 spexerit.
389 300 474 333 seu
520 299 603 333 vos
650 286 944 346 Hesperiam
996 300 1228 346 maynain
1273 286 1602 347 Saturniaque
1655 302 1776 336 arva

86 364 186 410 sive
230 360 408 421 Erycis
454 361 577 417 fines
622 374 872 419 reyemqne
918 361 1093 418 optatis
1132 358 1356 415 Acesten,
1405 361 1590 409 auxilio
1638 365 1762 409 tutos
1780 369 1866 408 570

86 436 325 483 dimittam
356 434 616 493 opibusque
647 435 847 481 iuvabo:
885 433 1206 495 prosequitur
1240 449 1485 483 summam
1521 435 1780 483 beneficio-

87 525 194 556 rum
227 523 431 555 suorum
455 507 611 555 nihilo
635 508 799 555 minus
832 509 883 554 et
913 507 1182 569 propositis
1213 508 1527 571 respondens.
1587 508 1780 557 dixerat

44 601 64 634 5
88 583 219 631 enim
256 581 475 629 Ilioneus
516 582 558 630 si
596 597 763 645 regem
801 583 1130 643 receperimus
1168 583 1481 644 incolumem,
1520 583 1779 632 tendemus

88 656 151 704 ad
195 655 419 715 Italiam,
466 655 508 702 si
557 656 724 702 autem
774 657 947 703 contra
1001 657 1236 703 meritum
1291 671 1433 704 suum
1487 656 1681 718 aliquid
1735 659 1782 706 ei

86 730 371 778 humanitus
419 728 623 789 accidit,
670 745 930 793 pergemus
978 729 1042 776 ad
1083 728 1319 777 Siciliam.
1400 732 1472 778 ait
1510 731 1641 778 Dido
1682 747 1780 780 non

86 803 270 852 faciens
310 806 484 851 contra
519 803 852 851 Troianorum
882 803 1221 852 voluntariam
1252 803 1628 867 dispositionem
1661 821 1780 867 quo-

88 892 294 939 cumque
341 878 414 925 ire
460 878 720 926 volueritis
768 893 866 925 non
913 878 1111 925 teneam
1157 879 1343 926 invitos
1392 881 1442 926 et
1488 881 1623 927 omni
1670 881 1780 927 sub-

25 969 67 1003 ιο
88 951 213 1000 sidio
268 950 516 1000 adiuvabo
570 951 869 1015 navigantis.
947 951 1094 1000 vultis
1149 955 1191 999 et
1242 953 1318 999 his
1368 968 1551 1001 mecum
1590 956 1783 1014 pariter

87 1026 331 1074 considere
369 1027 555 1086 reynis:
595 1041 704 1074 ecce
743 1027 892 1088 plena
926 1025 1265 1074 benivolentia
1296 1042 1378 1075 eos
1409 1029 1462 1074 in
1494 1028 1783 1076 societatem

88 1101 234 1148 vocat
271 1098 412 1163 regni
452 1101 539 1161 qui
578 1101 746 1148 omnia
786 1100 1184 1162 desperaverant.
1246 1102 1415 1149 urbem
1446 1117 1594 1161 quam
1624 1105 1781 1150 statuo

87 1177 247 1223 vestra
301 1177 391 1221 est:
452 1175 613 1236 primo
669 1174 798 1222 dixit
851 1189 1045 1222 mecum
1099 1174 1350 1223 considere
1403 1177 1592 1239 regniS,
1654 1191 1783 1224 nunc

89 1250 254 1296 autem
279 1247 419 1296 auxit
442 1247 663 1296 studium
693 1247 1058 1297 benivolentiae
1090 1249 1291 1311 plenam
1322 1249 1424 1298 illis
1456 1249 1783 1312 possidendae

25 1338 66 1374 25
89 1321 223 1370 urbis
264 1321 470 1371 offerens
509 1322 817 1371 facultatem.
894 1323 1043 1370 multi
1080 1323 1261 1370 vitium
1300 1325 1483 1386 putant
1521 1340 1624 1373 esse
1665 1326 1783 1386 quia

89 1395 212 1444 dixit
250 1395 502 1459 Vergilius
546 1399 714 1446 vestra
753 1398 828 1446 est
865 1396 1039 1444 urbem
1078 1400 1129 1445 et
1164 1413 1339 1446 revera
1377 1399 1544 1460 potest
1582 1413 1702 1459 esse,
1739 1400 1786 1448 si

89 1485 187 1518 non
224 1471 540 1518 removeatur
578 1487 716 1520 error
754 1471 1067 1520 ordinatione
1099 1487 1269 1520 sensus
1302 1472 1489 1520 effecta.
1551 1471 1622 1522 sic
1653 1471 1785 1521 enim

90 1544 432 1606 accipiendum
486 1546 580 1593 est:
638 1560 789 1607 quam
842 1547 1008 1594 statuo
1062 1545 1235 1593 urbem
1287 1548 1454 1595 vestra
1507 1548 1595 1595 est.
1673 1548 1785 1608 snb-

89 1618 244 1667 dueite
273 1620 430 1667 navis.
496 1620 619 1667 Tros
653 1619 926 1681 Tyriusque
955 1620 1076 1668 inihi
1104 1621 1240 1668 nullo
1272 1620 1554 1668 discrimine
1592 1624 1786 1681 ayetur:

24 1708 69 1742 so
89 1692 205 1740 huic
242 1692 377 1755 parti
414 1708 514 1741 non
553 1694 699 1756 plene
736 1693 1014 1757 respondit3
1067 1692 1286 1742 Ilioneus
1335 1696 1520 1757 quippe
1560 1695 1783 1758 postula-

90 1769 231 1814 verat
276 1759 436 1833 (551)
486 1770 803 1830 „quassatam
849 1768 1011 1817 ventis
1059 1768 1210 1816 liceat
1255 1767 1527 1817 subducere
1579 1769 1786 1818 classem

91 1843 142 1888 et
185 1840 326 1889 silvis
373 1844 548 1903 aptare
594 1842 760 1891 trabes
807 1844 859 1890 et
903 1843 1147 1907 stringere
1193 1841 1399 1891 remos“.
1476 1842 1623 1904 Dido,
1675 1858 1787 1892 cum

89 1914 430 1977 responderet,
476 1931 576 1964 non
615 1915 800 1965 obtulit
838 1915 958 1978 duo,
1005 1919 1064 1965 ut
1102 1918 1152 1964 et
1190 1916 1518 1966 subducerent
1555 1919 1697 1967 navis
1737 1921 1787 1967 et

92 1991 443 2051 conponerent:
484 1989 756 2053 subducite,
795 1992 977 2053 inquit,
1016 1991 1181 2039 noluit
1219 1991 1279 2039 de
1320 1991 1654 2054 conponendis
1696 1992 1785 2041 ali-

28 2078 71 2112 35
94 2061 216 2124 quid
268 2063 430 2126 loqui3
491 2067 702 2112 noverat
755 2066 888 2112 enim
941 2080 993 2114 se
1047 2065 1230 2114 dixisse
1284 2067 1472 2115 cessate
1529 2065 1787 2115 nobiscum

95 2135 276 2186 addens
317 2137 440 2186 Tros
481 2138 762 2202 Tyriusque
800 2139 923 2186 mihi
961 2139 1100 2188 nullo
1141 2138 1425 2189 discrimine
1467 2141 1654 2204 agetur.
1725 2156 1787 2189 ne

73 2209 456 2260 >arbitrarentur
495 2212 700 2261 Troiani
740 2213 999 2262 inferiores
1039 2229 1090 2262 se
1123 2214 1241 2275 fore,
1274 2213 1400 2262 miro
1431 2214 1631 2278 ingenio
1663 2216 1786 2263 tem-

94 2287 309 2346 peravit,
370 2288 428 2333 ut
489 2285 675 2335 diceret
727 2287 968 2337 Troianos
1030 2303 1129 2336 uno
1193 2303 1307 2336 cum
1358 2288 1533 2337 incolis
1589 2289 1786 2337 futuros

95 2357 313 2421 adfectu,
359 2363 417 2407 ut
461 2360 784 2412 honorificam
828 2377 880 2410 se
928 2361 1209 2410 ostenderet
1249 2363 1392 2411 iuxta
1427 2362 1650 2424 hospites
1689 2378 1788 2412 non

28 2446 74 2482 ιο
96 2447 176 2481 eos
214 2397 554 2496 pos'tponendo
595 2435 762 2497 Tyriis
800 2451 890 2484 nec
930 2435 1142 2484 deiceret
1180 2451 1294 2485 suos
1333 2438 1385 2485 et
1413 2437 1546 2485 inter
1575 2437 1787 2500 populos

94 2506 471 2556 inimicitiarum
509 2523 684 2557 causas
723 2510 1023 2570 inmitteret,
1070 2511 1114 2558 si
1150 2509 1436 2574 peregrinos
1476 2511 1663 2560 faceret
1699 2527 1788 2573 po·

215 2667 242 2707 2
273 2664 408 2718 linem
437 2664 491 2708 R.
607 2669 723 2709 6--7
755 2670 799 2710 et
826 2665 1096 2710 humanitus
1125 2665 1161 2709 L
1192 2671 1234 2710 et
1262 2666 1530 2710 humanitas
1559 2666 1602 2709 R
1633 2666 1675 2710 ei
1704 2665 1788 2710 hu-

97 2723 298 2767 manitas
327 2737 351 2766 r
381 2725 431 2779 (u
455 2722 706 2768 emendare
729 2723 904 2781 omisit)
935 2725 1294 2770 inhumanitatis
1324 2724 1396 2769 ed.
1494 2728 1518 2767 7
1552 2725 1722 2770 accidit
1752 2725 1788 2768 L

97 2781 268 2825 accidet
297 2781 339 2825 R
369 2783 588 2828 acciderit
617 2782 709 2840 ed..
805 2787 832 2828 8
862 2783 1037 2838 faciam
1069 2784 1140 2828 ed.
1253 2788 1280 2827 9
1314 2788 1488 2829 teneam
1518 2783 1606 2828 LR
1636 2785 1790 2829 tenebo

99 2837 135 2881 L
157 2838 201 2883 H
221 2853 342 2886 man.
376 2841 448 2886 ed.
622 2845 680 2886 20
709 2843 949 2899 respondet
978 2842 1051 2887 ed.
1227 2847 1282 2887 21
1315 2848 1557 2900 quasatam
1587 2857 1672 2888 ven
1703 2843 1790 2887 LR

100 2909 214 2942 corr.
244 2913 280 2944 r.
402 2904 460 2945 23
489 2905 544 2946 nt
573 2906 615 2947 et
644 2900 732 2945 LR.
762 2906 806 2947 et
834 2915 924 2946 om.
950 2901 1021 2946 ed.
1153 2906 1210 2947 25
1240 2907 1405 2947 cessate
1435 2902 1671 2947 nobiscum
1701 2902 1790 2946 LR

99 2956 331 3003 subducite
359 2972 498 3005 naves
530 2960 601 3005 ed.
725 2965 780 3005 29
813 2961 972 3016 effectu
1001 2975 1037 3005 r.
1160 2965 1217 3005 30
1243 2961 1582 3019 postponendos
1612 2961 1685 3006 ed.

188 3038 284 3073 Dou.
307 3041 466 3082 interpr.
481 3042 597 3084 Ver-g.
631 3042 707 3076 vol.
730 3043 762 3076 1.
1404 3038 1432 3080 8
