2014 3226
783 175 1087 220 AENEIDOS
1118 175 1182 219 111
1725 180 1829 230 337

141 330 268 376 quae
310 314 440 362 enim
480 316 708 375 suspecta
740 317 854 361 sunt
887 315 1073 362 dimitti
1105 315 1284 364 debent
1315 333 1464 378 quam
1497 317 1668 365 videri.
1732 318 1832 365 iam

141 389 344 436 nomina
374 389 595 436 locorum
628 391 887 450 exequitur
924 405 1048 450 quae
1088 392 1393 438 transierunt
1433 391 1512 439 vel
1552 407 1677 453 quae
1720 407 1830 439 eva-

141 463 325 510 serunt.
401 463 512 509 hinc
561 464 700 510 sinus
750 463 1001 518 Herculei,
1051 465 1095 511 si
1144 478 1259 511 vera
1310 468 1379 512 est
1421 467 1582 525 fama,
1632 466 1831 513 Tarenti

142 538 376 592 cernitur,
424 536 595 583 attollit
630 551 681 584 se
719 537 835 584 diva
874 536 1086 584 Lacinia
1126 541 1291 586 contra
1334 537 1658 599 Caulonisque
1697 552 1834 587 arces

93 626 116 658 5
142 613 184 657 et
227 610 546 669 navifrayum
590 609 890 671 Scylaceum,
942 613 1044 657 tum
1081 613 1257 670 procul
1304 627 1326 659 e
1370 614 1520 670 fluctu
1571 614 1832 662 Trinacria

141 685 352 731 cernitur
382 681 544 731 Aetna
584 687 626 731 et
659 685 888 744 yemitum
918 685 1155 744 inqentcrn
1176 686 1343 745 pelayi
1365 688 1661 746 pulsatoque
1692 702 1816 735 saoea
1834 693 1919 732 555

140 758 371 804 audimus
410 757 546 818 lonye
583 759 863 817 fractasque
902 758 968 805 ad
1007 759 1151 805 litora
1189 774 1322 806 voces
1363 761 1668 821 exultantque
1699 762 1829 808 cada

0 882 1 889 χ
141 835 282 891 atque
321 835 457 879 aestu
494 833 756 880 miscentur
792 833 1028 880 harenae:
1082 848 1216 880 more
1257 849 1344 881 suo
1385 834 1544 881 multa
1584 835 1830 896 superflua

0 899 2 992 ᾗ
141 905 416 967 descripsit,
446 907 505 952 ut
536 905 600 953 ad
631 921 744 953 eum
774 906 941 953 locum
972 907 1166 954 veniret
1197 908 1285 968 qui
1316 908 1480 955 fuerat
1510 910 1827 957 necessarius.

71 995 116 1027 10
140 979 312 1027 debuit
365 979 497 1026 enim
549 981 706 1040 partis
764 979 1039 1041 Charybdis
1092 983 1318 1043 tangere,
1374 984 1430 1030 ut
1483 998 1830 1044 responsorum

139 1052 317 1100 Heleni
362 1053 482 1101 fides
530 1055 698 1115 aperte
746 1053 1098 1102 ostenderetur.
1176 1055 1303 1102 hanc
1356 1056 1544 1117 primus
1591 1056 1829 1104 Anchises

138 1127 406 1188 intellexit3
446 1127 550 1188 ipse
591 1128 722 1175 enim
762 1127 887 1175 dixit
924 1129 1159 1176 nimirum
1197 1130 1273 1177 hic
1302 1130 1392 1177 ula
1427 1129 1712 1190 Charybdi&
1745 1131 1830 1178 hos

138 1201 356 1249 Helenus
393 1202 627 1261 scopuIOS,
664 1202 780 1250 haec
817 1217 942 1250 saxa
980 1203 1223 1250 horrenda
1254 1204 1466 1251 canebat.
1526 1220 1700 1265 parum
1733 1204 1830 1251 fuit

26 1328 35 1333 ,
138 1274 247 1323 loca
285 1275 606 1336 intellexisse,
645 1277 900 1324 nuntiasse
940 1276 1106 1337 etiam,
1143 1277 1231 1324 dat
1268 1293 1462 1338 quoque
1493 1279 1546 1324 in
1578 1279 1829 1339 praesenti

69 1364 113 1397 ιε
139 1349 420 1410 consilium,
467 1352 524 1397 ut
568 1349 713 1398 evadi
750 1351 1010 1412 potuisset,
1052 1350 1216 1399 dicens
1257 1353 1443 1411 eripite,
1484 1365 1510 1398 o
1547 1354 1686 1407 socii,
1718 1367 1813 1412 pa—
1830 1357 1917 1397 560

137 1425 346 1482 riterque
382 1425 618 1483 insumite
656 1426 816 1472 renuis
879 1426 1037 1472 socios
1076 1441 1176 1472 non
1213 1425 1400 1473 frustra
1441 1425 1736 1487 appellavit,
1775 1427 1828 1472 in

136 1497 386 1545 communi
434 1498 567 1545 enim
614 1499 836 1559 periculo
884 1499 1110 1546 omnibus
1157 1500 1321 1546 fuerat
1370 1498 1716 1560 laborandum,
1767 1515 1827 1548 ne

139 1571 288 1618 simul
335 1572 493 1619 omnis
540 1571 761 1620 sorberet
808 1571 1105 1635 Charybdis,
1154 1574 1297 1635 quasi
1336 1573 1520 1621 diceret
1558 1589 1647 1635 pro
1686 1573 1828 1622 vobis

137 1645 354 1706 facietis,
409 1645 542 1707 quod
594 1647 929 1708 periculorum
980 1648 1317 1708 praesentium
1369 1647 1639 1708 participes
1694 1647 1825 1695 estis.

67 1735 114 1767 20
135 1719 258 1766 bosut
307 1721 470 1767 minus
524 1734 582 1768 ac
633 1722 757 1769 iussi¹
809 1722 1023 1780 faciunt:
1083 1722 1364 1781 confestim,
1421 1723 1478 1768 ut
1531 1720 1652 1768 iussi
1697 1723 1827 1781 sunt,

136 1793 378 1855 fecerunt,
434 1795 619 1856 quippe
676 1795 909 1844 adversus
958 1797 1270 1856 praesentem
1317 1798 1365 1842 et
1411 1796 1678 1842 maximam
1724 1796 1827 1842 vim

135 1867 318 1915 celeres
382 1869 432 1914 et
491 1870 697 1916 maximi
758 1870 982 1917 omnium
1043 1871 1247 1917 conatus
1310 1869 1507 1917 fuerant
1562 1868 1827 1917 necessarii

133 1957 348 2002 quorum
385 1942 661 2003 periculum
691 1942 802 1991 fuit.
856 1945 1144 2003 primusque
1182 1944 1430 1991 rudentem
1468 1943 1694 1991 contorsit
1730 1943 1826 1991 lae-

32 2074 33 2077 ,
137 2029 226 2063 vas
269 2029 479 2076 proram
522 2017 795 2065 Palinurus
843 2018 909 2065 ad
953 2017 1129 2065 undas.
1196 2018 1397 2065 -laevam
1445 2020 1616 2064 moneta
1661 2017 1828 2065 cohors

67 2105 114 2137 25
136 2091 284 2138 remis
322 2091 566 2150 ventisque
594 2093 790 2151 petivit:
827 2091 1093 2139 Palinurus
1131 2092 1185 2138 in
1222 2091 1316 2138 hac
1355 2106 1518 2152 causa,
1558 2106 1708 2152 quem
1743 2090 1826 2139 ob-

29 2154 35 2171 *
138 2162 405 2212 servabant
434 2165 668 2226 universi,
700 2165 742 2214 si
772 2166 1048 2227 periculum
1079 2166 1238 2213 vitare
1272 2166 1532 2226 potuisset,
1565 2163 1827 2212 consilium

29 2285 37 2301 ,
137 2239 326 2298 primus
360 2239 574 2300 arripuit
611 2241 670 2286 ut
708 2239 772 2287 ad
809 2239 1006 2287 laevam
1036 2239 1300 2287 niteretur:
1339 2239 1470 2286 hunc
1499 2237 1827 2286 imitabantur

29 2305 38 2364 l
137 2311 301 2373 ceteri,
355 2312 562 2360 iuvabat
617 2315 666 2361 et
718 2315 918 2375 ventus;
979 2312 1065 2361 sed
1109 2312 1235 2360 nihil
1287 2311 1478 2374 profuit
1530 2313 1827 2374 pervenisse,

137 2385 235 2434 nisi
281 2385 412 2447 quod
459 2386 690 2449 adparati
735 2389 978 2436 venerunt
1023 2386 1086 2435 ad
1130 2386 1482 2447 resistendum,
1527 2389 1697 2434 tamen
1744 2385 1826 2433 ob·

258 2576 282 2614 1
315 2586 453 2627 quam
475 2573 582 2616 inde
605 2571 691 2615 LR
718 2586 857 2628 quam
878 2572 1068 2617 retineri
1087 2569 1125 2614 r‘
1149 2585 1286 2627 quam
1307 2572 1457 2615 videri
1477 2584 1562 2614 nos
1585 2583 1675 2614 om.
1693 2570 1765 2615 ed.

135 2634 166 2672 4
195 2630 313 2676 sedit
341 2631 584 2676 ualacinia
612 2631 654 2674 R
687 2645 802 2675 corr.
834 2629 885 2675 r'.
935 2632 944 2688 Ι
998 2631 1287 2686 coloniaeque
1317 2629 1404 2674 LR
1442 2629 1743 2686 auloniaeque
1773 2627 1824 2672 r‘.

32 2691 35 2738 j
259 2693 283 2732 7
323 2691 386 2734 ad
423 2690 562 2735 litora
591 2690 680 2734 LR
709 2690 791 2735 edI
828 2691 881 2735 in
911 2690 1060 2735 littore
1099 2689 1209 2734 edF.
1392 2693 1445 2732 11
1477 2689 1589 2744 fides
1618 2688 1655 2731 L
1692 2689 1826 2744 fidem

17 2741 41 2784 '⁶⁴
136 2747 180 2791 R
209 2748 282 2792 ed.
317 2751 326 2807 Ι
373 2750 678 2795 ostenderetur
706 2749 748 2792 R
778 2749 1026 2794 ostenderet
1054 2747 1090 2791 L
1122 2749 1193 2794 ed.
1231 2750 1237 2805 Ι
1288 2749 1397 2793 ante
1427 2748 1546 2792 hane
1574 2746 1732 2791 nescio
1765 2760 1825 2790 an

135 2806 308 2852 lemma
338 2813 380 2852 et
403 2812 541 2864 pater
568 2809 791 2854 Anchises
819 2807 1058 2852 exciderit.
1182 2811 1237 2852 18
1268 2809 1432 2863 quodsi
1458 2805 1546 2849 LR
1574 2805 1656 2851 edI
1693 2806 1827 2862 quasi

137 2881 162 2909 r
191 2866 300 2911 edF.
402 2871 456 2910 19
489 2868 610 2924 quod
639 2867 727 2914 LR
757 2868 838 2924 qui
868 2866 939 2910 ed.
1039 2870 1096 2910 24
1126 2871 1291 2911 cuncta
1322 2879 1411 2912 om.
1435 2865 1535 2909 LR.
1631 2867 1687 2908 26
1718 2865 1822 2908 uni-

137 2926 254 2970 versi
286 2927 542 2982 periculum
571 2926 659 2970 LR
696 2928 778 2983 qui
806 2926 1028 2982 interposi.
1060 2926 1134 2970 ed.
1164 2927 1208 2970 si
1235 2939 1335 2970 noe.
1515 2927 1572 2968 29
1611 2924 1708 2969 nisi
1745 2924 1826 2980 φοί

133 2983 225 3028 LR
256 2983 328 3030 ed.
358 2986 456 3030 nisi
483 2985 604 3043 quod
633 2999 718 3030 nos
748 2986 844 3030 nisi
873 2985 985 3043 quia
1016 2986 1067 3029 Ο.

227 3066 326 3100 Don.
350 3067 508 3107 interpr.
530 3068 644 3110 Verg.
681 3068 757 3101 vol.
779 3068 810 3100 Ι.
1411 3061 1467 3100 22

33 2794 46 2978 «ο-ρ-,
