2014 3226
787 167 1090 211 AENEIDOS
1123 168 1162 210 ΙΙ
1722 169 1824 219 163

130 310 355 368 mactari,
395 309 585 355 alienus
628 308 819 354 scilicet
858 323 887 354 a
926 308 1126 354 natione
1168 306 1480 355 Graecorum.
1557 323 1664 355 ecce
1706 324 1824 369 quo-

130 382 274 429 modo
308 383 544 442 conponit
574 382 726 439 fuisse
758 396 1064 443 responsum,
1088 385 1145 428 ut
1176 397 1348 429 revera
1380 381 1631 428 videretur
1662 383 1823 428 inimi-

131 471 214 503 cus
249 457 352 502 eius
386 456 693 502 occasionem
717 455 994 516 repperisse
1020 471 1118 516 qua
1144 471 1252 502 eum
1281 455 1465 502 diceret
1489 455 1823 502 occidendum.

130 544 322 588 caesae,
377 529 564 590 inquit,
622 528 830 590 virginis
886 531 1125 591 sanguine
1179 530 1418 590 placastis
1466 532 1662 589 ventos,
1714 545 1822 576 cum

86 622 104 652 5
130 606 285 650 iretur
325 602 387 649 ad
420 603 635 659 Troiam,
668 602 908 665 sanguine
949 604 1222 664 quaerendi
1259 602 1469 650 reditus:
1509 605 1683 665 utique
1724 604 1823 651 alia

127 679 268 738 virgo
309 676 479 723 debuit
519 676 677 723 occidi
717 676 778 723 ob
817 676 1046 735 reditum,
1092 677 1191 736 sed,
1225 679 1341 738 quia
1380 678 1433 723 in
1474 677 1687 724 exercitu
1728 677 1825 725 viri

126 750 472 798 tantummodo
520 751 738 810 fuerant,
788 750 915 796 dixit
962 750 1113 798 fuisse
1158 751 1314 798 talem
1353 753 1577 811 responsi
1615 754 1823 813 partem,

126 828 184 871 ut
230 825 332 871 iam
370 841 470 872 non
510 840 674 884 sexus,
723 823 808 871 sed
847 824 1132 884 cuiuslibet,
1174 823 1350 872 Graeci
1391 824 1670 885 dumtaxat,
1711 841 1823 886 pro-

126 897 378 946 videretur
430 898 675 945 interitus.
753 899 888 958 vulyt
942 913 1066 957 quae
1119 913 1210 945 vox
1265 902 1318 945 ut
1374 901 1502 945 veuit
1555 900 1620 946 ad
1668 902 1822 947 auris.

62 990 103 1021 10
126 973 395 1031 obstipuere
434 974 588 1020 animi
622 972 905 1032 qelz'dusque
935 987 1030 1031 per
1067 974 1167 1019 ima
1208 974 1422 1020 cucurrit
1459 987 1570 1019 ossa
1618 977 1806 1024 tremor,
1828 981 1911 1019 1⁶20

126 1048 203 1092 eut
242 1047 351 1105 fata
383 1048 577 1106 parent,
618 1061 757 1105 quem
788 1050 963 1106 poscat
999 1045 1199 1105 Apollo:
1240 1062 1352 1094 cum
1392 1047 1574 1094 diceret
1607 1047 1823 1109 aliquem

125 1136 182 1167 ex
222 1120 450 1168 omnibus
492 1120 827 1179 occidendum,
866 1136 967 1167 non
1006 1120 1225 1167 inaniter
1265 1120 1520 1168 subiunxit
1567 1123 1821 1173 universos

124 1194 357 1242 metuisse
407 1195 730 1255 supplicium3
786 1195 1086 1257 generalitas
1134 1195 1265 1241 enim
1314 1211 1461 1256 quem
1499 1195 1675 1242 fuisset
1715 1210 1822 1256 spe-

125 1268 319 1315 cialiter
357 1268 616 1330 proditura
655 1268 934 1315 habebatur
979 1269 1236 1316 incertum.
1314 1270 1389 1316 hic
1426 1269 1628 1316 Ithacus
1665 1273 1822 1317 vatem

19 1352 27 1361 '
59 1359 100 1391 15
123 1356 300 1402 macno
345 1341 612 1390 Calchanta
651 1343 861 1389 tumultu
891 1343 1139 1402 protrahit
1168 1345 1222 1390 ‘iu
1252 1344 1447 1398 medios,
1481 1357 1604 1402 quae
1635 1345 1734 1390 siut
1765 1358 1821 1390 ea

122 1418 330 1464 numum
382 1416 548 1463 dicum
593 1419 808 1476 flacitat:
870 1431 980 1464 ecce
1035 1419 1237 1464 excusat
1285 1415 1628 1464 Calchantem:
1690 1433 1820 1464 nunc

123 1491 254 1536 enim
294 1490 416 1538 dicit
455 1492 558 1538 vim
596 1506 814 1552 passum⁷
846 1494 902 1538 ut
941 1490 1072 1538 falsa
1110 1506 1200 1552 pro
1242 1492 1371 1539 veris
1404 1491 1602 1540 diceret.
1636 1492 1687 1538 in
1720 1507 1819 1553 quo

122 1565 232 1625 ipso
273 1566 323 1612 et
362 1580 392 1610 a
430 1580 643 1625 persona
682 1566 1058 1628 argumentatus
1098 1568 1187 1624 est,
1228 1567 1347 1627 quia
1378 1565 1560 1612 Ulixen
1599 1564 1821 1612 adseruit

121 1639 174 1685 in
220 1638 565 1700 perpetrandis
614 1638 879 1686 sceleribus
936 1639 1199 1686 eruditum.
1280 1643 1322 1686 et
1365 1640 1484 1686 muti
1532 1641 1631 1687 iam
1679 1640 1820 1686 multi.

28 1729 99 1767 „20
123 1713 312 1760 crudele
349 1713 586 1760 cauebant
623 1715 827 1772 artificis
866 1714 1022 1760 scelus
1061 1717 1103 1760 et
1141 1715 1274 1760 taciti
1311 1717 1518 1760 ventura
1563 1713 1801 1760 videbant
1824 1721 1907 1759 125

123 1787 195 1833 bis
233 1788 405 1846 quinos
443 1787 552 1835 silet
585 1786 668 1834 ille
706 1788 810 1835 dies
848 1791 1087 1846 tectusque
1123 1792 1317 1835 recusat
1345 1789 1555 1847 prodere
1584 1801 1695 1835 voce
1725 1801 1820 1835 sua

35 1911 38 1914 Α
122 1874 408 1920 quemquam
446 1865 534 1908 aut
570 1875 810 1920 opponere
846 1862 1004 1909 morti.
1073 1862 1157 1909 via:
1194 1862 1390 1909 taudem
1428 1863 1622 1921 mayuis
1659 1862 1819 1909 Ithaci

33 1979 35 1982 .
121 1936 413 1982 clamoribus
436 1939 571 1983 actus
596 1927 838 1995 conposito
869 1937 1055 1995 rumpit
1082 1949 1243 1982 vocem
1274 1939 1318 1983 et
1346 1950 1422 1982 me
1452 1937 1662 1983 destinat
1684 1951 1816 1983 arae.

122 2009 376 2057 adsensere
414 2023 578 2057 ommes
616 2013 659 2056 et
696 2025 820 2068 quae
858 2010 951 2057 siba·
989 2011 1190 2069 quisque
1228 2010 1422 2069 timebat
1451 2011 1602 2057 unius
1631 2011 1685 2057 in
1715 2011 1803 2057 mi·
1824 2016 1907 2056 130

36 2098 98 2138 ,35
120 2085 216 2130 seri
256 2085 454 2130 eoeitium
492 2098 722 2131 conversa
762 2085 934 2132 tulere:
971 2084 1021 2130 in
1062 2085 1172 2145 ipso
1209 2083 1465 2132 mendacio
1498 2085 1674 2131 cautus
1705 2083 1818 2143 fuit,

42 2147 49 2150 ⁷
122 2173 181 2204 ne
236 2156 415 2220 dignus
470 2157 722 2205 videretur
784 2159 871 2219 qui
922 2161 1179 2219 pateretur
1231 2157 1369 2205 talia.
1463 2159 1506 2206 si
1559 2158 1691 2206 enim
1744 2160 1819 2206 ita

121 2232 327 2291 vixerat,
366 2234 423 2278 ut
461 2233 620 2279 omnis
661 2247 775 2279 31103
814 2231 1069 2280 habuisset
1106 2231 1350 2293 inimicos,
1390 2247 1479 2280 nec
1518 2247 1549 2279 a
1587 2231 1817 2280 Troianis

80 2363 82 2366 .
123 2306 319 2352 veniam
357 2307 540 2352 meruit
578 2306 842 2367 inpetrare.
920 2306 1082 2354 solum
1122 2321 1238 2370 ergo
1278 2305 1401 2353 dicit
1438 2306 1694 2355 infestum¹
1721 2305 1817 2355 sibi

45 2428 48 2431 ,
121 2377 301 2426 Ulixen
354 2379 530 2440 fuisse,
586 2395 732 2442 quem
786 2380 919 2428 iusta
974 2395 1032 2427 ex
1086 2395 1237 2427 causa
1297 2379 1484 2428 fecerat
1543 2380 1815 2428 inimicum.

46 2468 100 2516 gno
124 2450 330 2501 Calchas
378 2453 508 2500 enim
556 2456 606 2501 et
651 2456 850 2502 coactus
898 2454 1018 2502 fecit
1063 2457 1113 2502 et
1151 2454 1237 2502 diu
1276 2452 1404 2501 nihil
1441 2454 1601 2502 voluit
1640 2453 1816 2514 dicere,

50 2570 63 2588 ,ζ
122 2541 179 2573 61
207 2527 271 2574 113
302 2529 471 2575 tamen
502 2543 628 2589 quae
660 2528 997 2576 insinuatione
1028 2526 1189 2576 Ulixis
1226 2531 1484 2590 acceperat
1520 2543 1702 2592 magno
1741 2530 1816 2575 in-

48 2596 64 2642 “.
123 2600 326 2648 solentis
366 2604 416 2648 et
452 2602 720 2663 perniciosi
757 2602 973 2650 hominis
988 2653 992 2656 ,
1010 2602 1232 2650 tumultu
1262 2605 1562 2664 provocatus
1594 2601 1720 2650 dixit
1751 2602 1815 2650 ad

121 2673 210 2720 illa
271 2674 513 2722 sacrificia
567 2674 766 2724 Sinonis
828 2677 1121 2738 sanguinem
1182 2676 1443 2738 postulari.
1529 2692 1627 2738 quo
1681 2676 1814 2724 facto

92 2897 99 2903 .
243 2865 299 2903 14
323 2861 571 2916 proditura
602 2860 688 2903 LR
712 2861 1002 2918 productura
1034 2861 1104 2904 ed.
1254 2865 1309 2905 18
1341 2861 1548 2906 adseruit
1577 2860 1665 2904 LR
1694 2875 1812 2905 asse-

122 2924 234 2962 runt
254 2933 292 2973 r,
316 2919 399 2962 sed
422 2919 484 2963 ad
500 2920 695 2976 pellacis
717 2935 756 2964 v.
777 2923 834 2964 90
856 2919 1065 2976 respicit.
1171 2924 1227 2964 29
1257 2921 1429 2975 fecerat
1449 2919 1537 2963 LR
1557 2921 1680 2975 ferat
1709 2920 1781 2964 ed.

123 2980 181 3020 30
210 2978 318 3030 fecit
347 2978 434 3021 LR
462 2979 559 3034 fuit
588 2978 659 3022 ed.
783 2983 837 3022 31
871 2979 934 3023 iis
962 2978 1050 3022 LR
1078 2979 1150 3023 his
1181 2979 1251 3023 ed.
1282 2982 1288 3037 Ι
1323 2980 1552 3036 acciperat
1581 2978 1681 3022 LR.

1368 3052 1456 3097 11‘
