2014 3226
841 177 1141 222 AENEIDOS
1175 179 1214 221 V
1769 186 1874 234 439

196 316 282 364 sed
319 316 574 364 intellectu
613 317 872 364 latissima.
935 319 1148 378 primum
1190 321 1371 382 quippe
1407 321 1536 381 quod
1568 320 1690 368 dixit
1724 324 1875 369 visuri

196 390 452 438 Aeneadas
486 392 723 451 expressit
755 391 1091 451 plenissimam
1119 392 1314 440 laudem
1342 394 1687 442 Troianorum:
1721 412 1874 458 neque

198 465 328 511 enim
367 465 474 511 sola
513 463 741 511 ludorum
780 465 1009 525 voluptas
1050 466 1259 514 ducebat
1291 469 1557 527 universos,
1589 484 1697 516 cum
1732 486 1875 517 unus-

198 538 405 599 quisque
460 537 523 584 ad
575 538 668 585 hoc
719 542 1051 598 concurreret,
1099 543 1153 586 ut
1201 542 1349 587 etiam
1396 545 1559 589 nosset
1607 542 1875 591 Aeneadas.

149 629 171 660 5
197 613 338 659 erant
376 614 558 671 tamen,
597 613 775 674 inquit,
815 613 946 659 inter
984 614 1116 673 ipsos
1157 615 1242 674 qui
1282 616 1430 662 etiam
1471 615 1633 662 studio
1682 632 1875 678 quoque

195 685 417 733 certandi
466 685 761 733 ducerentur
806 686 1001 748 capturi
1049 703 1105 733 ex
1152 688 1261 735 visu
1302 688 1622 736 Troianorum
1664 692 1876 752 gratiam

195 761 244 806 et
283 759 595 807 commodum
634 759 692 807 de
732 761 1012 807 certamine.
1075 763 1205 807 tanti
1245 756 1408 809 autem
1441 762 1790 822 confluxerant,
1823 767 1875 811 ut

192 832 513 881 latitudinem
551 833 759 881 litorum
798 834 1170 895 conplevissent.
1250 850 1450 883 »temera
1481 838 1727 896 prince‘pio
1768 841 1877 883 ante

194 907 352 954 oculos
390 908 606 967 circoque
643 908 864 955 locantur
901 909 954 955 in
986 909 1163 955 medio:
1203 924 1312 956 cum
1346 910 1622 957 contionem
1659 911 1862 958 haberet
1881 917 1965 955 110

127 997 170 1028 ιο
196 980 387 1030 Aeneas
427 983 476 1028 et
514 981 660 1030 ludos
700 981 926 1042 ediceret,
966 982 1195 1042 promisit
1235 998 1283 1030 se
1332 983 1479 1045 digna
1526 984 1746 1044 praemia
1793 984 1874 1031 da-

193 1057 361 1102 turum
408 1070 512 1103 esse
559 1057 843 1115 certaturis,
891 1071 1016 1117 quae
1063 1071 1138 1103 res
1186 1057 1444 1104 nonnullos
1486 1058 1774 1116 adduxerat,
1821 1061 1876 1105 ut

193 1129 378 1176 vellent
432 1129 594 1176 subire
650 1131 935 1177 certamina.
1014 1130 1098 1176 sed
1154 1131 1271 1190 quia
1324 1132 1583 1191 promissio
1637 1147 1874 1179 nonnum-

195 1219 343 1264 quam
396 1204 636 1250 minorem
691 1205 874 1251 retinet
919 1203 1087 1263 fidem,
1141 1220 1343 1251 munera
1390 1205 1497 1266 ipsa
1543 1208 1656 1251 ante
1703 1209 1876 1266 coepta

194 1277 519 1324 certaminum
549 1277 712 1324 medio
746 1279 875 1326 circo
907 1277 1164 1339 proposuit
1189 1279 1239 1324 et
1263 1278 1442 1325 obiecit
1466 1278 1618 1326 oculis
1644 1280 1876 1338 omnium,

126 1367 168 1399 15
192 1355 248 1398 ut
286 1351 509 1399 volentes
548 1353 708 1415 magis
748 1352 935 1399 vellent
974 1354 1162 1399 certare
1194 1355 1242 1399 et
1274 1353 1515 1413 qualitate
1547 1353 1876 1413 praemiorum

194 1424 346 1472 etiam
384 1425 533 1472 inviti
572 1427 878 1489 cogerentur.
943 1425 1169 1486 circoque
1209 1425 1435 1472 locantur
1471 1426 1523 1472 in
1562 1426 1738 1485 medio,
1778 1442 1874 1474 non

195 1515 291 1560 quo
340 1515 513 1547 revera
561 1501 718 1548 circus
765 1499 941 1547 fuisset
988 1502 1259 1559 extructus,
1306 1499 1390 1547 sed
1436 1500 1489 1546 in
1536 1501 1697 1560 spatio
1746 1499 1877 1560 quod

193 1573 255 1620 ad
302 1574 459 1622 vicem
517 1573 634 1621 circi
686 1574 848 1621 fuerat
903 1574 1227 1636 designatum.
1310 1575 1364 1620 in
1418 1573 1579 1620 medio
1633 1572 1764 1632 ideo,
1818 1575 1876 1620 ut

193 1663 223 1694 a
263 1647 573 1695 circumfusis
612 1649 790 1710 populi
826 1647 1052 1709 partibus
1090 1647 1250 1695 videri
1281 1648 1572 1708 potuissent.
1633 1648 1762 1695 sacri
1793 1649 1876 1694 tri-

124 1735 168 1768 80
183 1722 337 1781 podes
374 1722 646 1782 viralesqae
684 1736 888 1770 coronae
925 1725 969 1770 et
997 1722 1219 1781 palmae:
1258 1737 1409 1782 quare
1441 1718 1596 1768 haec?
1646 1722 1874 1780 pretium,

189 1796 370 1857 inquit,
407 1797 682 1852 victoribus,
718 1795 929 1844 honores
970 1795 1157 1843 scilicet
1190 1798 1238 1842 et
1270 1794 1403 1856 quod
1433 1794 1634 1842 victoris
1666 1794 1874 1858 gloriam

191 1871 470 1918 testaretur.
549 1884 757 1918 coronae
805 1873 853 1918 et
898 1869 1093 1932 palmae
1139 1870 1331 1931 positae
1370 1869 1567 1916 fuerant
1605 1884 1751 1929 super
1787 1869 1874 1915 tri-

190 1942 355 2004 podes
433 1959 667 2004 armaque
707 1947 748 1992 et
786 1947 911 1992 ostro
941 1944 1178 2004 perfusae
1223 1946 1392 1997 vestae,
1441 1943 1627 2002 aryenii
1672 1944 1877 2000 aurique

191 2018 394 2065 talenta:
433 2033 543 2066 ecce
584 2021 633 2066 et
670 2017 762 2066 illa
800 2019 1060 2080 proposuit
1099 2032 1224 2078 quae
1262 2017 1449 2064 maiore
1488 2016 1648 2077 pretio
1687 2018 1874 2063 certan-

124 2106 167 2138 25
191 2093 300 2139 tum
354 2091 558 2141 divitias
613 2108 794 2157 augere
846 2092 1136 2154 potuissent.
1213 2092 1356 2138 tanta
1406 2092 1571 2137 autem
1617 2089 1875 2152 largientis

192 2166 336 2227 copia
381 2166 502 2227 fuit,
547 2168 605 2213 ut
649 2167 908 2228 proposita
955 2165 1006 2212 in
1054 2167 1294 2227 quantum
1340 2163 1508 2224 modo,
1555 2178 1756 2210 numero
1796 2162 1874 2210 vel

189 2239 406 2300 pondere
443 2239 706 2288 finirentur
743 2240 844 2287 dici
881 2255 980 2287 non
1018 2241 1197 2301 posset.
1275 2236 1494 2299 proinde,
1534 2237 1652 2298 quia
1690 2236 1874 2298 specia-

190 2314 285 2360 tim
324 2313 424 2362 dici
461 2330 560 2362 non
599 2314 879 2376 valuerunt,
919 2313 1182 2375 conpendii
1212 2327 1360 2360 causa
1391 2314 1550 2359 vestes
1581 2309 1875 2374 generaliter

190 2386 332 2447 dixit,
350 2403 489 2436 arma
505 2390 556 2436 et
572 2389 683 2436 auri
699 2390 849 2450 atque
870 2387 1066 2451 argenti
1088 2386 1280 2435 talenta
1303 2385 1534 2434 similiter
1556 2383 1872 2446 percucurrit.

20 2006 27 2025 s

20 2062 23 2085 !

18 2098 27 2122 f

312 2508 367 2557 10
398 2514 477 2558 sed
506 2514 651 2572 diy‘na
681 2513 768 2557 LR
797 2526 843 2558 se
873 2513 916 2557 d.
942 2528 966 2555 r
994 2526 1040 2557 se
1070 2514 1299 2568 tra-nepos.
1325 2510 1396 2554 ed.
1493 2514 1548 2553 14
1580 2508 1873 2553 certaminum

190 2572 279 2615 LR
309 2571 366 2616 cf.
397 2574 801 2628 fundamentorum
833 2576 988 2628 coepta
1021 2574 1060 2625 ⁷,
1080 2575 1163 2614 125
1194 2570 1444 2615 certamina
1473 2570 1526 2613 in
1555 2565 1696 2611 HOU
1727 2564 1799 2610 ed.

193 2636 366 2675 16—17
398 2645 493 2676 ‘non
523 2631 644 2690 quod
675 2631 784 2676 edF.
887 2635 941 2674 19
973 2631 1037 2674 ad
1065 2630 1356 2684 circumfussa
1383 2627 1471 2671 LR.
1499 2641 1531 2671 a
1559 2639 1594 2671 c.
1628 2622 1771 2669 HOU
1799 2623 1871 2669 ed.

191 2705 222 2735 a
251 2691 521 2745 circumfusi
550 2705 585 2736 r.
708 2695 762 2734 21
795 2691 984 2735 honores
1014 2688 1102 2732 LR
1133 2688 1204 2732 ed.
1235 2689 1475 2732 honorem?
1515 2688 1524 2739 Ι
1570 2689 1612 2729 et
1642 2698 1731 2728 om.
1754 2682 1827 2728 ed.

115 2792 118 2795 Α
189 2751 379 2796 victores
408 2749 496 2794 LR
527 2763 641 2795 corr.
666 2764 690 2793 r
720 2749 792 2794 ed.
937 2752 995 2791 26
1025 2753 1079 2793 ut
1102 2747 1340 2804 propudia
1369 2743 1458 2789 1213
1486 2743 1557 2789 ed.
1588 2748 1641 2788 ue
1669 2741 1760 2787 dol.
1791 2755 1828 2812 r:

191 2810 245 2852 in
275 2810 660 2866 quantummodo
690 2808 726 2852 L
765 2809 1071 2864 inquantum
1099 2820 1157 2851 m.
1188 2805 1233 2850 R
1267 2807 1613 2862 aequamus.
1644 2813 1668 2845 r
1702 2813 1872 2859 speeta-

190 2867 274 2912 tim
312 2882 428 2925 quae
465 2867 537 2912 ed.
690 2869 748 2911 2‘1
786 2867 1040 2911 miremur
1066 2862 1156 2908 LR
1192 2866 1451 2909 mem
1475 2875 1500 2905 r
1527 2858 1600 2905 ed.
1630 2859 1875 2915 finiremu-

190 2922 976 3031 nozitlegosoet'LRpooewted.
1118 2919 1545 2969 sanamur-ted.
1687 2921 1873 2975 2⁹1)oe-

189 2999 246 3030 cu
429 3021 439 3030 .
