2014 3226
187 203 298 254 468
659 201 889 244 DONATI
920 201 1200 244 INTERPR.
1235 200 1412 244 VERG.

192 343 500 390 commodum
540 339 796 388 transeat?
859 341 1057 402 singula
1096 340 1246 388 verba
1287 357 1398 387 cum
1436 342 1629 404 ingenti
1667 342 1883 403 pondere

191 418 525 478 persuasionis
570 415 758 476 posuit:
812 416 1030 476 primum
1068 415 1268 479 frustra,
1308 415 1400 462 hoc
1440 417 1514 462 est
1554 416 1658 463 sine
1697 416 1882 465 laboris

190 491 389 550 merito,
437 492 664 551 tantane,
705 489 797 535 hoc
838 491 910 535 est
949 491 1054 535 tam
1094 490 1334 549 pretiosa,
1382 490 1487 536 tam
1530 490 1738 551 pulchra
1777 491 1882 538 sine

191 565 353 626 gloria
396 563 623 610 vincendi
661 563 773 609 tolli
813 562 942 608 dona
980 561 1222 623 patieris?
1304 562 1509 623 patieris
1549 563 1678 611 hunc
1717 565 1884 625 potest

191 638 499 685 intellectum
532 637 810 696 admittere,
836 639 905 695 ut,
932 637 1048 696 quia
1079 636 1164 682 1116
1198 636 1391 684 dixerat
1422 638 1465 684 si
1488 652 1630 685 nemo
1657 653 1706 685 se
1733 638 1883 685 audet

193 712 387 758 credere
428 727 638 774 pugnae,
671 710 800 758 dona
833 710 1006 757 ducere
1040 710 1167 770 iube,
1201 710 1380 757 dixisse
1412 709 1615 758 Acestes
1655 711 1883 759 videatur

192 787 236 833 si
274 801 447 847 passus
487 786 640 831 fueris
681 783 810 832 dona
850 784 962 831 tolli
1002 785 1106 830 sine
1147 785 1438 844 certamine,
1486 784 1729 833 videberis
1775 787 1882 847 ipse

194 875 390 920 quoque
440 875 550 906 cum
598 857 772 906 ceteris
819 859 1059 905 timuisse.
1138 859 1222 905 ubi
1266 873 1398 905 nunc
1443 860 1581 906 nobis
1636 861 1753 907 deus
1802 861 1884 908 ille

190 936 420 993 maqister
458 934 778 992 nequicquam
809 935 1102 979 memoratus
1134 933 1308 992 Eryx?
1367 932 1558 979 dicetur
1587 934 1884 996 magistrum

191 1010 240 1054 te
288 1009 617 1055 memoratum
656 1007 869 1067 Erycem
914 1007 1100 1053 frustra
1146 1004 1411 1054 habuisse?
1488 1008 1573 1054 ubi
1618 1008 1757 1066 fama
1789 1022 1884 1066 per

192 1096 378 1129 omnem
419 1081 766 1128 Trinacriam?
845 1080 1089 1139 concidet,
1135 1081 1323 1140 inquit,
1366 1081 1500 1128 fama
1539 1082 1754 1129 nominis
1793 1082 1884 1142 tui,

193 1172 319 1217 quae
366 1172 453 1217 per
501 1171 695 1202 omnem
745 1153 968 1201 Siciliam
1015 1156 1136 1201 nota
1183 1156 1269 1201 est.
1349 1158 1391 1202 et
1435 1156 1596 1214 spolia
1641 1156 1753 1202 illa:
1801 1155 1882 1203 ob-

191 1229 555 1277 umbrabuntur
589 1229 911 1276 victoriarum
950 1230 1153 1275 tuarum
1191 1230 1297 1274 tam
1327 1228 1543 1289 plurima
1576 1228 1884 1289 documenta,

192 1306 288 1351 tuis
318 1304 586 1364 pendentia
627 1304 788 1351 tectis?
850 1304 906 1349 ut
944 1302 1131 1364 pudeat
1169 1303 1316 1349 istius
1355 1303 1490 1362 facti,
1533 1304 1759 1363 quotiens
1799 1303 1883 1350 do-

191 1395 329 1424 mum
366 1379 508 1425 tuam
546 1377 698 1424 fueris
736 1378 987 1440 ingressus
1021 1379 1069 1423 et
1100 1377 1312 1438 pendere
1342 1376 1525 1424 videris
1556 1377 1701 1424 tectis
1735 1393 1884 1439 quae-

193 1453 290 1499 sita
329 1453 428 1499 tuis
470 1451 738 1499 virtutibus
778 1449 1037 1511 praemia?
1111 1451 1193 1498 ille
1230 1451 1321 1497 sub
1358 1451 1487 1506 haec,
1526 1451 1620 1499 hoc
1660 1452 1733 1498 est
1771 1454 1885 1513 post

192 1527 283 1574 illa
331 1541 457 1587 quae
503 1525 706 1573 Acestes
755 1525 948 1571 dixerat
998 1525 1120 1572 haec
1172 1524 1435 1572 subnexuit
1481 1525 1733 1573 Entellus:
1786 1528 1885 1572 non

64 1604 69 1610 '
106 1606 191 1646 395
209 1601 374 1648 laudis
414 1614 552 1647 amor
589 1614 675 1647 nec
709 1600 872 1660 qloria
911 1600 1050 1646 cessit
1077 1599 1232 1658 pulsa
1271 1602 1422 1645 metu:
1463 1600 1611 1646 cessit
1648 1599 1724 1646 bis
1759 1601 1882 1647 acci-

194 1676 351 1736 pitur,
392 1690 491 1722 non
530 1674 677 1721 cessit
716 1672 897 1736 gloria,
937 1689 1036 1720 non
1077 1674 1224 1720 cessit
1265 1688 1404 1720 amor
1442 1673 1627 1733 laudis,
1666 1689 1755 1721 nec
1795 1673 1884 1720 ali-

196 1750 306 1810 quis
352 1751 513 1795 metus
559 1747 840 1795 intervenit.
918 1747 1002 1794 sed
1045 1749 1172 1794 enim
1207 1748 1397 1807 qelidus
1437 1748 1661 1795 tardante
1698 1751 1886 1795 senecta

193 1824 396 1882 sanquis
442 1823 574 1870 hebet
617 1823 888 1882 frigentque
935 1823 1106 1880 effetae,
1143 1823 1198 1868 in
1252 1835 1447 1880 corpore
1499 1823 1650 1869 vires:
1712 1821 1885 1882 virtus,

194 1896 380 1957 inquit,
434 1912 543 1943 mea
591 1898 741 1956 atque
790 1910 927 1942 amor
973 1895 1137 1942 laudis
1184 1911 1283 1942 non
1330 1895 1464 1955 huic,
1512 1895 1598 1943 sed
1645 1896 1885 1943 senectuti

196 1972 466 2032 cesserunt,
520 1969 728 2032 proinde
783 1971 910 2017 esset
964 1970 1171 2029 crimen,
1226 1969 1268 2016 si
1322 1969 1481 2017 adhuc
1530 1971 1583 2016 in
1629 1969 1886 2018 iuventute

195 2044 438 2092 durarem.
528 2044 709 2092 audere
770 2043 927 2107 igitur
990 2042 1120 2104 quod
1175 2046 1249 2090 est
1301 2044 1538 2090 iuvenum
1591 2059 1690 2091 non
1752 2044 1887 2091 valet

197 2120 332 2165 aetas
365 2118 578 2179 inbellis,
611 2134 737 2179 quae
777 2118 936 2166 omnis
975 2117 1127 2180 friget
1167 2120 1215 2164 et
1255 2117 1453 2164 exclusa
1492 2117 1542 2164 vi
1582 2118 1761 2165 caloris
1801 2118 1886 2166 ob-

196 2193 404 2254 torpuit.
481 2194 526 2240 si
572 2193 690 2240 milii
736 2207 859 2251 quae
905 2192 1151 2251 quondam
1196 2191 1362 2250 fuerat
1410 2206 1598 2251 quaque
1651 2193 1886 2252 inprobus

196 2267 283 2314 iste
322 2266 504 2314 exultat
539 2266 710 2324 fidens,
741 2267 787 2314 si
815 2280 948 2314 nunc
977 2267 1102 2326 foret
1130 2265 1221 2313 illa
1250 2266 1488 2321 iuventas,
1519 2266 1639 2313 haut
1669 2266 1886 2326 equidem

108 2344 194 2385 400
202 2341 362 2400 pretio
400 2339 628 2388 inductus
658 2340 958 2400 pulchroque
993 2341 1194 2388 iuvenco
1231 2341 1490 2387 venissem:
1529 2339 1571 2387 si
1611 2355 1781 2400 essem,
1811 2340 1885 2386 in-

317 2485 343 2522 4
369 2482 564 2536 patieris
595 2481 791 2536 patieris
822 2480 907 2523 LR
939 2480 1011 2523 6(1.
1043 2480 1203 2536 lapsus
1236 2479 1410 2522 Donati
1450 2479 1884 2535 interpretationem

197 2553 280 2596 pro
311 2539 532 2583 lemmate
563 2539 819 2595 repetentis
850 2541 905 2582 ut
935 2555 973 2582 v.
1003 2543 1071 2582 78.
1221 2544 1246 2582 5
1278 2544 1330 2582 ut
1360 2553 1453 2582 non
1483 2538 1628 2582 habet
1660 2539 1694 2582 L
1728 2553 1884 2596 super·
1963 2563 1982 2586 ·‚

198 2599 386 2655 scripsit
425 2598 521 2642 sive
553 2597 595 2640 R
625 2598 721 2642 sive
752 2613 775 2640 r
811 2600 938 2642 recte
973 2599 1166 2666 propter
1195 2599 1417 2642 videatur
1468 2600 1474 2655 Ι
1533 2599 1670 2642 audet
1699 2612 1744 2642 se
1776 2599 1811 2641 L
1841 2613 1887 2644 se
1948 2603 1966 2643 ἐ·

198 2659 337 2703 audet
375 2658 417 2700 R
455 2658 543 2701 hoc
580 2656 803 2714 praetuli,
852 2657 964 2713 quia
1011 2659 1059 2701 et
1100 2657 1150 2700 in
1191 2657 1492 2712 sequentibus
1530 2657 1646 2700 Don.
1686 2659 1885 2701 metrum
1949 2668 1981 2700 ’κε

199 2716 350 2762 solvit.
504 2721 529 2760 6
570 2717 692 2760 dona
721 2717 880 2761 ducere
911 2716 998 2760 LR
1036 2718 1136 2761 duc.
1169 2717 1292 2760 dona
1330 2716 1401 2760 ed.
1453 2716 1459 2774 Ι
1515 2717 1694 2760 videtur
1724 2716 1795 2760 6(1.

203 2781 256 2820 12
288 2775 544 2829 siciliamL
569 2775 641 2820 6(1.
667 2776 938 2819 trinacriam
959 2775 1002 2818 R
1025 2790 1120 2826 1·-,--
1138 2775 1173 2818 L
1207 2775 1296 2831 (vel
1319 2775 1361 2818 R
1383 2775 1545 2832 ipseP).
1663 2779 1716 2818 13
1749 2777 1884 2820 victo-

199 2837 378 2880 riarum
410 2840 596 2879 tuarum
627 2833 713 2877 LR
744 2849 845 2878 cum
875 2835 1066 2879 victoria
1098 2839 1279 2878 tuorum
1311 2834 1382 2877 ed.
1515 2839 1567 2878 15
1593 2835 1790 2891 pendere
1820 2835 1884 2878 vi-

200 2895 303 2944 dere
333 2894 503 2938 videris
533 2893 568 2936 L
599 2894 749 2937 videre
779 2906 872 2936 non
904 2893 1081 2943 habent
1111 2893 1154 2936 R
1184 2893 1255 2936 ed.
1351 2897 1404 2936 17
1438 2893 1619 2937 dixerat
1649 2893 1734 2936 LR
1766 2894 1888 2938 dixit

200 2952 344 2996 HOU
376 2953 448 2997 6(1.
586 2956 642 2995 23
675 2957 783 2996 esset
814 2951 849 2994 L
882 2952 952 3004 6(1.
985 2953 1028 2997 si
1058 2957 1202 2997 essent
1230 2951 1271 2994 R
1301 2952 1344 2996 si
1374 2951 1463 2995 del.
1490 2967 1524 2995 r.
1663 2957 1718 2996 26
1751 2966 1884 3008 quae-
1934 2989 1940 2994 .

200 3026 285 3068 que
315 3011 351 3054 L
382 3026 558 3068 quaque
588 3011 642 3055 R.
765 3015 821 3054 27
853 3012 1061 3056 iuventas
1091 3011 1178 3054 LR
1207 3025 1229 3055 s
1261 3010 1349 3054 del.
1374 3025 1398 3054 1·
1429 3011 1500 3054 ed.
