2014 3226
772 176 1074 221 AENEIDOS
1107 178 1171 220 III
1715 178 1818 230 331

129 316 250 362 satis
293 315 549 363 adversam
588 315 823 363 felicitati
862 320 1100 378 conparat
1142 318 1346 365 alienae.
1425 318 1634 379 denique
1686 321 1821 366 totus

126 391 178 435 in
219 404 275 436 eo
316 390 389 437 est
427 391 484 436 ut
523 390 721 451 singula
760 404 872 436 cum
912 391 1121 453 singulis
1161 392 1394 440 conferat.
1473 393 1639 440 felices
1689 393 1822 452 estis,

126 464 311 524 inquit,
360 464 410 508 et
446 462 645 510 beatam
685 463 864 511 ducitis
903 466 1060 511 vitam
1102 481 1307 526 quorum
1349 466 1622 513 infortunia
1660 468 1821 513 trans-

127 538 238 584 acta
286 538 401 583 sunt
448 538 498 584 et
543 537 679 584 mala
725 540 1038 599 consumpta:
1093 539 1299 600 proinde
1354 541 1531 599 vivite,
1587 541 1822 601 quoniam

65 627 101 658 ⁴5
126 609 266 658 vobis
306 611 439 657 vitae
481 610 745 658 delectatio
786 613 835 658 et
874 612 1032 660 otium
1074 616 1308 673 superest.
1378 629 1466 661 nos
1501 615 1633 660 enim
1662 615 1822 661 vitam

126 683 349 732 ducimus
388 684 722 731 miserandam
756 686 844 746 qui
875 686 1121 732 trahimur
1152 703 1240 747 per
1270 688 1470 735 incerta.
1534 687 1675 736 vobis
1708 703 1821 749 pro-

125 758 262 805 venit
302 759 440 819 quies
479 759 627 819 pleno
668 774 895 807 successu
934 774 1023 807 nec
1062 761 1252 823 ingruit
1282 761 1385 808 feta
1416 761 1648 822 periculis
1680 763 1820 808 navi-

124 832 278 894 gandi
308 834 590 881 necessitas.
639 834 793 880 vivite
828 834 915 895 qui
947 835 1065 881 estis
1098 850 1127 881 a
1159 850 1268 882 mea
1299 836 1594 882 infelicitate
1620 835 1821 883 discreti

123 920 212 953 nec
251 909 443 954 mecum
485 907 723 967 quaeritis
763 907 988 967 Italiam,
1036 924 1163 968 quae
1202 910 1400 955 tantum
1438 909 1624 957 recedit
1664 925 1819 971 quan-

58 998 99 1028 10
123 981 231 1027 tum
270 995 380 1027 eam
419 996 507 1028 nos
539 981 812 1028 insistendo
845 983 1202 1043 persequimur.
1266 999 1363 1030 non
1395 984 1469 1030 ita
1499 982 1668 1044 posuit
1700 998 1819 1030 arva

125 1056 257 1101 retro
291 1054 532 1113 cedentia,
565 1054 698 1116 quod
727 1071 841 1103 vere
873 1055 1111 1117 possibile
1145 1058 1285 1118 esset,
1319 1057 1403 1104 sed
1435 1060 1491 1103 ut
1523 1059 1820 1118 exprimeret

122 1128 226 1176 eius
273 1127 486 1176 hominis
533 1128 701 1176 taedia
749 1131 836 1191 qui
882 1146 971 1190 per
1016 1131 1095 1177 tot
1149 1145 1303 1178 annos
1357 1131 1512 1178 tantis
1565 1130 1818 1178 laboribus

122 1201 425 1263 consumptis
472 1203 692 1250 nondum
738 1203 1023 1251 inveniebat
1078 1220 1176 1266 quo
1230 1205 1487 1265 pervenire
1536 1204 1816 1266 cogebatur.

24 1326 34 1333 ⁶
120 1275 334 1338 effigiem
383 1276 575 1324 Xanthi
622 1277 920 1339 Troiamque
966 1277 1168 1337 videtis,
1222 1294 1370 1339 quam
1417 1281 1609 1326 vestrae
1659 1279 1816 1326 fecere

55 1366 94 1398 15
121 1365 318 1410 manus,
358 1349 610 1398 habebant
649 1353 782 1398 enim
820 1353 1022 1400 nomina
1063 1351 1321 1415 originalis
1361 1354 1537 1412 terrae,
1577 1368 1703 1414 quae
1743 1351 1815 1398 id-

120 1425 249 1472 circo
291 1423 608 1486 addiderant,
656 1427 714 1473 ut
753 1427 964 1474 amissae
1004 1426 1232 1473 veritatis
1273 1426 1522 1474 adfectum
1561 1426 1816 1474 simulato-

118 1514 231 1545 rum
270 1498 625 1547 vocabulorum
663 1501 1032 1561 nuncupatione
1072 1502 1351 1561 pensarent.
1432 1516 1582 1562 quam
1621 1503 1814 1548 vestrae

119 1573 276 1620 fecere
321 1588 520 1634 manus,
575 1574 768 1636 gratius
817 1576 892 1622 est
939 1575 1070 1622 enim
1117 1576 1167 1621 et
1213 1574 1406 1622 dulcius
1455 1574 1688 1636 quicquid
1728 1589 1817 1636 per

118 1661 207 1694 nos
253 1645 529 1694 fabricatur
575 1649 663 1695 aut
709 1647 883 1711 surgit.
961 1647 1247 1697 melioribus
1302 1651 1420 1709 opto
1476 1648 1711 1710 auspiciis
1766 1651 1816 1695 et

49 1735 95 1769 πο
119 1735 246 1781 quae
276 1721 430 1768 fuerit
460 1721 623 1770 minus
656 1721 805 1770 obvia
837 1721 996 1782 Grais,
1027 1739 1089 1768 ne
1121 1723 1359 1770 memoria
1390 1723 1604 1770 nominis
1637 1722 1815 1770 Troiae

119 1794 250 1855 quod
306 1794 526 1844 adversis
580 1795 698 1844 fatis
761 1797 960 1858 penitus
1022 1796 1282 1844 interierat
1343 1795 1547 1857 aliquod
1608 1795 1814 1843 alterius

31 1899 34 1902 -
117 1868 295 1916 Troiae
350 1885 495 1917 omen
549 1870 711 1918 simile
773 1872 1080 1930 nasceretur,
1143 1870 1337 1917 addidit
1398 1869 1564 1917 dicens
1625 1870 1813 1917 fecistis

117 1942 317 2003 quidem
356 1943 579 2004 Troiam,
626 1944 712 1992 sed
759 1946 878 2006 opto
924 1947 983 1992 ut
1020 1943 1311 1992 melioribus
1350 1944 1468 1991 fatis
1509 1945 1575 1991 sit
1613 1943 1814 1992 condita

29 2013 36 2088 ’ὲ
116 2031 206 2064 nec
251 2016 435 2066 habeat
481 2018 752 2080 aliquando
801 2018 971 2067 obvios
1021 2011 1237 2066 Graecos
1285 2021 1371 2065 aut
1417 2033 1589 2065 eorum
1633 2017 1813 2065 faciem

27 2091 93 2140 12⁶
116 2091 331 2152 noverit,
372 2092 505 2154 quod
542 2093 733 2140 malum
770 2093 917 2140 facile
955 2092 1123 2154 potuit
1161 2093 1299 2139 nasci
1338 2094 1387 2139 et
1426 2091 1656 2139 accedere
1699 2106 1812 2140 con-

27 2142 37 2171 ⁸
117 2165 323 2213 stitutae
369 2166 423 2212 in
468 2166 696 2228 partibus
743 2167 999 2229 suspectis.
1077 2165 1163 2214 sed
1206 2165 1300 2214 hoc
1345 2165 1563 2214 obtinuit
1611 2181 1673 2213 ne
1721 2165 1811 2212 ali-

114 2238 313 2300 quando
343 2237 496 2288 fieret.
550 2242 596 2288 εἰ
626 2241 823 2300 quando
851 2241 1083 2302 'szbrim
1105 2241 1361 2300 vicinaque
1388 2240 1650 2301 172dess
1673 2254 1798 2287 arva
1814 2243 1901 2283 500

113 2314 303 2361 intraro
346 2315 570 2374 yentiquc
613 2329 748 2363 meae
794 2315 914 2363 data
958 2315 1151 2362 moenia
1196 2328 1415 2362 cernam:
1468 2314 1513 2362 si
1556 2329 1811 2375 umquam,

36 2534 40 2559 ς
234 2517 260 2556 2
291 2513 345 2556 in
375 2527 424 2558 eo
456 2527 543 2558 om.
577 2513 621 2558 R
651 2514 759 2558 add.
784 2529 820 2558 r.
937 2518 963 2556 3
995 2514 1271 2570 inportwnia
1300 2513 1343 2557 R
1374 2526 1489 2557 corr.
1513 2528 1549 2558 r.
1659 2516 1684 2555 7
1715 2513 1810 2567 feta

113 2569 201 2614 LR
224 2573 366 2628 plena
397 2573 468 2617 ed.
615 2578 642 2617 8
675 2574 838 2630 quietis
868 2573 910 2616 R
939 2573 1021 2629 qui
1050 2573 1156 2618 estis
1184 2571 1236 2616 τ’.
1389 2577 1414 2616 9
1448 2572 1639 2617 discedit
1669 2572 1741 2615 ed.

117 2634 171 2673 10
199 2632 354 2686 potuit
382 2631 469 2676 LR
495 2634 654 2689 posuit
683 2631 734 2676 r'.
843 2637 896 2675 13
928 2645 979 2676 co
1010 2631 1097 2674 LR
1126 2645 1215 2687 quo
1245 2646 1269 2674 r
1300 2631 1371 2676 ed.
1482 2636 1536 2675 15
1567 2631 1811 2676 numinum

31 2710 41 2715 ·=
114 2687 201 2733 LR
232 2690 313 2734 edI
349 2692 542 2736 nomina
571 2691 608 2736 r'
641 2692 751 2736 edF.
908 2695 962 2735 19
993 2696 1148 2748 suryet
1176 2691 1219 2734 R
1258 2705 1373 2735 corr.
1406 2705 1440 2733 r.
1594 2693 1650 2734 20
1680 2702 1810 2734 nemo

42 2795 43 2798 ,
111 2750 314 2794 nominis
342 2750 431 2794 LR
460 2765 517 2795 ‘ne
547 2752 750 2796 nominis
777 2763 804 2794 ι·
832 2763 1000 2795 memor
1027 2763 1074 2794 n.
1100 2749 1172 2794 ed.
1196 2765 1253 2795 ne
1283 2750 1498 2794 memoria
1528 2762 1574 2792 n.
1599 2762 1684 2792 nos
1715 2749 1803 2805 (mo

113 2809 170 2851 e'x
208 2810 426 2854 memoria
462 2811 734 2854 truncatum
770 2809 822 2853 in
861 2809 1117 2866 archetypo
1149 2808 1297 2854 fuisse
1325 2808 1513 2853 videtur
1540 2809 1596 2852 ut
1625 2805 1806 2863 multa).

204 2872 258 2910 21
292 2869 412 2924 quod
441 2868 529 2913 LR
559 2883 675 2927 quae
706 2869 779 2912 ed.
807 2870 814 2926 Ι
848 2869 1039 2925 aliquod
1068 2867 1156 2912 LR
1185 2883 1242 2913 ‘ne
1273 2868 1333 2913 al.
1363 2867 1435 2912 ed.
1557 2871 1614 2910 22
1645 2879 1809 2910 nomen

113 2924 198 2968 LR
230 2926 302 2971 ed.
335 2941 467 2972 omen
494 2942 594 2972 nos.
717 2932 776 2972 24
805 2929 972 2983 faciem
1002 2926 1088 2971 LR
1119 2927 1192 2971 ed.
1226 2928 1400 2972 aciem?
1522 2930 1578 2969 26
1610 2926 1810 2970 obtinuit

111 2982 200 3028 LR.
230 2985 302 3030 ed.
335 2988 511 3043 optavit
541 2986 578 3031 r'
611 2987 769 3032 nescio
802 3000 863 3030 an
894 2987 1034 3032 recte.
1158 2990 1214 3030 27
1246 2986 1435 3032 thebrim
1466 2984 1569 3028 LR.
