2014 3226
205 186 273 236 66
668 181 896 224 DONATI
928 180 1207 222 INTERPR.
1242 178 1419 222 VERG.

204 328 314 370 rent
351 326 399 371 et
433 324 676 381 amarent,
718 320 975 368 suffecerat
1007 322 1138 366 enim
1179 303 1241 366 ad
1279 321 1624 367 necessitatem
1654 320 1894 380 temporis

205 402 262 444 ut
309 414 337 444 a
385 395 768 459 cogitationibus
816 395 1042 455 pessimis
1090 396 1436 454 temperarent.
1516 394 1649 455 quod
1698 394 1770 440 ait
1807 408 1894 454 po-

207 475 427 531 nuntque
490 471 674 516 ferocia
727 468 880 515 Poeni
944 467 1112 527 corda,
1175 468 1407 514 meritum
1463 467 1569 515 eius
1623 467 1895 515 monstrari

206 546 364 591 voluit
404 546 605 604 propter
643 558 791 603 quem
830 541 1144 602 inpossibilia
1184 541 1500 602 curabantur,
1539 543 1596 588 ut
1634 541 1769 588 mala
1807 541 1893 587 ho-

207 620 394 665 minum
448 619 628 663 natura
682 617 953 663 verteretur
1006 617 1060 662 in
1113 615 1317 676 bonam,
1379 631 1476 662 non
1539 615 1678 662 iuxta
1734 615 1893 662 omnis
1940 631 1960 664 5

206 694 440 750 homines,
481 691 563 737 sed
603 691 746 736 iuxta
786 690 1025 737 Troianos
1065 689 1423 736 tantummodo.

315 765 406 811 His
446 766 577 811 inter
615 764 783 811 Iovem
825 766 874 810 et
904 763 1147 810 Venerem
1187 766 1236 810 et
1275 779 1363 824 per
1400 762 1703 810 Mercurium
1742 762 1893 826 gestis

204 839 332 885 redit
379 838 441 885 ad
489 854 546 884 ea
594 854 622 884 a
670 837 846 898 quibus
885 838 1088 884 interim
1126 839 1417 898 recesserat,
1468 836 1529 884 ab
1577 836 1667 884 illa
1706 835 1895 884 scilicet

205 914 400 959 Aeneae
434 911 733 975 cogitatione
768 927 868 972 qua
901 911 1024 958 dixit
1058 912 1353 972 „praecipue
1393 911 1506 972 pius
1538 910 1732 958 Aeneas
1763 924 1894 957 nunc
1976 961 1978 963 ,

205 988 330 1034 acris
370 984 546 1032 Oronti
584 1001 713 1032 nunc
752 984 930 1046 Amyci
971 1001 1139 1032 casum
1177 986 1334 1048 gemit
1373 987 1422 1032 et
1462 985 1682 1032 crudelia
1729 999 1894 1032 secum
1919 1002 1962 1034 ιο

204 1061 309 1107 fata
358 1059 479 1120 Lyci
526 1060 802 1120 fortemque
845 1058 986 1120 Gyan
1033 1060 1312 1120 fortemque
1355 1056 1696 1107 Cloanthum“.
1773 1059 1894 1105 haec

204 1150 318 1197 ergo
358 1133 550 1181 Aeneas
592 1133 846 1195 cogitabat
884 1149 973 1194 per
1012 1133 1154 1180 diem.
1234 1135 1283 1180 et
1331 1135 1449 1194 quia
1496 1133 1622 1180 dixit
1667 1135 1748 1193 „et
1791 1133 1894 1179 iam

202 1208 312 1255 finis
354 1206 488 1254 erat“
528 1207 607 1254 vel
646 1207 861 1255 convivii
900 1209 981 1254 vel
1019 1207 1304 1255 fabularum
1343 1207 1422 1254 vel
1460 1207 1603 1267 lucis,
1634 1207 1892 1254 videamus

204 1298 324 1343 quas
358 1281 718 1343 cogitationum
751 1297 891 1328 curas
925 1283 1077 1329 etiam
1107 1297 1197 1342 per
1226 1283 1386 1329 noctis
1417 1285 1614 1342 tempus
1645 1281 1893 1341 habuerit,

204 1355 334 1416 quod
373 1356 538 1416 ipsum
577 1355 831 1402 laudabile
872 1358 946 1403 est
985 1357 1122 1416 satis,
1154 1356 1196 1404 si
1234 1357 1287 1402 in
1325 1357 1404 1403 tot
1433 1354 1687 1402 laboribus
1718 1355 1771 1401 in
1804 1353 1893 1402 ali·
1918 1371 1983 1404 15.

204 1446 352 1490 quam
378 1431 597 1490 quietem
620 1429 753 1476 flecti
779 1445 880 1477 non
910 1430 1076 1491 potuit
1107 1446 1196 1477 nec
1227 1431 1347 1477 tunc
1379 1429 1558 1476 saltem
1588 1430 1894 1490 requiescere

203 1503 490 1551 dormiendo
532 1519 642 1551 cum
684 1504 924 1551 animalia
963 1505 1131 1552 omnia
1169 1505 1283 1565 post
1322 1504 1674 1567 fatigationem
1707 1501 1894 1550 animo-

202 1594 312 1623 rum
352 1579 402 1624 et
441 1592 702 1638 corporum
743 1578 1003 1626 solvuntur
1040 1579 1094 1624 in
1133 1593 1342 1626 somnos.
1409 1593 1534 1638 quae
1566 1591 1643 1625 res
1677 1576 1895 1624 ostendit

204 1652 391 1712 quanta
430 1666 547 1698 cura
585 1654 788 1698 tueatur
825 1651 1078 1715 Vergilius
1118 1652 1336 1712 Aenean,
1377 1653 1456 1699 cui
1493 1650 1709 1699 inventis
1757 1666 1894 1698 occa-

204 1724 422 1772 sionibus
463 1725 629 1773 omnia
668 1741 850 1789 genera
888 1726 1133 1774 virtutum
1173 1725 1327 1773 animi
1366 1725 1555 1774 scilicet
1593 1727 1642 1772 et
1674 1726 1892 1786 corporis
1917 1732 1960 1775 2⁶

205 1797 452 1859 adplicare
506 1815 606 1846 non
660 1802 831 1847 cessat.
921 1800 1130 1862 denique
1186 1800 1345 1847 solum
1396 1799 1565 1861 posuit
1618 1797 1894 1846 ascendisse

203 1875 420 1919 montem
461 1875 510 1919 et
547 1875 767 1921 montem
807 1874 1106 1922 altissimum
1146 1877 1194 1922 et
1233 1889 1289 1922 eo
1333 1875 1570 1935 temporis
1619 1872 1894 1921 ascendisse

205 1961 301 2007 quo
342 1946 490 1994 ceteri
528 1946 712 1994 tabidis
752 1947 1038 2009 corporibus
1079 1951 1128 1996 et
1168 1949 1343 1996 solutis
1381 1947 1612 1995 iacebant
1649 1947 1702 1994 in
1732 1947 1891 1995 litore.

207 2035 314 2067 ecce
355 2021 506 2067 etiam
543 2020 624 2068 hic
663 2021 796 2069 solus
835 2022 1108 2070 utilitatem
1148 2023 1369 2070 omnium
1409 2022 1611 2085 cogitat,
1650 2020 1783 2069 solus
1821 2020 1894 2068 vi-

204 2092 344 2156 gilat,
384 2094 519 2141 solus
561 2095 752 2157 agenda
790 2098 1079 2157 pertractat,
1120 2097 1253 2144 solus
1295 2096 1358 2143 ad
1389 2111 1447 2142 ea
1479 2095 1754 2157 conplenda
1783 2110 1892 2156 per·
1915 2102 1955 2145 «ί

204 2182 316 2231 gere
356 2166 587 2228 disponit.

117 2243 201 2283 305
315 2238 385 2287 At
405 2243 526 2300 pius
549 2239 744 2290 Aeneas
764 2258 859 2303 per
888 2248 1070 2292 noctem
1092 2245 1316 2304 plurima
1346 2244 1563 2291 volvens:
1593 2242 1894 2291 removenda

205 2317 318 2361 sunt
372 2313 668 2376 interposita
722 2332 847 2377 quae
894 2316 1062 2366 Venus
1117 2318 1181 2365 ad
1224 2317 1395 2366 Iovem
1443 2320 1492 2364 et
1542 2317 1605 2364 ad
1650 2317 1893 2365 Venerem
1948 2362 1950 2364 .

203 2386 430 2448 Iuppiter
474 2388 652 2436 habuit
698 2406 922 2452 quaeque
969 2391 1028 2439 de
1067 2391 1314 2439 Mercurio
1362 2391 1495 2438 dicta
1541 2393 1655 2439 sunt
1702 2392 1753 2438 et
1797 2389 1893 2438 erit

203 2477 302 2508 una
347 2463 590 2523 narratio,
642 2479 768 2524 quae
817 2465 1017 2519 videtur
1067 2465 1130 2513 ad
1177 2468 1373 2527 tempus
1421 2480 1524 2513 esse
1571 2465 1744 2512 divisa.
1822 2463 1892 2512 sic

205 2534 335 2581 enim
374 2535 661 2597 conectitur,
701 2537 742 2584 si
779 2538 1008 2587 retractis
1047 2538 1223 2587 mediis
1271 2537 1608 2600 superioribus
1653 2537 1892 2586 inferiora
1929 2582 1936 2588 .

203 2607 486 2671 iungantur.
541 2608 666 2657 dixit
697 2611 828 2658 enim
859 2627 1008 2674 supra
1041 2606 1197 2679 (220)
1231 2613 1524 2674 „praecipue
1554 2613 1669 2674 pius
1696 2611 1890 2659 Aeneas
1933 2602 1957 2669 ,ξ

1944 2666 1954 2687 ’κ

203 2697 333 2730 nunc
381 2684 507 2730 acris
547 2681 744 2744 Oronti,
790 2701 920 2733 nunc
957 2680 1143 2749 Amyci
1188 2701 1358 2734 casum
1402 2684 1585 2749 gemit⁴‘
1633 2688 1682 2733 et
1728 2688 1892 2734 cetera
1931 2688 1954 2750 ,ἲ

1913 2729 1955 2744 Ἴ.

1946 2754 1955 2772 Ι

1944 2793 1953 2835 ί,

324 2871 346 2908 1
381 2869 592 2923 temporis
614 2867 701 2910 LR
723 2871 878 2924 patris
908 2870 979 2914 ed.
1071 2875 1094 2913 7
1127 2872 1279 2916 Iovem
1302 2869 1389 2913 LR
1412 2870 1482 2914 ed.
1514 2870 1555 2914 I.
1581 2874 1623 2913 et
1651 2882 1748 2912 nos.
1778 2870 1785 2927 Ι
1805 2882 1892 2925 per
1932 2855 1952 2921 4

1938 2952 1950 3004 ἱ

205 2937 292 2967 om.
311 2925 381 2968 ed.
477 2930 530 2970 15
562 2927 659 2983 ipse
681 2926 768 2970 LR
798 2941 912 2972 corr.
939 2929 974 2972 L
998 2944 1057 2972 m.
1077 2930 1119 2974 H
1150 2930 1220 2974 ed.
1315 2934 1370 2973 16
1402 2943 1542 2986 neque
1573 2927 1644 2972 ed.
1731 2932 1787 2972 24
1817 2927 1893 2972 hic
1925 2919 1949 2978 ἕ]

205 2995 291 3026 om.
319 2983 389 3027 ed.
483 2989 538 3028 27
563 2987 840 3031 'revolvenda
871 2988 942 3031 ed.
1037 2992 1091 3032 29
1125 2989 1178 3034 de
1212 2989 1448 3033 Mercurio
1479 3001 1567 3031 om.
1593 2987 1664 3031 ed.
1928 2994 1936 3017 ’Ὗ
