2014 3226
789 153 1092 197 AENEIDos
1123 155 1165 198 n
1719 159 1823 209 179

138 298 255 346 ditis
294 297 381 345 sub
422 299 559 344 scuto
599 299 649 344 et
685 295 892 357 pedibus
933 297 1052 343 deae
1090 297 1251 360 magis
1297 298 1555 360 magisque
1603 302 1825 345 creverat

137 387 304 434 pavor.
383 374 425 418 et
472 370 626 417 scelus
677 372 954 428 carpendis-se
1003 375 1258 418 merentem
1304 370 1585 418 Laocoonta
1630 372 1808 430 ferunt,
1828 377 1913 416 230

136 460 330 494 sacrum
376 447 460 503 qui
505 445 700 503 cuspide
745 445 895 491 robur
941 444 1134 492 laeserit
1180 448 1223 491 et
1267 449 1395 504 teryo
1433 447 1713 492 sceleratam
1749 447 1822 492 in-

136 522 323 567 torserit
369 520 583 565 ]eastam:
645 534 702 564 ex
754 521 1044 582 argumento
1093 518 1335 566 eiusmodi
1379 519 1558 566 timida
1604 519 1823 568 omnium

91 611 112 642 5
137 595 415 642 coniectura
469 591 760 651 ducebatur,
816 608 983 639 omnes
1041 594 1222 654 quippe
1278 592 1652 640 arbitrabantur
1695 592 1822 641 Lao-

135 670 359 715 coontem
403 666 639 713 meritum
684 682 869 727 poenas
920 666 1110 715 dedisse
1149 669 1322 727 utpote
1362 683 1474 714 eum
1514 668 1601 728 qui
1640 667 1822 715 donum

132 741 381 789 Minervae
420 740 668 788 violasset.
740 740 799 786 de
838 755 997 802 poena
1027 740 1243 788 filiorum
1273 739 1585 802 Laocoontis,
1625 743 1711 802 qui
1748 743 1821 788 in-

134 818 296 863 sontes
328 817 492 862 necati
524 817 639 861 sunt
669 830 758 862 nec
791 816 1058 876 quicquam
1090 814 1409 876 admiserant,
1432 815 1559 863 nihil
1589 816 1682 863 hoc
1713 815 1821 863 loco

134 889 279 951 dixit,
340 891 570 936 natorum
618 888 748 935 enim
795 888 972 935 durum
1012 889 1293 949 interitum,
1340 905 1486 950 quem
1527 891 1642 937 ante
1682 904 1822 936 suam

68 980 110 1012 10
133 965 341 1011 mortem
388 961 615 1010 Laocoon
663 962 878 1022 viderat,
924 963 1055 1009 inter
1099 965 1310 1024 paterna
1357 963 1604 1025 supplicia
1652 979 1821 1011 nume-

131 1037 275 1085 ravit.
353 1036 624 1085 ducendum
678 1036 745 1084 ad
798 1037 931 1084 sedes
984 1037 1303 1084 simulacrum
1353 1038 1635 1096 orandaque
1681 1037 1823 1085 divae

131 1113 337 1159 numina
376 1111 700 1158 conclamant:
740 1112 962 1158 omnium
999 1127 1103 1159 una
1140 1110 1242 1158 fuit
1273 1110 1542 1172 eademque
1575 1113 1822 1158 sententia

133 1188 280 1246 atque
319 1185 381 1232 ab
420 1185 662 1232 universis
703 1184 1021 1232 concordanti
1056 1200 1175 1233 voce
1207 1184 1515 1233 clamabatar
1546 1184 1821 1233 ducendum

130 1260 183 1306 in
227 1260 445 1321 patriam
499 1259 821 1306 simulacrum
876 1260 992 1322 equi
1042 1262 1093 1307 et
1141 1259 1426 1307 numinibus
1476 1259 1623 1307 laesis
1670 1261 1820 1321 atque

67 1350 108 1382 15
133 1333 325 1381 offensis
365 1335 486 1382 satis
529 1348 632 1380 esse
671 1333 966 1380 faciendum.
1043 1334 1309 1381 dividimus
1346 1348 1512 1381 muros
1552 1337 1593 1380 et
1630 1335 1821 1381 moenia

121 1409 391 1466 pandimus
436 1409 585 1454 urbis.
664 1409 922 1467 accinyunt
965 1422 1127 1455 omnes
1174 1409 1310 1468 operi
1339 1408 1640 1468 pedibusque
1677 1411 1804 1455 rota·
1823 1412 1909 1452 235

129 1496 240 1529 rum
289 1482 530 1529 subiciunt
580 1482 748 1540 lapsus
801 1485 844 1529 et
892 1485 1096 1542 stuppea
1141 1482 1339 1529 vincula
1386 1481 1503 1529 collo
1541 1482 1819 1530 intendunt:

129 1556 276 1617 plena
322 1555 619 1603 describitur
665 1556 885 1604 amentia
928 1555 1277 1618 Troianorum3
1331 1572 1447 1602 nam
1494 1571 1550 1604 eo
1595 1558 1818 1618 tempore

130 1646 226 1691 quo
271 1645 360 1678 nec
406 1629 603 1677 finitum
641 1629 827 1677 bellum
865 1630 1030 1678 fuerat
1067 1645 1157 1678 nec
1194 1630 1414 1691 positum
1451 1646 1611 1692 neque
1651 1630 1820 1691 aliqua

63 1720 106 1752 20
129 1704 465 1752 coniuratione
521 1705 741 1766 sopitum
793 1704 977 1752 muniri
1030 1704 1191 1768 magis
1244 1720 1417 1766 quam-
1450 1704 1594 1766 prodi
1640 1705 1818 1752 civitas

129 1777 310 1826 debuit.
388 1778 671 1839 scindimus,
710 1778 890 1839 inquit,
928 1794 1095 1827 muros
1135 1780 1185 1825 et
1222 1778 1315 1826 hoc
1351 1778 1486 1826 facto
1516 1779 1676 1827 totam
1707 1793 1818 1840 pro-

130 1852 290 1901 dimus
319 1852 544 1900 hostibus
577 1852 855 1914 civitatem,
894 1854 1049 1900 muris
1082 1853 1213 1900 enim
1242 1852 1521 1900 inconsulte
1552 1853 1817 1914 patefactis

127 1927 366 1974 interiora
389 1927 584 1975 moenia
607 1926 966 1988 pandebantur.
1022 1941 1131 1974 ecce
1164 1928 1215 1974 et
1245 1928 1567 1989 augmentum
1599 1926 1817 1975 sceleris:

130 1999 393 2064 accingunt
438 2015 606 2048 omnes
652 2002 812 2063 operi,
859 2016 920 2048 ne
967 2000 1078 2062 quis
1126 2000 1187 2048 ab
1234 1999 1322 2049 illo
1360 2001 1552 2048 nefario
1592 2002 1643 2049 et
1678 2000 1817 2062 inpio

63 2089 106 2122 2⁶
129 2074 346 2123 facinore
371 2078 499 2123 esset
529 2075 764 2135 inmunis,
788 2075 1094 2137 pedibusque
1124 2076 1349 2123 rotarum
1373 2074 1624 2122 subiciunt
1646 2074 1817 2136 lapsus

127 2150 178 2196 et
207 2151 417 2211 stuppea
447 2150 648 2198 vincula
680 2149 806 2197 collo
837 2149 1118 2209 intendunt,
1149 2148 1516 2210 quaerebantur
1547 2149 1816 2197 celeritatis

126 2222 356 2283 remedia,
395 2226 453 2270 ut
490 2226 684 2272 mature
722 2223 774 2270 in
813 2223 1031 2286 patriam
1067 2223 1352 2271 mitteretur
1389 2224 1644 2285 interitus3
1698 2238 1815 2270 nam

75 2350 78 2353 .
126 2295 332 2358 pedibus
376 2298 592 2361 ingentis
638 2298 895 2346 machinae
945 2297 1253 2345 subiciebant
1298 2299 1434 2346 rotas
1482 2298 1533 2345 et
1569 2297 1702 2345 funis
1740 2299 1814 2344 in-

126 2369 394 2418 tendebant
440 2371 590 2432 collo,
635 2373 693 2419 ut
736 2374 961 2420 rotarum
1006 2371 1259 2420 mobilitas
1298 2373 1349 2418 et
1386 2373 1576 2420 tractus
1621 2372 1814 2418 funium

20 2464 21 2469 ¹
62 2457 107 2491 zo
128 2444 179 2491 et
208 2445 389 2492 civium
422 2448 573 2507 atque
606 2448 831 2493 aetatum
863 2447 1083 2493 omnium
1115 2447 1166 2493 et
1196 2460 1400 2494 sexuum
1438 2446 1575 2493 nisus
1615 2445 1815 2493 exitiale

244 2621 271 2658 4
305 2622 542 2675 auymento
566 2616 654 2660 LR
677 2622 943 2675 aryumento
966 2631 989 2659 r
1019 2616 1127 2659 edF.
1158 2619 1163 2670 Ι
1190 2616 1454 2660 huiusmodi
1475 2615 1529 2658 R.
1624 2620 1650 2659 6
1682 2617 1813 2660 meri-

50 2703 53 2705 ·
129 2677 222 2718 twm
251 2674 339 2718 LR
367 2677 576 2720 meritam
604 2690 629 2719 r
658 2677 815 2720 merito
847 2675 918 2720 ed..
948 2677 954 2734 Ι
975 2689 1174 2732 poenam
1203 2674 1246 2718 R
1269 2688 1422 2731 poena
1453 2674 1489 2717 L
1522 2689 1595 2719 -as
1623 2674 1667 2718 H
1688 2687 1811 2717 man.

215 2736 242 2776 8
271 2748 352 2779 nec
381 2734 469 2778 LR.
500 2736 580 2791 qui
608 2749 690 2780 nec
720 2735 791 2779 ed.
821 2737 827 2792 1
855 2736 1092 2780 admiserit
1121 2734 1175 2779 R.
1292 2737 1350 2776 20
1380 2734 1698 2779 coniuratione
1728 2732 1814 2776 LR

43 2800 65 2855 ¹.
126 2792 440 2838 coniunctione
471 2794 542 2839 ed.
602 2796 608 2850 Ι
659 2795 801 2851 prodi
829 2794 919 2838 LR
943 2794 1154 2850 patefieri
1184 2793 1256 2837 ed.
1399 2797 1453 2836 21
1479 2797 1619 2849 paeto
1650 2792 1722 2836 ed.

42 2864 58 2880 ⁴
129 2853 183 2893 22
214 2850 414 2897 hostibus
451 2867 540 2896 om.
573 2853 627 2897 R.
811 2857 866 2898 28
897 2859 1101 2898 rotarum
1131 2852 1220 2896 LR
1257 2853 1415 2909 lapsus
1446 2851 1552 2895 add.
1584 2850 1707 2895 rHO
1739 2851 1810 2895 ed.

127 2914 251 2954 rotas
279 2925 376 2967 nos,
401 2913 514 2969 quia
537 2913 765 2958 mobilitas
789 2911 1001 2968 sequitur
1030 2914 1205 2968 (potest
1227 2910 1402 2956 archet.
1426 2916 1555 2955 rotar
1575 2910 1813 2966 habuisse,

129 2969 348 3024 quoniam
377 2985 403 3016 r
433 2974 482 3015 et
510 2986 533 3016 s
563 2985 704 3028 saepe
726 2972 1082 3029 permutantur).
1176 2974 1232 3015 30
1262 2971 1395 3015 nisus
1417 2969 1505 3012 LR,
1526 2974 1716 3015 conatus
1739 2969 1811 3014 ed.

41 3037 78 3226 ἰ.

1366 3045 1456 3087 12*
