2014 3226
776 176 1080 220 AENEIDos
1112 177 1175 220 111
1717 180 1825 232 345

139 332 283 378 quem
325 317 483 364 solum
522 316 611 364 sub
651 319 797 364 torva
835 317 997 364 fionte
1030 318 1267 364 latentem
1299 318 1487 379 habuit,
1520 323 1826 366 caecaretur:

138 391 469 452 periculosum
509 391 606 437 fuit
645 392 871 451 quamvis
912 391 1257 452 dormientem,
1306 394 1531 453 quamvis
1579 394 1826 454 sepultum

137 464 253 512 vino
301 463 505 527 adgredi
551 464 816 523 violenter,
863 466 1073 525 precati,
1123 467 1310 526 inquit,
1357 465 1494 526 deos,
1535 469 1828 515 accessimus

138 539 286 586 simul
340 538 558 599 undique
614 537 899 585 circumfusi
954 538 1241 600 adpetentes
1304 556 1385 588 eas
1448 543 1666 602 corporis
1721 542 1827 588 eius

26 586 31 684 ξ
93 629 112 660 5
138 614 295 673 partis
344 627 465 672 quas
514 627 880 673 sumpseramus
929 612 987 659 de
1035 616 1186 673 sorte,
1244 614 1477 673 quoniam
1531 631 1629 662 non
1675 631 1828 661 unum

28 686 30 694 ’
139 688 224 732 aut
279 685 440 734 simile
495 701 597 734 esse
649 685 925 747 periculum
970 687 1157 747 potuit,
1213 689 1255 734 si
1302 687 1509 735 adversa
1556 689 1831 748 cessissent,

138 759 279 807 aliud
323 761 422 807 fuit
469 775 639 807 eorum
688 761 776 821 qui
823 762 974 821 caput
1018 762 1244 807 tenerent
1298 764 1385 808 aut
1439 777 1635 822 manus,
1691 762 1827 810 aliud

138 850 308 882 eorum
362 835 450 895 qui
504 836 691 881 ceteras
745 833 1036 895 inpetebant
1089 834 1420 882 membrorum
1473 837 1647 897 partis.
1735 836 1829 884 hoc

136 908 270 955 facto
308 907 678 955 tenebravimus
719 908 823 955 eius
862 909 1028 954 lumen
1060 909 1160 955 telo
1195 911 1353 956 acuto.
1414 910 1545 971 quod
1577 911 1650 957 ait
1682 912 1828 958 acuto

71 1000 114 1031 ιο
136 982 238 1029 13610
292 981 682 1044 tenebravimus‚
738 982 1045 1029 celeritatem
1097 983 1220 1029 facti
1265 983 1424 1030 voluit
1470 983 1829 1045 demonstrare3

136 1057 190 1103 in
227 1055 320 1104 hoc
361 1056 492 1102 enim
532 1055 726 1104 consilii
766 1055 1068 1104 consistebat
1107 1055 1330 1116 effectus,
1369 1073 1429 1104 ne
1468 1073 1607 1105 mora
1646 1058 1828 1106 facien-

136 1133 243 1177 tum
292 1132 342 1178 et
388 1130 529 1178 dolor
573 1130 792 1177 vulneris
842 1131 1069 1191 quamvis
1116 1132 1335 1192 graviter
1381 1131 1706 1179 dormientem
1748 1147 1827 1179 ex-

138 1205 328 1252 citaret.
404 1204 499 1252 hoc
535 1204 646 1252 loco
684 1204 913 1252 nonnulli
950 1204 1259 1252 terebramus
1298 1204 1522 1265 tradunt,
1563 1205 1669 1265 sed,
1717 1221 1830 1253 cum

136 1277 404 1326 terebratio
458 1277 643 1326 habeat
691 1293 904 1338 moram,
954 1294 1080 1339 quae
1126 1279 1225 1325 fuit
1270 1279 1473 1327 inimica
1518 1279 1829 1339 facientibus,

72 1367 114 1402 15
137 1351 318 1400 melius
358 1354 434 1399 est
472 1354 529 1399 ut
566 1352 667 1400 telo
709 1355 854 1400 acuto
894 1368 992 1399 uno
1023 1351 1159 1400 iactu
1190 1353 1421 1400 videatur
1451 1369 1555 1401 esse
1587 1356 1828 1401 caecatus.

140 1425 273 1487 quod
327 1429 495 1474 autem
550 1427 621 1474 ait
675 1426 765 1474 sub
819 1427 982 1474 fronte
1036 1426 1227 1474 latebat
1280 1427 1412 1488 quod
1456 1429 1630 1490 ingens
1677 1428 1829 1475 fuisse

138 1499 417 1561 dicebatur,
472 1516 629 1562 usque
685 1500 807 1548 adeo
862 1503 921 1548 ut
975 1500 1083 1548 orbi
1135 1501 1282 1548 lunae
1335 1501 1414 1548 vel
1461 1501 1579 1548 solis
1626 1502 1831 1562 aequari

137 1574 398 1636 potuisset,
429 1574 683 1622 faciebant
711 1590 866 1638 rugae
897 1576 1070 1623 torvae
1102 1575 1280 1623 frontis
1314 1577 1362 1622 et
1394 1574 1618 1638 ingentes
1650 1574 1829 1637 capitis

140 1663 322 1696 comae.
400 1651 442 1697 et
480 1649 675 1696 taudem
712 1649 828 1697 laeti
865 1650 1105 1697 sociorum
1142 1650 1424 1697 ulciscimur
1460 1650 1684 1696 umbras:
1722 1644 1829 1712 †ne

72 1740 116 1772 20
141 1722 341 1784 quidem
385 1723 467 1770 hic
515 1724 757 1784 expressit
799 1723 1074 1785 perfectam
1125 1723 1381 1770 ultionem.
1455 1723 1540 1771 sed
1582 1723 1754 1783 fuyite,
1802 1736 1830 1770 o

137 1797 319 1852 miseri,
356 1798 510 1858 fuyite
548 1800 688 1856 atque
726 1798 789 1844 ab
829 1798 964 1845 litore
993 1797 1162 1857 funem
1192 1798 1422 1856 rumpite:
1460 1796 1582 1844 dicit
1616 1812 1815 1844 causam
1833 1801 1923 1840 640

138 1872 474 1932 persuasionis
522 1886 662 1932 suae,
709 1887 770 1919 ne
810 1872 1130 1920 aestimarent
1169 1873 1365 1919 caecato
1404 1871 1493 1919 illo
1531 1871 1659 1917 nihil
1697 1871 1831 1918 ultra

139 1959 244 1993 esse
298 1944 640 2007 metuendum3
702 1945 1121 1993 commorantibus
1177 1947 1228 1992 613
1273 1944 1385 1992 aliis
1435 1943 1732 2006 Cyclopibus
1777 1945 1830 1991 in

32 2072 34 2075 v
138 2018 227 2066 illo
265 2018 374 2067 loco
412 2035 512 2067 non
550 2021 720 2081 posset
759 2019 928 2068 abesse
966 2018 1194 2068 formid0.
1261 2018 1392 2080 quod
1422 2019 1628 2067 iteravit
1658 2018 1831 2082 fugite,

29 2107 34 2110 ·
73 2109 117 2143 π
141 2092 359 2141 ostendit
403 2109 595 2142 moram
641 2093 790 2158 fugae
838 2109 937 2142 non
982 2109 1086 2142 esse
1130 2093 1409 2140 faciendam
1459 2092 1644 2140 addens
1695 2093 1831 2140 funis

141 2166 203 2214 ab
249 2167 397 2216 litore
441 2166 818 2229 praecidendos,
873 2167 1006 2230 quod
1050 2170 1243 2214 mature
1295 2165 1403 2214 fieri
1446 2167 1635 2229 potuit,
1683 2181 1831 2228 quam

25 2246 44 2262 ⁸
140 2240 402 2289 solvendos
433 2255 548 2289 cum
576 2257 731 2290 mora.
794 2241 1007 2290 subiecit
1037 2256 1238 2290 causam
1276 2242 1481 2302 propter
1518 2256 1671 2302 quam
1708 2241 1831 2288 cele-

63 2333 66 2335 *
138 2329 243 2362 rem
275 2314 517 2364 suadebat
547 2315 851 2364 abscessum:
881 2330 1000 2364 nam
1029 2315 1189 2375 qualis
1220 2317 1523 2375 quantusque
1553 2329 1668 2362 cavo
1691 2314 1832 2374 Poly-

46 2486 50 2491 ·
261 2461 287 2500 6
316 2457 472 2514 posuit
501 2456 544 2500 R
565 2457 726 2514 potuit
753 2471 789 2500 r.
905 2460 932 2500 8
963 2455 1247 2512 inpetiebant
1275 2454 1364 2498 LR
1393 2455 1668 2511 impetebant
1694 2468 1720 2497 r
1749 2455 1832 2498 im-

132 2516 396 2572 pertiebant
425 2515 496 2560 ed.
603 2519 659 2559 10
690 2516 915 2561 celeritate
946 2514 995 2559 L.
1098 2519 1151 2559 11
1182 2514 1454 2568 facientium
1486 2513 1558 2558 ed.
1660 2517 1715 2557 13
1746 2517 1832 2558 ter—

139 2575 375 2620 rebramus
403 2574 505 2619 LR..
618 2579 673 2618 15
706 2575 824 2619 iectu
854 2573 942 2617 LR.
979 2574 1072 2618 ictu
1103 2587 1126 2616 r
1156 2572 1228 2616 ed.
1267 2574 1394 2617 iactu
1422 2585 1510 2616 nos
1549 2571 1608 2617 cf.
1642 2575 1741 2616 663.

143 2637 319 2677 19-20
347 2635 587 2692 nequidem
615 2635 690 2680 hic
711 2633 799 2677 LR
829 2632 956 2689 quod
986 2647 1009 2676 r
1040 2632 1286 2676 adnotavit
1315 2631 1412 2690 legi
1441 2645 1536 2676 non
1565 2631 1723 2688 potest
1751 2643 1835 2674 nec

141 2692 322 2750 quidem
351 2693 428 2739 hie
457 2693 530 2738 ed.
562 2692 763 2738 fortasse
793 2706 851 2736 ‘ne
881 2693 994 2748 quid
1023 2693 1256 2746 omitteret,
1284 2691 1368 2736 sed
1391 2703 1575 2735 crucem
1598 2690 1834 2747 adponere

120 2751 290 2803 *malui
320 2765 463 2808 quam
490 2753 674 2797 incerta
702 2763 889 2809 ponere.
1070 2755 1126 2794 22
1158 2751 1398 2796 aestimare
1428 2749 1516 2793 LR
1545 2748 1781 2794 aestimari
1810 2762 1834 2791 r

142 2811 317 2865 (nescio
349 2811 462 2869 quid
497 2811 590 2856 sibi
617 2811 752 2867 velit)
783 2811 1075 2855 aestimarent
1105 2809 1177 2854 ed.
1203 2867 1214 2878 ·
1300 2813 1357 2853 23
1389 2813 1432 2853 et
1452 2807 1540 2852 ΕΒ.
1569 2809 1690 2852 enim
1719 2806 1832 2851 edF.

142 2929 222 3034 ⁶¹3,
232 2874 312 3032 ²14}1
321 2870 728 2975 msssssisti‘assffi
742 2881 925 2973 5⁸⁸3·
953 2868 1151 2973 {³2²3
1171 2867 1452 2972 ἒὲθᾞ
1476 2865 1718 2971 {amma
1688 2871 1835 2968 ⁰⁸²3}

141 3012 160 3021 ·
251 3000 278 3032 6
313 3022 323 3032 .
