2014 3226
826 165 950 208 AEN
953 165 1129 210 EIDOS
1161 166 1224 209 IV
1768 170 1870 222 367

187 321 337 367 quam
368 306 421 352 in
452 306 613 367 primo
646 305 775 352 libro
808 305 1068 366 descripsit
1102 299 1258 370 (504)
1284 309 1504 367 „instans
1530 310 1667 369 operi
1690 310 1873 370 regnis-

186 395 280 441 que
320 377 551 438 futuris“‚
588 378 763 426 dehinc
804 379 867 427 ad
905 395 1166 440 personam
1199 380 1476 441 Tyriorum,
1510 383 1596 443 qui
1635 386 1875 443 occupata

184 453 237 499 in
277 454 389 500 aliis
427 454 602 515 regina
642 452 960 500 deseruerant
1001 469 1141 500 omne
1183 456 1344 515 operis
1384 471 1560 518 genus,
1601 455 1744 502 obliti
1783 457 1872 504 sci-

184 527 301 574 licet
348 526 524 574 salutis
571 541 703 574 suae.
783 526 992 588 denique
1041 543 1149 573 cum
1196 528 1296 574 iam
1337 544 1486 589 opera
1524 545 1777 576 murorum
1817 545 1873 577 ac

141 619 160 651 5
185 602 397 648 turrium
444 600 684 648 ordinatis
733 600 974 648 machinis
1023 616 1175 661 prope
1223 603 1442 662 perfecta
1488 603 1771 650 viderentur
1825 607 1874 651 et

184 674 248 721 ad
279 674 504 722 effectum
537 674 741 736 plenum
767 675 873 722 sola
898 674 1088 722 deesset
1111 676 1366 736 instantia,
1392 679 1683 738 torpuerant
1707 679 1873 725 omnia

184 750 234 796 et
273 750 494 795 omnium
534 764 737 809 operum
777 749 944 796 fervor
975 748 1248 796 desertione
1281 750 1426 811 plena
1459 751 1733 813 languerat.
1793 751 1872 798 hic

184 822 462 870 ostenditur
491 825 732 870 rectorem
773 823 999 884 conplere
1040 822 1219 883 omnia,
1254 838 1365 870 cum
1404 825 1593 873 insistit
1632 828 1681 872 et
1719 825 1871 885 iubet,

182 898 333 957 atque
381 898 485 943 eius
533 896 848 960 neglegentia
895 897 1030 944 omni
1072 896 1217 944 modo
1258 897 1437 960 frigere
1476 900 1706 947 universa
1746 915 1872 961 quae

33 959 35 961 ¹
116 989 158 1020 10
181 972 296 1017 ante
335 970 607 1019 fervebant.

295 1044 452 1105 Quam
496 1045 644 1092 simul
691 1059 750 1093 ac
795 1045 884 1092 tali
920 1046 1163 1104 persensit
1198 1049 1332 1104 peste
1379 1048 1527 1094 teneri
1572 1061 1690 1094 cara
1736 1047 1871 1095 Iovis

182 1120 392 1166 coniunx
428 1133 515 1167 nec
552 1119 743 1178 famam
775 1118 963 1166 obstare
993 1120 1168 1178 furori,
1202 1120 1379 1167 talibus
1412 1121 1695 1179 aclyreditur
1727 1121 1871 1168 Vene-

178 1207 281 1240 rem
318 1191 560 1241 Saturnia
598 1193 764 1242 dictis:
817 1191 917 1252 ubi,
955 1193 1136 1253 inquit,
1176 1194 1329 1240 sensit
1366 1192 1490 1240 Iuno
1529 1195 1745 1242 furorem
1783 1194 1870 1241 Di-

180 1265 344 1327 donis,
390 1266 484 1315 hoc
531 1268 606 1314 est
653 1282 871 1315 amorem
917 1268 1331 1327 intemperantem
1377 1267 1583 1315 ulterius
1633 1268 1871 1316 occultari

114 1358 155 1391 15
178 1356 277 1388 non
325 1355 469 1402 posse
516 1356 605 1388 nec
651 1341 833 1388 habere
880 1340 1174 1401 remedium,
1221 1341 1297 1388 his
1342 1340 1486 1390 dictis
1527 1342 1758 1404 adgressa
1797 1345 1870 1390 est

178 1413 434 1462 Venerem.
513 1430 626 1462 cum
673 1414 796 1463 dicit
843 1414 1100 1478 adgressa,
1147 1413 1365 1463 ostendit
1412 1430 1519 1462 eam
1567 1415 1757 1477 aliquid
1795 1417 1868 1463 in-

178 1488 368 1537 vidiose
408 1488 669 1537 dicturam.
748 1490 987 1550 eyreyiam
1024 1503 1134 1536 vero
1174 1489 1370 1537 laudem
1416 1492 1458 1537 et
1501 1490 1659 1549 spolia
1704 1490 1869 1549 ampla

177 1563 367 1622 refertis
406 1566 549 1624 tuque
577 1577 798 1624 puerque
837 1566 964 1620 tuuS,
1002 1578 1235 1623 maguum
1267 1566 1310 1610 et
1337 1563 1644 1612 memorabile
1673 1578 1866 1618 numen,

176 1652 281 1685 uma
327 1637 434 1686 dolo
481 1638 649 1685 divum
685 1639 731 1686 si
767 1638 954 1697 femina
990 1639 1118 1685 vieta
1156 1637 1365 1685 duorum
1405 1640 1495 1684 est:
1546 1653 1748 1700 magna,
1795 1639 1867 1684 in-

24 1705 28 1733 ²
111 1728 155 1760 20
179 1711 304 1773 quit,
343 1711 503 1775 gloria
541 1712 683 1760 vobis
722 1714 871 1773 parta
910 1713 998 1772 est,
1037 1711 1132 1758 tibi
1171 1712 1360 1758 scilicet
1398 1714 1447 1759 et
1484 1727 1637 1772 puero
1675 1715 1778 1771 tuo,
1811 1727 1867 1758 ex

24 1778 30 1800 ⁴
179 1801 235 1834 eo
283 1785 416 1847 quod
462 1786 659 1848 gemina
705 1787 968 1832 numinum
1011 1787 1259 1847 potestate
1313 1786 1576 1832 coniuncta
1629 1801 1728 1832 una
1780 1801 1869 1846 per

177 1859 347 1909 dolum
402 1861 588 1907 femina
643 1862 879 1921 superata
931 1862 1017 1908 est.
1095 1859 1215 1906 haec
1261 1859 1419 1907 veluti
1463 1859 1572 1906 laus
1618 1859 1868 1920 vitupera-

175 1935 363 1982 tionem
424 1935 592 1995 potius
652 1936 811 1995 tenet,
875 1933 1006 1996 quod
1067 1933 1194 1980 nihil
1262 1932 1468 1980 fecerint
1535 1932 1866 1980 memorabile.

175 2009 371 2056 vincere
411 2007 543 2055 enim
579 2008 633 2056 in
672 2007 898 2070 partibus
939 2009 1120 2055 amoris
1158 2007 1395 2054 feminam
1432 2021 1530 2053 non
1571 2009 1645 2054 est
1682 2006 1878 2055 laboris

20 2100 24 2129 J
109 2096 152 2130 25
175 2081 401 2142 maximi,
452 2084 718 2144 praecipue
759 2098 871 2130 cum
910 2082 1116 2129 duorum
1159 2080 1417 2127 numinum
1455 2081 1676 2142 potestas
1714 2081 1866 2128 inter·

20 2151 23 2164 '
175 2155 326 2204 venit.
402 2155 550 2203 huius
598 2156 722 2204 facti
767 2172 857 2218 per
899 2156 1233 2203 coniecturam
1272 2153 1423 2202 edicit
1461 2168 1633 2202 causas
1672 2169 1798 2216 quae
1838 2170 1866 2201 a

175 2229 366 2277 Venere
427 2231 678 2278 metuente
739 2230 930 2278 tractae
991 2230 1127 2278 sunt:
1194 2242 1280 2277 uec
1331 2242 1428 2282 me,
1489 2228 1676 2290 inquit,
1737 2228 1867 2287 fallit

176 2305 381 2352 ver-itam
426 2306 468 2351 te
512 2305 705 2352 moenia
750 2306 919 2352 nostra
963 2305 1210 2362 suspectas
1261 2302 1487 2350 habuisse
1532 2301 1695 2349 domos
1746 2300 1864 2350 Gar·

176 2378 388 2438 thayinis
426 2377 568 2426 altae.
644 2380 702 2426 ut
739 2378 855 2438 hoc,
893 2378 1081 2439 inquit,
1118 2375 1278 2436 fieret,
1318 2375 1438 2438 quid
1476 2376 1700 2423 timueris
1741 2374 1864 2423 scio:

16 2438 29 2507 f
108 2468 153 2501 eo
175 2466 291 2499 nam
330 2467 553 2500 mearum
591 2451 970 2500 inimicitiarum
1009 2449 1427 2512 contemplatione
1474 2452 1720 2497 commota
1764 2464 1863 2496 me-

297 2626 320 2666 1
354 2623 550 2666 instanti
578 2621 666 2665 LR
696 2635 810 2666 corr.
835 2619 886 2665 r'.
915 2622 922 2677 Ι
961 2621 1108 2676 operis
1143 2620 1188 2663 L.
1310 2625 1338 2664 4
1369 2633 1602 2664 murorum
1633 2617 1719 2661 LR
1747 2617 1862 2663 mul-

175 2686 324 2726 torum
355 2681 443 2726 eds
573 2685 599 2724 ὅ
630 2681 860 2725 videretur
889 2678 976 2722 LR
1006 2692 1120 2723 corr.
1153 2678 1225 2723 ed.
1309 2709 1316 2720 .
1356 2682 1382 2721 9
1415 2680 1513 2722 eius
1540 2690 1622 2721 nec
1650 2675 1738 2720 LR
1766 2677 1864 2721 eius

118 2791 120 2793 ,
173 2739 454 2798 neyleyentia
483 2755 508 2783 r
538 2740 610 2784 ed.
667 2779 674 2786 ,
714 2745 769 2783 14
800 2741 1171 2794 intemperantem
1199 2737 1287 2782 LR
1317 2742 1490 2782 -ratum
1520 2735 1590 2782 ed.
1694 2738 1748 2779 16
1779 2735 1861 2779 ad·

173 2798 437 2901 yrmaLIfiR
460 2799 532 2844 ed.
557 2799 847 2900 adyressgm?
881 2854 925 2899 V
943 2800 1116 2899 26-ἓῖ
1150 2811 1266 2853 quae
1291 2797 1456 2898 Veners
1476 2799 1695 2898 &tuente
1716 2798 1863 2839 tracta

173 2863 415 2973 {ssnssnquit
441 2863 674 2962 {m
699 2870 777 2962 ἶᾱζ
812 2871 844 2901 a
869 2891 932 2958 28⁶
957 2861 1252 2960 {ne'ritss‘ssec‘ssess
1270 2858 1390 2959 ‘0¹53‘
1406 2867 1506 2969 1¹7?
1517 2854 1650 2968 suspee)
1644 2866 1746 2956 ῗῗιῗὲ
1776 2910 1863 2955 LR

175 2989 259 3032 que
289 2975 396 3020 add.
431 2976 503 3020 ed.
626 2979 683 3020 28
714 2976 875 3020 domus
904 2973 991 3018 LR
1021 2972 1175 3019 domos
1205 2989 1239 3018 r.

1903 1051 1959 1091 90

1900 1643 1955 1682 95
