2014 3226
796 133 1097 178 AENEIDos
1128 134 1149 177 1
1747 137 1808 188 51

237 277 307 323 Et
345 277 445 324 iam
484 278 599 334 finis
641 280 756 331 erat,
798 275 1056 336 epularum
1097 275 1285 322 scilicet
1326 279 1373 321 et
1414 274 1693 322 fabularum
1740 277 1816 322 vel

127 349 272 409 lucis,
320 365 426 397 cet-m
473 351 697 410 Iuppiter
745 351 929 397 aethere
975 364 1161 396 summm
1208 349 1472 407 despiciens
1523 364 1657 396 mare
1702 351 1814 396 veli-

127 424 286 470 volum
325 427 573 483 terrasque
614 426 811 470 lucentis
850 424 1085 482 litoraque
1126 427 1166 470 et
1205 423 1327 469 latos
1357 423 1567 482 populos
1598 425 1668 470 sic
1697 438 1800 470 ver-
1820 428 1903 466 225

126 500 212 544 tice
251 498 370 545 caeli
409 500 615 545 constitit
661 502 702 544 et
739 498 929 556 Libyae
976 499 1143 556 defixit
1189 497 1378 543 lumina
1424 499 1597 555 reama
1677 500 1816 556 atque

83 589 101 622 5
129 572 264 618 illum
322 571 434 619 talis
487 573 743 619 iactantem
795 575 986 631 pectore
1047 585 1191 619 curas
1254 571 1436 617 tristior
1497 574 1539 617 et
1599 571 1817 618 lacrimis

125 646 283 692 oculos
321 647 512 704 suffusa
551 647 744 692 nitentes
785 646 1063 704 adloquitur
1112 646 1286 692 Venus.
1364 644 1591 705 Iuppiter
1630 661 1688 692 ex
1737 660 1814 692 su-

124 718 315 780 periore
362 723 525 780 parte,
572 720 666 766 hoc
713 723 786 766 est
839 719 984 779 caeli,
1031 719 1300 780 respiciens
1347 734 1505 778 mare,
1559 719 1711 767 litora
1758 734 1815 767 ac

122 796 279 840 terras
324 793 611 840 intuebatur
658 797 795 841 actus
843 793 1100 840 hominum
1148 795 1196 839 et
1244 791 1363 853 quid
1411 795 1663 854 gereretur
1702 808 1813 840 con-

124 866 387 927 siderabat,
430 883 528 928 qua
568 867 822 916 occasione
862 870 1060 928 arrepta
1093 866 1275 925 Venus,
1310 866 1539 913 Troianis
1573 866 1814 926 omnibus,

58 960 99 993 ιο
123 940 201 987 vel
242 941 455 1003 amplius
496 957 647 1003 quam
686 944 847 1002 antea,
890 941 1097 1001 tristior,
1143 940 1361 988 lacrimis
1400 940 1620 989 internos
1661 941 1814 987 animi

122 1013 315 1063 dolores
364 1018 606 1064 attestans
655 1015 725 1062 sic
771 1015 836 1062 ad
881 1017 1046 1076 ipsum
1091 1014 1312 1062 instituit
1359 1014 1509 1075 loqui.
1587 1015 1692 1076 ipse
1741 1018 1813 1062 est

124 1089 254 1135 enim
306 1105 451 1137 verus
507 1092 556 1137 et
609 1089 854 1137 maximus
909 1089 1048 1136 dolor
1104 1090 1192 1150 qui
1246 1092 1360 1135 ante
1409 1088 1541 1135 vocis
1591 1091 1813 1136 exortum

35 1207 41 1210 .
121 1163 339 1210 lacrimis
364 1163 771 1225 praecedentibus
795 1164 1068 1210 nuntiatur.
1120 1164 1433 1224 oportunitas
1459 1166 1625 1210 autem
1649 1163 1812 1210 fuerat

121 1237 495 1298 interpellandi,
545 1240 661 1299 quia
707 1241 826 1285 tunc
865 1237 1092 1298 Iuppiter
1138 1236 1344 1284 curabat
1384 1252 1510 1297 quae
1552 1239 1814 1299 agerentur

58 1330 96 1363 ιε)
120 1312 172 1357 111
211 1311 356 1358 terris
396 1327 518 1373 quas
559 1311 761 1359 Troiani
799 1314 1077 1359 tenuerant.
1156 1325 1182 1358 o
1222 1313 1306 1370 qui
1350 1325 1428 1357 res
1473 1311 1812 1370 hominumque

121 1385 353 1444 deumque
399 1387 606 1434 aeternis
651 1387 778 1446 reqis
831 1387 1050 1445 imperiis
1105 1389 1147 1432 et
1197 1385 1403 1445 fulmine
1457 1388 1625 1440 terres,
1682 1386 1798 1444 quid
1815 1390 1901 1428 230

121 1473 252 1507 meus
292 1458 485 1507 Aeneas
523 1461 577 1507 in
615 1463 657 1508 te
697 1460 982 1507 committere
1021 1463 1223 1514 tantum,
1264 1458 1382 1518 quid
1415 1459 1564 1506 Troes
1593 1462 1809 1518 potuere,

119 1534 292 1592 quibus
332 1537 396 1580 tot
432 1535 613 1593 semera
644 1535 814 1594 passis
853 1537 1051 1581 cwnctus
1083 1534 1139 1581 ob
1171 1533 1376 1581 Italiam
1408 1536 1651 1580 terrarum
1682 1533 1811 1581 clau-

119 1608 251 1654 ditur
281 1608 444 1655 orbis?
506 1608 628 1656 haec
658 1610 871 1655 materia
908 1608 1227 1655 vehementer
1265 1606 1387 1655 artis
1429 1610 1477 1654 et
1517 1606 1811 1655 subtilitatis

52 1699 95 1734 to
118 1680 266 1742 plena
315 1685 388 1729 est
437 1686 485 1730 et
523 1683 674 1730 habet
711 1698 811 1730 non
848 1685 1047 1730 tantum
1085 1697 1410 1743 personarum
1448 1696 1620 1728 verum
1659 1680 1811 1728 etiam

117 1770 282 1817 rerum
315 1759 565 1803 servatam
597 1755 977 1819 diligentissime
1007 1756 1266 1804 rationem.
1314 1755 1394 1802 hic
1427 1755 1558 1802 enim
1589 1755 1811 1816 loquitur

117 1828 284 1877 Venus
339 1829 402 1876 ad
449 1830 639 1891 Iovem,
693 1830 735 1878 si
782 1830 1033 1891 privatam
1078 1845 1342 1892 personam
1387 1844 1650 1891 ponamus,
1705 1828 1809 1876 filia

119 1903 249 1964 apud
303 1907 518 1965 patrem,
581 1905 623 1952 si
677 1903 948 1966 publicam,
1011 1904 1218 1951 inferior
1271 1903 1364 1951 dea
1419 1902 1551 1965 apud
1606 1902 1809 1950 deorum

118 1979 337 2024 omnium
391 1981 440 2025 et
494 1981 783 2026 cunctorum
832 1979 1088 2026 hominum
1142 1993 1331 2040 regem,
1387 1981 1436 2024 et
1498 1978 1627 2025 certe
1688 1978 1809 2025 vicit

40 2069 93 2103 π
118 2051 249 2112 quod
287 2051 543 2113 publicum
581 2052 691 2100 fuit.
752 2055 940 2100 tractat
979 2067 1096 2116 ergo
1128 2066 1381 2114 personas,
1411 2054 1468 2099 ut
1500 2051 1687 2098 dictum
1720 2054 1808 2111 est,

118 2128 166 2172 et
205 2125 438 2173 subtilem
477 2125 720 2174 invidiam
752 2127 984 2187 concitat,
1018 2126 1164 2189 quod,
1196 2141 1310 2174 cum
1341 2127 1407 2173 sit
1436 2125 1663 2188 Iuppiter
1694 2124 1806 2173 deo-

34 2244 46 2259 ,,
75 2215 77 2217 ’
115 2215 226 2246 111111
266 2200 487 2247 omnium
527 2203 576 2248 et
613 2200 873 2248 hominum
912 2203 1074 2248 rector
1113 2215 1170 2248 ac
1207 2215 1307 2248 non
1352 2198 1584 2247 inmerito
1632 2198 1807 2247 debeat

117 2288 287 2320 curare
335 2273 455 2335 quid
502 2273 594 2335 dii,
643 2274 762 2336 quid
799 2274 1026 2323 homines
1065 2276 1240 2337 agant,
1283 2273 1507 2322 omiserit
1546 2289 1716 2321 verum
1754 2273 1807 2321 in

115 2346 312 2395 Aeneae
359 2363 508 2396 causa
553 2347 792 2396 iudicium
840 2363 897 2397 ac
942 2347 1338 2396 dissimulatione
1384 2347 1682 2409 interposita
1718 2362 1806 2409 pa-

25 2437 94 2473 Γ..1111
115 2420 306 2468 tiatur
292 2421 547 2469 mnoxium
579 2423 750 2470 multis
784 2425 834 2470 et
866 2422 1075 2470 diversis
1107 2422 1275 2470 vexari
1305 2421 1581 2470 tormentis.
1632 2436 1804 2470 verum

29 2478 51 2550 ἶ.
118 2495 234 2555 quia
280 2494 460 2557 duplex
505 2497 669 2544 fuerat
716 2499 928 2558 utraque
974 2511 1207 2558 persona,
1252 2499 1310 2543 ut
1354 2495 1458 2544 iam
1503 2494 1691 2543 dictum
1731 2498 1804 2543 est

117 2562 436 2633 (loquebatur
458 2570 591 2618 enim
612 2570 819 2618 inferior
848 2569 941 2619 dea
973 2586 1084 2618 cum
1114 2585 1229 2632 rege
1262 2572 1312 2617 et
1341 2569 1447 2618 filia
1478 2583 1590 2617 eum
1620 2562 1804 2632 patre),

115 2643 436 2705 praeponitur
473 2643 673 2706 publica
711 2647 761 2693 et
798 2643 998 2705 privata
1037 2642 1356 2692 subnectitur.
1419 2643 1513 2691 hoc
1553 2643 1683 2691 enim
1724 2658 1802 2690 ex-

30 2866 34 2876 .
235 2833 348 2872 1—2
380 2828 448 2872 vel
479 2829 593 2874 lucis
625 2842 711 2874 om.
730 2829 802 2872 ed.
894 2833 918 2872 7
951 2830 1090 2874 litora
1121 2842 1210 2872 om.
1229 2828 1300 2872 ed.
1387 2832 1413 2871 8
1474 2831 1648 2872 ererent
1669 2827 1741 2872 ed.

116 2889 260 2930 9—10
284 2888 492 2933 omnibus
513 2889 581 2932 vel
604 2901 692 2931 om.
710 2888 782 2934 ed.
870 2892 925 2932 10
957 2889 1132 2933 tristior
1155 2887 1241 2931 LR
1271 2892 1326 2932 tr.
1344 2892 1386 2932 et
1410 2899 1436 2932 e
1473 2922 1482 2932 .
1567 2889 1623 2930 22
1655 2886 1801 2941 filiam

116 2945 186 2990 ed.
272 2949 328 2988 23
359 2947 620 3001 inferiorem
651 2947 781 2992 deam
813 2946 883 2991 ed.
971 2951 1027 2990 28
1059 2948 1110 2991 in
1142 2960 1230 2991 om.
1248 2946 1323 2991 ed.
1407 2949 1464 2990 30
1495 2945 1698 2991 adversis
1728 2945 1799 2990 ed.

1388 3019 1446 3062 4*
