2014 3226
167 124 233 175 7⁸2
627 120 855 164 DONATI
888 118 1166 162 INTERPR.
1201 117 1376 163 VERG.

166 264 388 323 simulat,
443 265 500 309 ut
553 262 635 308 ille
692 276 773 322 spe
828 261 1025 306 futurae
1079 259 1339 307 brevitatis
1389 261 1566 306 cuncta
1614 257 1854 306 attentius

166 338 372 384 audiret.
434 338 544 383 huic
584 337 791 381 coniunx
829 333 1071 394 Sychaeus
1113 336 1228 388 erat,
1263 333 1529 380 ditissimus
1567 334 1675 392 agyri
1706 331 1854 379 Phoe-

79 417 164 454 345
183 414 345 459 nicam
386 415 427 458 et
465 423 639 469 mayno
672 410 876 455 miserae
909 408 1107 455 dilectus
1139 421 1315 462 amore,
1350 409 1427 454 cai
1450 410 1595 466 pater
1624 407 1855 453 intactam

167 486 363 532 dederat*
393 485 662 543 primasque
703 483 899 541 {afflarat
935 481 1198 528 ominibus:
1247 481 1378 542 apud
1417 480 1686 528 Phoenices
1727 481 1854 541 opti—

164 576 312 618 mum,
353 558 529 619 inquit,
570 558 619 602 et
659 556 994 616 copiosissime
1033 555 1366 616 possidentem
1406 554 1640 601 maritum
1678 553 1855 600 habuit
1901 568 1920 601 5

168 633 456 693 Sychaeum.
534 629 709 677 dehinc
749 630 930 676 amoris
970 629 1100 675 inter
1140 629 1371 690 coniuges
1410 628 1642 676 honestas
1681 627 1857 675 inserit

166 721 351 754 causas
432 704 647 763 amabat,
686 702 865 764 inquit,
904 703 1155 750 hominem
1195 705 1366 749 secuta
1411 701 1650 749 iudicium
1696 703 1855 763 patris

167 783 214 826 et
262 779 464 826 divitem
513 779 562 824 et
607 777 819 838 probum
869 779 918 824 et
965 793 1075 824 eum
1124 776 1204 823 cui
1257 778 1450 823 intacta
1503 776 1754 837 nupsisset
1807 778 1856 822 et

165 854 338 915 primis
393 851 626 913 auspiciis
681 852 901 898 iunctam
958 865 1060 898 esse
1116 851 1379 898 constaret.
1457 849 1673 896 multum
1725 850 1856 896 enim

166 927 329 973 differt
377 927 508 973 inter
563 925 807 973 adfectum
862 925 1184 988 virginalium
1239 923 1527 985 nuptiarum
1583 925 1633 971 et
1686 939 1855 970 earum
1880 938 1923 971 10

166 1017 292 1062 quae
333 999 546 1048 secunda
585 998 928 1047 coniunctione
965 1000 1243 1045 nectuntur.
1305 998 1575 1060 plurimum
1606 1013 1723 1046 vero
1755 1013 1855 1045 me·

165 1075 250 1122 riti
288 1074 474 1121 habent
514 1089 635 1134 quas
674 1073 892 1120 intactae
931 1072 1064 1119 filiae
1106 1071 1313 1119 arbitrio
1354 1087 1442 1119 suo
1474 1070 1669 1133 perficit
1698 1073 1855 1132 pater.

165 1148 346 1196 idcirco
386 1148 541 1210 igitur
579 1148 748 1209 posuit
787 1149 836 1194 et
867 1162 1048 1209 magno
1081 1146 1288 1194 miserae
1321 1146 1531 1194 dilectus
1564 1161 1745 1207 amore,
1778 1146 1858 1193 cui

165 1225 307 1284 pater
353 1223 593 1269 intactam
641 1221 847 1268 dederat
891 1221 1162 1282 primisque
1209 1221 1411 1284 iugarat
1457 1219 1718 1280 ominibus,
1763 1219 1858 1267 1100

167 1299 239 1342 est
278 1296 428 1342 nullis
475 1294 610 1355 aliis,
657 1295 741 1342 sed
789 1295 919 1342 solis.
998 1294 1201 1342 transiit
1240 1294 1303 1342 ad
1340 1309 1604 1355 personam
1642 1293 1857 1357 Pygma·
1882 1309 1924 1342 15

166 1371 334 1430 lionis⁷
388 1372 446 1416 ut
501 1369 563 1416 ad
615 1371 778 1431 ipsam
827 1368 1140 1415 descenderet
1186 1383 1388 1416 causam
1437 1383 1564 1429 quae
1611 1367 1858 1415 Didonem

165 1445 377 1505 propriis
418 1443 615 1491 sedibus
654 1445 894 1490 truserat:
940 1442 1026 1490 sed
1063 1457 1216 1502 reywa
1258 1443 1379 1503 Tyri
1414 1456 1679 1502 germanus
1715 1442 1857 1489 habe-

167 1519 247 1565 bat
284 1517 584 1578 Pyyrtzalion.
656 1517 791 1579 Tyri,
830 1516 1010 1578 inquit,
1048 1517 1251 1564 tenebat
1288 1517 1555 1578 imperium
1586 1516 1743 1563 frater
1773 1515 1859 1562 Di-

167 1591 306 1639 donis
345 1591 655 1654 Pygmalion.
735 1591 896 1652 qualis
943 1590 1037 1638 iste
1081 1591 1162 1638 vel
1209 1606 1420 1652 quorum
1466 1606 1660 1638 morum
1707 1590 1860 1636 fuerit

167 1668 521 1726 consequenter
559 1665 798 1724 ostendit,
838 1666 1030 1712 scelere.
1071 1664 1258 1726 inquit,
1299 1669 1410 1712 ante
1449 1665 1573 1712 alios·
1610 1665 1859 1711 inmanior
1883 1680 1927 1712 20

167 1741 320 1786 omnis
359 1753 476 1798 quos
513 1740 638 1786 inter
675 1739 864 1786 medius
903 1740 1033 1786 venit
1068 1740 1224 1799 furor.
1287 1739 1380 1786 hoc
1418 1739 1527 1786 loco
1568 1739 1638 1786 sic
1679 1739 1754 1786 est
1783 1753 1857 1784 re-

165 1813 370 1860 tinenda
407 1814 772 1874 pronuntiatio,
815 1829 875 1860 ne
916 1814 985 1861 sic
1023 1813 1398 1876 intellegamus,
1444 1814 1504 1860 ut
1542 1811 1859 1874 Pygmalioni

167 1888 219 1933 in
273 1886 452 1935 scelere
507 1887 766 1934 commisso
821 1887 1038 1935 defensio
1099 1886 1413 1948 relinquatur
1471 1902 1561 1948 per
1613 1885 1859 1933 venialem

170 1961 369 2007 statum.
447 1961 515 2007 510
566 1961 696 2007 0111111
741 1961 947 2022 plurimi
991 1961 1315 2023 inprudentes
1361 1960 1562 2021 volunt,
1615 1962 1674 2007 ut
1718 1960 1861 2007 furor

167 2034 359 2081 medius
397 2035 529 2081 inter
569 2034 847 2096 Sychaeum
887 2037 937 2082 et
975 2034 1353 2099 Pygmalionem
1391 2034 1597 2082 venerit.
1674 2033 1767 2082 hoc
1816 2033 1858 2081 si
1882 2049 1925 2084 25

168 2108 242 2154 ita
281 2110 368 2167 est,
408 2107 605 2155 defendi
642 2110 807 2169 potest
836 2107 1180 2171 Pygmalionis
1218 2109 1421 2170 factum,
1463 2108 1504 2155 si
1542 2123 1642 2155 non
1681 2108 1857 2155 volun·

169 2182 295 2243 tate,
343 2180 426 2228 sed
472 2182 635 2229 furore
675 2183 920 2243 peccavit,
967 2184 1017 2230 et
1055 2182 1307 2230 videbitur
1348 2181 1604 2244 Sychaeus
1644 2181 1858 2246 Pygma·

169 2254 350 2302 lionem
388 2256 633 2302 furentem
671 2255 890 2318 potuisse
929 2257 1168 2317 perimere
1209 2272 1265 2304 ac
1304 2272 1393 2318 per
1423 2256 1516 2303 hoc
1547 2255 1668 2303 fient
1699 2270 1857 2318 pares.

290 2399 314 2437 2
341 2394 556 2439 Sichaeus
571 2395 606 2438 L
617 2395 658 2438 R
673 2395 797 2439 infra
813 2396 1042 2454 Sychaeus
1059 2396 1166 2440 aliis
1182 2396 1298 2440 locis
1316 2396 1364 2441 S
1350 2397 1525 2455 Jeheus
1615 2402 1642 2440 4
1665 2396 1858 2440 homini·
1918 2429 1922 2434 .

171 2454 253 2497 bus
276 2453 361 2496 LR
385 2467 496 2497 corr.
515 2469 550 2497 r.
580 2456 586 2510 Ι
614 2455 776 2510 optime
793 2454 878 2498 LR
894 2456 965 2499 ed.
984 2457 1204 2512 optimum
1227 2470 1311 2500 nos
1337 2455 1412 2513 (cf.
1430 2455 1554 2500 infra
1571 2456 1798 2512 pomobum)

171 2517 197 2555 9
222 2512 427 2556 ivmctam
442 2512 528 2556 LR
544 2513 623 2556 ed]
648 2514 805 2557 iuncta
829 2514 938 2559 edF
1026 2519 1081 2558 14
1105 2516 1332 2560 ominibus
1348 2529 1438 2559 om.
1453 2514 1523 2559 ed.
1613 2518 1667 2558 15
1691 2515 1862 2559 transit
1950 2561 1958 2566 ,

170 2570 240 2615 ed.
351 2576 405 2615 16
437 2572 716 2616 descenderet
747 2572 833 2615 LR
864 2575 1117 2629 procederet
1148 2573 1220 2618 ed.
1333 2578 1388 2618 18
1419 2576 1528 2631 post
1558 2572 1730 2618 lemma
1761 2572 1858 2617 edF
1975 2582 1979 2591 ’

169 2629 286 2674 haec
317 2629 620 2687 interpolavit
651 2644 771 2686 quae
801 2645 954 2687 neque
985 2633 1070 2675 LR
1109 2646 1261 2689 neque
1292 2633 1384 2678 ΗΟ
1417 2633 1497 2676 edI
1527 2633 1724 2676 habent:
1774 2645 1859 2687 „ex
1968 2659 1990 2689 ‹.··

171 2702 263 2744 quo
294 2688 587 2746 intellegitur
615 2689 838 2735 habuisse
870 2704 1000 2747 spem
1030 2691 1238 2735 faciendi
1269 2694 1318 2736 et
1354 2691 1535 2736 factum
1574 2690 1859 2735 defendendi
1939 2690 1979 2723 -ὲ

171 2747 283 2804 quia
314 2751 422 2791 rex“
575 2753 632 2792 20
662 2750 770 2805 post
799 2750 993 2794 ostendit
1023 2751 1141 2795 haec
1171 2750 1318 2794 habet
1349 2751 1420 2795 ed.
1455 2764 1576 2806 quae
1609 2750 1778 2794 desunt
1808 2750 1859 2792 in
1957 2748 1962 2753 ’

172 2805 379 2851 LRHO:
414 2821 691 2864 „germanus
722 2807 930 2852 habebat
960 2808 1281 2866 Pygmalion&
1320 2823 1323 2826 ’
1376 2815 1428 2853 21
1463 2812 1574 2866 post
1596 2811 1743 2853 omnis
1764 2822 1859 2852 non

172 2864 379 2920 distinxi,
404 2866 518 2921 quia
541 2865 772 2923 interpres
803 2881 985 2923 quos—
1002 2870 1136 2924 furor
1159 2883 1265 2913 cum
1289 2869 1436 2914 omnis
1461 2868 1684 2926 coniungi
1707 2867 1818 2911 vult.
1847 2868 1854 2928 Ι

174 2924 340 2969 medios
369 2901 469 2980 'LR,
502 2926 583 2969 sed
615 2925 650 2968 L
683 2938 709 2969 ο
741 2927 974 2982 expuncta
1004 2941 1037 2971 u
1067 2940 1292 2984 superscr.
