2014 3226
778 176 1080 220 AENEIDOS
1113 177 1176 220 lv
1202 199 1206 203 -
1721 182 1825 232 2377

23 0 50 250 «ur-M

137 315 455 378 usque-adeo
494 319 550 362 ut
590 330 784 363 omnem
825 331 994 363 curam
1038 316 1329 378 disponendi
1376 321 1517 381 regni
1563 319 1829 380 tuendique

137 390 434 438 reiecissent.
499 389 592 436 1100
632 392 706 436 est
746 390 876 451 quod
918 390 988 437 ait
1020 392 1072 438 in
1106 392 1355 452 superiore
1386 392 1502 439 libri
1534 395 1676 454 parte
1708 387 1828 458 (86)

138 480 267 524 „non
299 466 502 525 coeptae
535 463 815 526 adsurgunt
845 467 1020 523 turres,
1053 480 1151 511 non
1191 481 1329 513 arma
1367 467 1599 514 iuventus
1639 470 1832 514 exercet

137 540 371 599 portusve
426 539 514 585 aut
566 537 944 599 propugnacula
996 538 1126 585 bello
1182 542 1294 586 tuta
1348 544 1552 601 parant,
1614 540 1830 602 pendent

93 629 114 660 5
139 627 289 673 opera
326 613 608 672 interrupta
646 611 910 672 minaeque
950 628 1204 660 murorum
1248 614 1472 676 ingentes
1521 617 1830 675 aequataque

137 686 367 733 machina
399 684 581 733 caelo“.
643 684 764 732 haec
796 684 854 731 de
887 685 1102 732 Didone:
1137 686 1332 734 Aeneae
1365 704 1482 736 vero
1514 689 1829 749 reprehensio

137 760 251 819 fuit,
277 759 409 820 quod
431 761 484 806 in
509 759 685 806 alienis
718 773 1028 807 commorans
1060 762 1225 823 regnis
1258 762 1657 809 commoditatem
1691 778 1831 809 suam

136 833 452 897 neglegebat,
501 848 652 894 quam
689 835 883 894 partem
923 850 979 880 ex
1019 833 1151 881 Iovis
1191 850 1400 895 persona
1439 835 1692 898 Vergilius
1731 852 1829 884 non

137 907 295 955 multo
342 910 456 969 post
501 907 787 968 plenissime
834 910 1122 968 prosecutus
1172 911 1245 955 est
1295 902 1451 974 (267)
1498 910 1621 967 „heu
1659 909 1830 973 regni“

71 997 115 1030 10
140 984 190 1029 et
229 983 406 1029 cetera.
469 981 590 1028 haec
630 980 817 1042 passim
856 981 947 1028 dea
986 981 1131 1028 foeda
1171 984 1331 1029 virum
1373 983 1603 1030 diffundit
1635 985 1686 1030 in
1720 999 1829 1030 ora:

138 1071 235 1102 non
278 1054 370 1103 dea
408 1055 568 1114 foeda,
608 1055 692 1102 sed
733 1070 820 1102 ora
860 1054 1023 1102 virum
1054 1056 1220 1115 foeda,
1261 1056 1347 1103 ubi
1378 1057 1507 1103 enim
1541 1057 1659 1118 quid
1693 1073 1830 1105 secus
1923 1086 1926 1090 ›

139 1128 408 1176 admissum
454 1129 508 1176 in
552 1128 810 1176 hominum
857 1129 1115 1176 scientiam
1165 1131 1377 1190 venerit,
1431 1133 1626 1192 turpius
1681 1147 1832 1192 quam

139 1203 410 1251 admissum
449 1206 523 1251 est
563 1203 799 1264 carpitur.
874 1203 1065 1250 interea
1105 1203 1441 1251 definitionem
1472 1205 1654 1252 Famae
1693 1220 1830 1267 repe-

138 1279 319 1338 tamus,
346 1293 498 1338 quam
528 1278 678 1338 poeta
708 1277 1068 1338 interponendo
1101 1278 1221 1325 fecit
1251 1278 1561 1339 hyperbaton
1594 1282 1642 1325 et
1668 1281 1831 1326 totum

72 1367 115 1400 15
137 1354 329 1398 textum
375 1352 430 1398 in
475 1350 599 1398 duas
645 1352 805 1413 partis
845 1351 1091 1398 abscisum
1130 1351 1298 1413 posuit
1338 1355 1401 1399 et¹
1426 1354 1586 1399 minus
1627 1352 1830 1400 attentis

138 1424 263 1473 facit
302 1441 532 1473 errorem.
588 1424 769 1481 Fama,
806 1424 987 1487 inquit,
1026 1426 1226 1481 malum,
1266 1440 1357 1485 quo
1399 1440 1494 1473 non
1533 1426 1670 1473 aliud
1707 1427 1830 1474 velo-

140 1501 244 1547 cius
272 1500 442 1555 ullum,
465 1499 727 1547 mobilitate
757 1501 882 1559 viyet
911 1501 1124 1559 virisque
1155 1500 1371 1558 adque'rit
1402 1501 1581 1547 eundo:
1621 1503 1670 1547 et
1702 1502 1815 1560 cito,
1836 1505 1918 1544 175
1955 1503 1958 1507 ’

138 1574 326 1634 inquit,
366 1572 590 1621 ambulat
629 1574 680 1620 et
716 1573 774 1620 fit
811 1573 991 1620 fortior
1027 1576 1076 1621 et
1114 1575 1351 1621 virtutem
1391 1591 1489 1622 non
1528 1573 1707 1635 perdit,
1746 1573 1831 1621 sed

141 1647 382 1709 adquirit:
422 1648 684 1695 contrariis
723 1647 926 1695 iuvatur
962 1650 1136 1709 utpote
1168 1650 1455 1695 monstrum.
1509 1662 1676 1708 parva
1705 1651 1833 1695 metu

25 1762 31 1773 ‚
72 1737 118 1770 2⁰
130 1723 312 1782 primo,
351 1735 462 1768 mox
492 1736 592 1769 sese
624 1722 797 1769 attollit
824 1723 879 1768 in
910 1736 1065 1769 auras
1095 1722 1456 1782 inm-editurque
1485 1721 1585 1768 solo
1618 1725 1660 1769 et
1689 1726 1834 1781 caput

24 1790 27 1798 ⁴
139 1797 265 1843 *inter
307 1795 482 1843 nubila
528 1797 710 1844 condit:
767 1798 958 1843 veteres
1007 1810 1175 1844 omnes
1221 1796 1393 1843 multis
1440 1795 1833 1857 incorporalibus

140 1871 192 1916 et
229 1871 429 1917 nomina
469 1869 710 1918 dederunt
749 1871 799 1917 et
835 1870 1021 1917 formas
1062 1872 1111 1917 et
1148 1869 1388 1917 nonnulla
1426 1885 1515 1931 pro
1547 1869 1834 1917 numinibus

138 1943 441 2004 habuerunt,
494 1943 773 1991 Victoriam
838 1943 1049 2004 scilicet,
1106 1942 1452 2003 Concordiam,
1506 1943 1834 2003 Discordiam,

140 2017 393 2078 Furorem,
425 1980 664 2066 Somnum
695 2019 745 2065 et
776 2020 940 2066 cetera
975 2018 1181 2066 similia.
1224 2019 1298 2065 ita
1337 2019 1386 2064 et
1416 2017 1623 2064 Famam
1662 2032 1833 2078 corpo-

21 2077 30 2140 i
74 2107 117 2140 25
140 2091 297 2139 ralem
337 2107 441 2139 esse
480 2092 747 2140 voluerunt
786 2094 836 2140 et
875 2091 1032 2152 deam,
1070 2094 1128 2139 ut
1165 2093 1272 2153 ipse
1302 2090 1554 2154 Vergilius
1593 2090 1686 2138 hoc
1724 2091 1833 2139 1000

23 2167 28 2188 ⁶
1179 2184 1202 2207 ι

260 2281 286 2319 2
318 2276 556 2332 rejicerent
585 2277 657 2320 ed.
774 2282 801 2321 5
832 2277 1120 2334 ingentesque
1151 2281 1346 2332 aequata
1377 2275 1426 2318 L.
1536 2279 1561 2318 9
1625 2289 1720 2320 0330
1750 2289 1834 2332 pro

22 2324 35 2431 ἰ
133 2340 242 2392 post
270 2335 319 2379 L.
413 2340 560 2380 9—10
590 2337 675 2380 heu
707 2337 839 2394 regni
866 2337 962 2390 suit
983 2335 1019 2378 L
1052 2348 1156 2378 cum
1187 2334 1375 2391 punctis
1398 2334 1460 2379 R..
1494 2333 1543 2377 in
1572 2290 1681 2389 fait,
1709 2334 1836 2390 quod

142 2395 271 2451 apud
295 2394 433 2452 Verg.
457 2409 552 2439 11011
583 2397 727 2450 extat,
752 2401 794 2439 et
823 2399 969 2440 cetera
991 2407 1076 2450 per
1099 2393 1414 2450 conpendium
1437 2393 1665 2450 scriptum
1688 2392 1835 2437 latere

174 2456 279 2508 uto,
326 2454 453 2511 quod
492 2455 549 2499 de
589 2468 672 2499 suo
712 2454 820 2498 add.
853 2453 925 2497 ed.
1102 2459 1154 2496 11
1193 2453 1272 2498 secl
1296 2479 1351 2485 -
1375 2453 1512 2507 foeda
1550 2466 1639 2496 om.
1673 2452 1744 2496 ed.

171 2518 318 2557 4—15
349 2518 470 2558 etum
499 2519 671 2559 textum
704 2513 792 2557 LR
815 2518 856 2557 et
878 2518 1135 2557 contextum
1165 2526 1189 2555 r
1219 2517 1261 2556 et
1290 2526 1391 2556 eum
1423 2517 1452 2555 t.
1478 2511 1548 2555 ed.
1574 2516 1616 2556 et
1638 2517 1780 2556 totum
1803 2515 1833 2555 t.

141 2578 450 2618 nos.15
490 2573 738 2618 abscissum
776 2572 848 2616 ed.
899 2572 906 2630 Ι
963 2577 1162 2616 attentus
1190 2570 1279 2614 LR
1299 2571 1382 2617 ed.
1414 2572 1599 2615 attentis
1629 2583 1735 2623 1103,
1775 2568 1834 2614 cf.

143 2635 185 2686 3,
203 2635 302 2676 205.
413 2637 467 2676 16
499 2633 616 2687 facit
644 2632 734 2676 LR
764 2631 836 2676 ed.
868 2631 1005 2686 fecit?
1033 2632 1039 2687 Ι
1066 2629 1188 2686 quod
1217 2644 1302 2686 pro
1335 2644 1423 2697 quo
1453 2629 1552 2673 LR
1653 2632 1707 2673 18
1738 2642 1833 2672 am·

142 2691 273 2736 balat
301 2691 355 2747 fit
383 2690 471 2735 LR.
500 2706 543 2735 a.
577 2697 618 2736 et
646 2692 700 2747 fit
730 2691 802 2736 ed.
836 2690 1114 2735 ambulando
1143 2689 1197 2758 fit
1227 2704 1251 2732 r
1287 2689 1445 2733 nescio
1478 2702 1539 2732 an
1569 2689 1709 2731 recte.
1746 2688 1754 2743 Ι
1795 2692 1837 2731 et

121 2749 293 2802 ,mm
316 2749 353 2793 L
384 2754 427 2795 et
454 2750 561 2795 viru
583 2750 627 2794 R
657 2755 700 2795 et
727 2751 846 2794 vires
874 2763 900 2792 1·
927 2750 1046 2794 vires
1075 2749 1196 2793 enim
1227 2747 1299 2792 ed.
1323 2752 1367 2792 et
1394 2749 1604 2792 virtutem
1634 2759 1719 2790 nos
1751 2746 1836 2803 (sic

139 2808 292 2853 virtus
329 2809 389 2853 de
418 2809 562 2854 Furia
593 2813 779 2867 ’1,085).
963 2811 1017 2851 19
1057 2809 1304 2853 contrariis
1334 2805 1420 2850 LR
1457 2813 1567 2851 n'am
1604 2819 1639 2850 0.
1672 2804 1745 2849 ed.

143 2871 202 2912 20
232 2868 439 2925 primum
477 2867 586 2923 LR,
633 2868 716 2912 sed
761 2866 886 2911 infra
926 2868 1080 2923 primo
1116 2866 1172 2910 ut
1204 2865 1344 2923 Vei-g.
1377 2864 1501 2910 libri.
1559 2867 1566 2921 Ι
1622 2876 1713 2908 0330
1748 2875 1837 2965 pro

141 2934 233 2972 s‘ese
262 2927 391 3030 LdR
406 2952 409 2954 -
467 2932 523 2971 22
559 2933 601 2973 et
631 2930 742 2972 ante
771 2926 963 2971 nomina
1002 2939 1089 2970 om
1124 2922 1196 2969 ed.
1349 2928 1405 2968 24
1442 2922 1719 2980 corporalem

140 2991 185 3032 et
211 2999 248 3031 0.
281 2999 307 3030 e
