2014 3226
193 186 299 240 194
656 182 888 226 DONATI
917 180 1197 224 INTERPR.
1231 180 1408 224 VERG.

190 327 317 373 mori
356 325 596 372 succurrit
626 324 677 369 in
711 319 912 369 armis“:
954 336 1063 368 ecce
1101 321 1182 369 hic
1221 320 1347 367 dixit
1383 321 1436 367 in
1474 320 1698 369 flammas
1739 323 1789 368 et
1824 323 1879 368 in

192 415 330 448 arma
368 400 522 456 feror,
561 400 618 443 ut
659 395 940 443 ostenderet
976 396 1029 442 in
1067 396 1209 442 tanto
1250 395 1531 442 discrimine
1571 395 1790 443 civitatis
1830 398 1880 442 et

191 473 532 533 desperatione
565 471 786 517 omnium
815 485 982 516 rerum
1011 469 1139 516 mori
1170 484 1221 516 se
1253 468 1484 516 maluisse
1516 484 1668 529 quam
1697 470 1877 516 vivere.
1943 487 1946 489 ·

191 562 281 605 quo
313 548 463 593 tristis
489 545 692 604 Erinys,
717 557 808 603 quo
840 543 1063 602 fremitus
1094 546 1233 589 vocat
1263 546 1305 589 et
1335 542 1555 589 sublatus
1587 543 1654 589 ad
1685 543 1880 591 aethera
1986 567 1989 611 j

191 621 394 667 clamor:
432 619 520 664 illo
559 617 711 676 ibam,
740 617 920 677 inquit,
951 616 1039 663 ubi
1076 617 1321 663 maximus
1360 616 1525 663 fuerat
1563 617 1750 664 clamor
1786 616 1879 664 hoc
1925 633 1946 666 5
1986 613 1990 670 ξ

191 697 265 741 est
302 693 391 739 ubi
421 692 693 738 maximum
723 691 998 752 periculum
1029 691 1128 737 fuit
1160 692 1210 737 et
1240 690 1438 738 facilior
1467 691 1642 737 mortis
1672 691 1877 738 occasio.
1985 696 1990 743 ί

103 772 187 811 340
205 767 394 814 addunt
430 780 480 813 se
518 767 671 813 socios
702 765 919 824 Ripheus
960 767 1003 811 et
1037 766 1282 812 maximus
1315 766 1468 811 armis
1499 765 1694 824 Epytus
1732 765 1880 812 oblati
1983 747 1990 810 Ῑ

180 855 274 900 per
328 840 501 887 tunam
545 839 872 899 Hypanisque
916 839 1200 898 Dymasque
1255 842 1297 885 et
1350 839 1493 886 lateri
1547 839 1881 898 adylomerant
1984 844 1986 848 “

191 916 349 961 nostro
388 914 670 973 iuvenisque
713 911 951 960 Coroebus
990 913 1338 971 Myydonides:
1381 911 1601 959 dicturus
1639 911 1877 973 plurimo-

187 1004 298 1034 rum
336 988 553 1047 nomina,
591 1002 652 1034 ne
693 987 915 1034 omnium
953 986 1088 1033 facta
1128 986 1498 1033 continuatione
1538 985 1765 1034 odiosum
1805 987 1877 1033 fa-
1905 1002 1947 1035 10
1987 986 1989 1003 ²

189 1063 320 1108 ceret
350 1061 703 1121 narrationem,
733 1061 1036 1122 interposuit
1067 1075 1193 1120 quae
1227 1061 1539 1121 separatione
1572 1061 1707 1107 facta
1737 1059 1878 1108 fasti-

189 1135 325 1181 dium
354 1136 678 1182 removerent.
734 1134 862 1181 unde
892 1134 1154 1181 ordinatur
1177 1148 1346 1181 36113113
1370 1134 1463 1181 hoc
1486 1134 1655 1181 modo:
1689 1133 1880 1181 addunt

189 1225 238 1257 se
286 1209 442 1257 socios
489 1211 540 1256 et
584 1209 733 1256 lateri
780 1207 1126 1271 adglomerant
1170 1209 1339 1256 nostro
1387 1207 1545 1255 oblati
1581 1223 1671 1269 per
1707 1208 1878 1255 lunam

188 1283 422 1344 Ripheus‚
437 1282 632 1344 Epytus
653 1281 978 1344 Hypanisque
996 1281 1282 1343 Dymasque
1306 1281 1596 1343 iuvenisque
1615 1281 1876 1330 Coroebus.

186 1357 268 1404 hic
306 1357 566 1418 quaeritur
604 1371 691 1403 cur
729 1355 909 1403 dixerit
947 1355 1105 1403 oblati
1143 1372 1232 1417 per
1269 1356 1464 1418 lunam,
1505 1370 1615 1403 cum
1653 1355 1760 1418 ipse
1799 1370 1876 1403 su·
1903 1371 1945 1404 15

187 1431 352 1492 perius
408 1423 565 1496 (250)
617 1431 839 1491 posuerit
893 1430 1135 1491 „vertitur
1186 1430 1378 1476 interea
1431 1430 1623 1477 caelum
1678 1432 1728 1477 et
1775 1431 1880 1477 ruit

190 1502 383 1552 Oceano
422 1519 520 1551 nox
558 1504 816 1551 involvens
855 1503 1031 1550 umbra
1068 1519 1251 1565 magna
1290 1505 1572 1565 terramque
1610 1504 1879 1566 polumque

187 1578 657 1639 Myrmidonumque
711 1575 896 1625 dolos“.
971 1578 1065 1624 hoc
1114 1593 1175 1624 ne
1223 1578 1289 1624 sit
1334 1579 1539 1638 vitium,
1592 1578 1768 1638 talem,
1822 1579 1882 1625 ut

189 1667 339 1714 supra
386 1651 574 1699 dictum
623 1654 717 1714 est,
763 1653 960 1699 noctem
998 1650 1232 1699 debemus
1273 1653 1494 1714 accipere
1544 1648 1726 1717 quales}
1763 1653 1880 1700 sunt

187 1726 492 1787 plerumque,
518 1741 629 1773 cum
659 1725 781 1773 luna
810 1741 910 1773 non
940 1741 1031 1787 per
1055 1741 1197 1773 omne
1226 1726 1447 1787 spatium
1469 1727 1630 1773 noctis
1655 1727 1876 1788 appa-ret.
1903 1742 1947 1774 20

101 1801 184 1840 347
203 1813 320 1859 quos
365 1801 450 1847 ubi
495 1800 730 1858 confertos
778 1800 956 1847 audere
1000 1801 1055 1846 in
1091 1800 1286 1859 proelia
1331 1800 1454 1855 cidi,
1508 1801 1689 1859 incipio
1733 1814 1880 1859 super

188 1874 286 1920 his:
340 1874 555 1920 multum
603 1874 785 1935 quippe
830 1874 1086 1934 persuasio
1133 1873 1270 1920 valet
1321 1872 1408 1920 ubi
1460 1874 1562 1920 iam
1612 1873 1744 1922 inest
1795 1890 1879 1921 vo-

188 1947 354 1997 luntas
399 1947 707 2008 persuasioni
753 1948 852 2008 ipsi
892 1947 1222 2007 consentiens;
1278 1948 1322 1994 si
1360 1948 1492 1994 enim
1529 1949 1695 2009 potest
1731 1947 1880 1996 inviti
1980 1946 1986 1989 Ι

190 2035 289 2082 quo
335 2021 459 2069 velis
503 2021 758 2069 transduci
803 2022 1072 2083 sententia,
1119 2037 1176 2069 eo
1227 2021 1387 2084 magis
1425 2021 1623 2070 facilius
1661 2021 1880 2069 trahitur
1975 2018 1985 2089 j

189 2094 576 2156 uniuscuiusque
615 2111 775 2155 mens,
818 2095 861 2143 si
898 2096 1152 2157 persuasio
1192 2110 1302 2142 eam
1339 2095 1590 2143 volentem
1625 2097 1879 2157 paratam-
1902 2109 1947 2144 25

191 2183 286 2229 que
324 2169 555 2230 reperiat.
632 2170 843 2226 iuvenes,
880 2170 1152 2228 fortissima
1189 2170 1381 2228 frustra
1410 2172 1624 2229 pectora,
1663 2172 1708 2218 si
1745 2171 1879 2217 vobis

103 2243 189 2282 350
207 2242 421 2289 audendi
474 2245 683 2290 extrema
737 2243 912 2303 cupido
964 2246 1032 2291 est
1076 2246 1204 2291 certa
1249 2245 1404 2303 sequi,
1459 2256 1585 2303 quae
1628 2245 1694 2291 sit
1735 2244 1880 2292 rebus

189 2316 391 2375 fortuna
435 2316 629 2370 videti8‚
677 2331 913 2364 excessere
958 2331 1122 2365 omnes
1160 2317 1322 2376 adytis
1360 2319 1555 2377 arisque
1591 2318 1769 2366 relictis
1807 2319 1880 2366 dii
1959 2380 1961 2383 ι

191 2390 365 2448 quibus
416 2391 678 2448 imperium
727 2391 815 2438 hoc
861 2393 1076 2447 steterat,
1129 2392 1415 2439 succurritis
1465 2392 1580 2440 urbi
1631 2394 1879 2440 incensae:
1955 2407 1957 2410 ⁴

190 2463 460 2510 moriamur
509 2466 553 2510 et
598 2465 654 2510 in
701 2465 864 2512 media
913 2479 1057 2513 arma
1104 2478 1338 2523 ruamus;
1395 2481 1500 2514 una
1552 2466 1690 2514 salus
1742 2467 1883 2514 victis
1903 2456 1964 2515 aa?

1982 1049 1990 1472 Q***A.n-„u<„
1988 976 1989 983 1

312 2634 439 2674 7-8
486 2633 671 2688 rhipeus
703 2659 759 2665 —
792 2635 1002 2690 aephitus
1033 2661 1088 2667 -—
1120 2636 1352 2693 hyphanis
1382 2662 1438 2668 —
1471 2637 1622 2681 dimas
1665 2636 1764 2680 LR.

193 2693 246 2732 11
278 2690 567 2746 separatione
598 2691 683 2734 LR.
713 2693 1023 2748 desperatione
1055 2694 1126 2738 ed.
1308 2699 1365 2738 23
1389 2699 1539 2752 potsst
1567 2695 1655 2739 LR·
1687 2701 1881 2752 possunt

190 2747 227 2791 L
250 2747 294 2791 H
315 2761 438 2793 man.
471 2748 563 2794 ΗΟ
596 2750 668 2794 ed.
776 2755 832 2794 27
864 2753 1071 2798 audendi
1100 2754 1166 2810 (et
1195 2753 1488 2811 ininterpr.)
1518 2753 1608 2798 LR
1639 2755 1880 2799 audentem

192 2806 259 2863 <in
296 2806 487 2864 interpr.
521 2810 742 2867 audendi)
781 2810 875 2855 ed.:
921 2813 1049 2868 sequi
1086 2811 1137 2855 in
1166 2811 1370 2857 lectione
1399 2813 1677 2857 Donatiana·
1699 2827 1728 2857 a
1757 2819 1880 2858 certa

190 2865 387 2922 pendet3
442 2869 705 2915 contortam
741 2868 918 2913 Donati
965 2872 1030 2927 (et
1069 2870 1234 2929 Servii)
1280 2871 1737 2928 interpretationem
1783 2884 1880 2928 qua

191 2925 370 2977 frustra
408 2938 513 2970 cum
550 2929 819 2972 succwrritis
857 2928 1176 2987 coniungitur,
1214 2930 1348 2975 nulla
1381 2931 1746 2988 interpungendi
1777 2932 1880 2976 arte

193 2982 459 3039 significare
486 2985 636 3042 potui.
759 2991 814 3031 28
847 2988 918 3031 dii
947 2987 1034 3032 LR
1065 2990 1136 3046 (ut
1166 2992 1382 3047 semper).
1853 2982 1864 2990 ’
