2014 3226
167 160 274 212 248
638 158 869 202 DONATI
900 157 1180 201 INTERPR.
1215 157 1392 201 VERG.

170 316 259 360 que
286 302 466 359 rcflcoei,
492 314 638 359 quani
671 298 911 344 tumulum
944 300 1172 357 antiquae
1202 297 1388 346 Cereris
1418 299 1669 358 sedemque
1699 312 1863 346 sacra-

169 379 269 423 tam
317 376 559 421 venimus:
612 374 663 418 in
702 372 796 418 tali
837 387 985 419 causa
1026 371 1147 433 quid
1185 371 1466 419 faciendum
1506 373 1571 419 sit
1609 371 1863 435 Vergilius

167 449 331 496 docet:
382 463 494 508 pars
535 445 686 493 tertia
724 446 956 506 perierat,
997 448 1258 493 evaserant
1302 445 1448 493 duae:
1504 445 1864 507 numquidnam

166 524 219 570 in
265 522 426 568 medio
474 522 676 579 itinere,
722 520 775 565 in
822 519 1044 581 periculo
1093 519 1336 579 evidenti,
1381 521 1434 566 in
1472 518 1711 579 tenebris,
1759 519 1863 567 sine

169 612 258 657 ope
316 597 608 655 cuiusquam
663 596 858 655 patrem
923 609 1089 640 senem
1153 608 1209 640 ac
1271 593 1482 640 debilem
1544 595 1594 640 et
1654 610 1864 655 parvum
1909 609 1929 644 ⁵

168 670 323 716 filium
377 669 656 728 relinquere
713 666 882 714 debuit
933 670 982 714 et
1027 666 1275 728 perditam
1323 665 1591 728 quaerere?
1647 667 1736 715 sub
1790 668 1866 714 in-

170 747 302 790 certa
352 758 435 803 spe
483 757 582 788 non
620 742 759 802 fecit⁷
809 741 894 788 sed
931 740 1100 788 uxoris
1139 741 1460 802 inquisitione
1501 741 1659 788 dilata
1698 741 1864 802 potius

172 833 321 877 quam
367 817 550 862 reiecta
598 816 759 876 primo
812 814 1003 862 duobus
1060 815 1329 862 consuluit:
1391 815 1638 875 venimus,
1685 816 1866 877 inquit,

169 891 232 938 ad
280 890 582 937 destinatum
629 889 806 936 locum.
883 890 959 937 hic
1005 890 1196 936 denium
1244 890 1446 937 collectis
1491 890 1713 936 omnibus
1762 904 1866 936 una

170 965 325 1023 defuit
365 967 406 1011 et
445 964 633 1011 comites
671 966 935 1021 natumque
973 963 1227 1022 virumque
1265 964 1458 1022 fefellit:
1512 963 1639 1023 vidi,
1686 963 1866 1024 inquit,
1891 978 1935 1012 ιο

171 1038 301 1100 quod
342 1039 565 1085 animum
603 1053 769 1084 meum
806 1038 1004 1084 insania
1045 1036 1301 1084 durissimi
1340 1037 1523 1085 doloris
1566 1036 1868 1098 accenderet,

83 1116 166 1155 745
185 1113 342 1160 solam
393 1111 582 1159 scilicet
633 1110 844 1160 defuisse
897 1112 1155 1175 coniugem
1205 1127 1381 1159 meam.
1460 1125 1600 1171 quem
1649 1125 1748 1158 non
1794 1113 1868 1158 in-

170 1188 337 1233 cusavi
377 1200 544 1233 amens
581 1186 922 1244 hominumque
960 1186 1285 1244 deorumque?
1322 1183 1440 1246 [aut
1471 1185 1586 1245 quid
1617 1186 1671 1232 in
1703 1199 1869 1233 eversa

170 1261 272 1308 vidi
311 1259 555 1308 crudelius
593 1258 775 1320 whole]
836 1258 1020 1319 dolore,
1051 1258 1230 1320 inquit,
1262 1259 1416 1307 nimio
1455 1259 1674 1307 insanire
1714 1260 1868 1320 coepi,

170 1334 222 1381 in
275 1336 475 1381 tantum
528 1335 586 1380 ut
637 1332 832 1395 perdito
890 1336 1024 1380 statu
1078 1335 1259 1380 mentis
1309 1335 1468 1381 omnis
1515 1333 1739 1381 homines
1794 1332 1866 1379 in·
1893 1347 1936 1382 1⁶

172 1423 395 1455 cusarem
435 1411 483 1455 et
523 1409 781 1455 universos
813 1406 1206 1455 inreverentibus
1238 1407 1402 1454 verbis
1435 1407 1721 1468 adpeterem
1753 1406 1867 1455 deos
1965 1466 1970 1472 ,

173 1481 474 1530 calamitatis
515 1482 654 1528 illius
693 1497 803 1528 reos
845 1481 1068 1529 detinens
1110 1483 1311 1529 cunctos
1352 1482 1439 1542 qui
1478 1497 1540 1528 ne
1573 1497 1730 1528 unum
1762 1481 1868 1542 qui·
1951 1478 1991 1560 ξ(

172 1555 283 1603 dem
321 1557 466 1617 potui
501 1556 720 1617 reperire
751 1554 1027 1603 tractando.
1083 1556 1254 1603 tantus
1288 1555 1421 1617 apud
1451 1571 1529 1602 me
1562 1557 1728 1602 uxoris
1759 1571 1869 1616 per·
1946 1557 1970 1648 ἕ
1986 1561 1991 1599 Ι

172 1629 306 1677 ditae
343 1629 607 1692 gerebatur
639 1629 877 1690 adfectus,
907 1631 965 1677 ut
998 1629 1163 1676 omnia
1202 1629 1340 1677 illius
1378 1630 1619 1690 temporis
1660 1629 1869 1677 adversa
1947 1628 1991 1695 33

174 1705 506 1766 superaverit,
553 1705 699 1751 tanta
739 1703 811 1750 sui
849 1718 1104 1765 possessus
1145 1705 1387 1764 amentia,
1434 1706 1491 1751 ut
1530 1703 1632 1750 illis
1672 1718 1870 1765 quoque
1894 1715 1958 1752 2¹<
1988 1756 1990 1758 ,

173 1777 517 1826 maledicerem
557 1793 681 1840 quos
719 1793 927 1826 veneror
965 1793 1159 1839 semper
1198 1780 1248 1824 et
1286 1777 1569 1839 conpetenti
1609 1777 1871 1825 devotione

175 1851 402 1913 suspicio.
467 1867 576 1900 ecce
616 1853 666 1899 et
705 1852 956 1900 confessus
996 1853 1072 1899 est
1111 1853 1161 1900 et
1198 1852 1438 1914 purgavit
1476 1853 1682 1911 crimen3
1721 1850 1874 1898 habet
1958 1878 1984 1898 ·.

176 1925 308 1973 enim
345 1925 544 1973 veniam
583 1925 824 1988 quicquid
864 1925 1147 1974 admittitur
1183 1942 1274 1987 per
1311 1925 1541 1973 furorem.

285 1998 558 2047 Ascanium
587 1998 927 2059 Anchisenque
956 2003 1153 2059 pati-cin
1187 2000 1489 2059 Teucrosque
1517 2000 1715 2059 penatis
1750 2012 1873 2046 com-
1969 2034 1997 2056 s,

175 2073 346 2121 mendo
393 2074 537 2121 sociis
584 2077 626 2121 et
671 2088 823 2122 curva
868 2074 995 2122 valle
1039 2074 1267 2130 recondO,
1319 2076 1377 2121 ut
1429 2073 1529 2121 loci
1581 2075 1768 2121 secreto
1823 2074 1874 2120 et

178 2147 422 2195 sociorum
461 2147 745 2196 defensione
782 2147 882 2196 tuti
921 2163 1026 2196 esse
1064 2149 1366 2209 potuissent,
1413 2147 1604 2195 scilicet
1646 2147 1874 2195 multitu·
1970 2142 1986 2195 „'

178 2220 308 2268 dinis
332 2220 526 2269 fiducia.
576 2223 681 2280 ipse
710 2223 880 2270 urbem
909 2225 1068 2282 repeto
1100 2225 1144 2270 el
1173 2223 1339 2282 cinqor
1369 2222 1664 2282 fulqentibus
1697 2222 1874 2269 armis:
1958 2231 1974 2254 ³

179 2309 288 2342 ecce
321 2294 542 2342 adfectus
573 2296 689 2357 puri
720 2296 770 2343 et
798 2296 998 2343 honesti
1027 2295 1350 2358 matrimonii,
1375 2310 1436 2342 en
1459 2295 1683 2357 perditae
1708 2295 1874 2343 uxoris

178 2367 333 2416 dolor.
411 2367 620 2429 decrevi,
658 2370 838 2431 inquit,
877 2369 940 2418 ob
979 2370 1355 2431 inquisitionem
1395 2369 1603 2417 dilectae
1650 2368 1874 2432 coniugis
1975 2408 1978 2409 γ

179 2441 276 2490 duo
325 2441 575 2490 contraria
614 2443 777 2504 sequi:
830 2446 888 2491 ut
925 2443 1141 2492 redirem
1180 2443 1243 2492 ad
1281 2443 1470 2504 urbem,
1511 2458 1569 2490 ex
1607 2458 1706 2504 qua
1745 2441 1873 2489 diffi-
1971 2436 1989 2508 2¹

180 2515 338 2564 culter
377 2530 645 2576 evaseram,
685 2516 850 2565 subire
887 2519 1072 2565 iterum
1110 2533 1252 2566 casus
1285 2516 1446 2565 adhuc
1477 2517 1744 2566 saevientis
1777 2516 1874 2563 for·
1980 2510 1989 2518 ”

179 2594 330 2638 tunae
377 2592 427 2638 et
471 2590 807 2651 periculorum
854 2593 1075 2657 omnium
1129 2594 1314 2640 sortem
1366 2592 1565 2639 novatis
1619 2589 1874 2638 laboribus

1975 675 1986 838 ἰ

299 2734 326 2774 3
359 2731 476 2776 dicet
506 2729 594 2775 LR
623 2731 751 2775 docet
777 2745 802 2774 r
833 2730 946 2777 dicit
976 2731 1048 2776 ed.
1093 2732 1100 2789 Ι
1147 2731 1376 2788 numquid
1406 2731 1478 2776 ed.
1602 2735 1630 2774 4
1660 2731 1759 2775 sine
1789 2728 1877 2773 LR
1922 2734 1934 2743 ⁸

180 2794 222 2835 et
250 2803 286 2835 s.
320 2789 392 2835 ed.
528 2794 583 2833 13
616 2794 770 2834 aut—
790 2794 846 2833 14
876 2791 987 2836 wrbe
1018 2790 1152 2836 deest
1180 2790 1232 2834 in
1262 2790 1362 2844 LR,
1395 2790 1475 2834 sed
1510 2789 1784 2847 explicatur.

184 2853 238 2892 19
269 2849 528 2907 yemebatur
559 2847 646 2891 LR
673 2849 914 2907 gerebatur
943 2849 1016 2895 ed.
1048 2851 1170 2906 post.
1301 2853 1358 2894 25
1390 2850 1501 2894 loeis
1529 2848 1572 2892 R·
1602 2861 1717 2893 corr.
1747 2863 1784 2893 r.
1931 2871 1935 2873 >

181 2912 239 2952 26
270 2907 562 2953 multitudini
590 2906 679 2951 LR
708 2908 804 2952 -nis
832 2922 869 2952 r.
1015 2913 1071 2954 28
1103 2922 1160 2954 en
1189 2907 1278 2953 LR
1307 2913 1351 2954 et
1380 2907 1453 2953 ed.
1590 2912 1645 2952 31
1678 2907 1875 2953 subirem
1926 2907 1943 2933 ³⁸

181 2965 270 3010 LR
298 2967 450 3012 subire
481 2981 566 3011 nos
598 2967 810 3024 (propter
839 2969 1070 3024 exsperiri).
1871 2979 1893 2987 '⁴
1942 2997 1946 3006 r
