2014 3226
766 184 1069 229 AENEmos
1102 186 1165 229 VI
1708 192 1816 243 545

122 321 257 368 Ditis
296 335 479 369 vacuas
519 326 562 370 et
598 324 775 371 inania
813 339 990 384 requa:
1028 341 1115 387 per
1146 326 1345 375 umbras
1371 328 1441 374 ire
1468 344 1524 375 ac
1549 345 1637 390 per
1661 330 1816 377 solam

123 397 319 443 noctem
368 410 517 456 quam
563 397 850 457 inpossibile
899 399 992 446 est!
1042 400 1146 446 sola
1194 402 1323 447 enim
1363 417 1458 447 nox
1501 406 1574 449 est
1614 405 1694 450 cui
1732 404 1813 450 lux

123 469 261 516 nulla
301 469 518 516 succedit
557 485 613 517 ac
652 486 740 531 per
788 471 878 519 hoc
918 476 1170 534 perpetua.
1249 475 1335 522 dat
1382 477 1548 523 tamen
1597 476 1814 538 aliquam

75 632 97 664 5
122 620 301 664 certam
339 617 533 673 lunam,
582 617 676 666 hoc
723 621 797 665 est
843 621 894 665 in
942 621 1064 681 ipsis
1111 620 1268 669 initiis
1320 624 1536 683 positam
1584 626 1669 671 aut
1725 625 1816 671 sub

119 689 290 738 nubilo
339 692 683 752 constitutam,
731 694 820 739 sub
868 694 970 741 luce
1016 695 1254 755 maligma,
1303 712 1401 744 non
1449 698 1582 745 clara
1630 700 1679 745 et
1717 714 1814 746 non

119 764 282 826 plena,
322 766 373 812 et
413 780 538 826 quae
578 781 772 814 securos
812 767 1037 815 invideat
1076 784 1285 830 gressus.
1357 770 1497 818 addit
1537 771 1692 819 aliud:
1749 776 1817 819 est

117 841 210 886 iter
254 841 309 886 iu
353 839 507 895 silvis,
561 842 618 887 ut
664 840 825 902 ipsam
871 842 1055 888 malam
1101 843 1258 890 lucem
1307 846 1522 892 maxima
1569 861 1626 892 ex
1671 847 1813 906 parte

121 912 363 960 silvarum
401 912 619 961 densitas
658 915 839 976 rapiat.
918 930 1025 962 6666
1074 917 1310 977 quiddam
1358 918 1559 966 luminis
1600 919 1725 966 dixit
1763 922 1813 966 in

0 1023 1 1026 η
54 1003 98 1035 10
121 987 223 1034 illis
262 986 477 1034 tenebris
519 988 692 1048 fuisse,
740 1005 838 1035 non
878 991 1045 1036 tamen
1093 991 1307 1051 plenum.
1384 991 1526 1039 ibant
1572 1008 1687 1055 ergo
1726 1009 1814 1054 per

119 1060 229 1108 loca
268 1076 426 1108 vacua
466 1063 516 1109 et
560 1063 754 1123 inania,
810 1063 928 1123 quia
980 1079 1068 1111 nec
1116 1065 1247 1125 quod
1293 1065 1544 1113 videretur
1590 1067 1686 1113 fuit
1725 1082 1813 1114 nec

118 1135 198 1182 cui
245 1137 412 1196 posset
458 1137 664 1182 occurri.
748 1137 1037 1184 vestibulum
1076 1142 1186 1185 aute
1230 1141 1391 1198 ipsum
1443 1142 1714 1200 primisque
1759 1142 1813 1188 iu

118 1209 346 1268 faucibus
400 1208 512 1257 Orci
560 1209 749 1258 Luctus
804 1214 846 1258 et
895 1212 1090 1259 ultrices
1134 1226 1342 1271 posuere
1397 1214 1578 1261 czwtbilia
1636 1213 1810 1268 Curae,

0 1420 1 1432 ἵ
52 1371 94 1405 15
119 1360 163 1404 et
212 1357 501 1405 malesuada
554 1358 736 1406 Fames
787 1374 844 1407 ae
905 1361 1062 1419 turpis
1115 1360 1349 1420 qustas,
1410 1362 1645 1409 terribiles
1701 1363 1811 1409 visu

117 1432 319 1491 formae,
358 1431 627 1492 Letumque
658 1432 920 1492 Laborque
958 1437 1060 1480 tum
1098 1436 1486 1495 eonsauquiueus
1518 1435 1629 1483 Leti
1658 1434 1813 1495 Sopor

17 1555 22 1563 ,
118 1519 176 1552 ae
213 1506 348 1553 mala
389 1508 563 1555 meretis
605 1506 808 1555 Gaudia
851 1508 1248 1567 mortiferumque
1295 1508 1497 1556 adverso
1543 1511 1598 1556 in
1645 1509 1811 1556 limine

122 542 507 604 possibilitatem
546 543 754 591 inducta
794 546 1138 594 similitudine:
1179 550 1334 606 quale,
1373 550 1560 610 inquit,
1591 565 1685 610 per
1722 553 1797 598 iu-
1818 557 1904 595 270

0 1298 27 1330 ¹.
108 1283 442 1343 pallentesque
487 1285 709 1332 habitant
754 1286 923 1333 Morbi
970 1286 1210 1346 tristisque
1258 1286 1483 1334 Senectus
1542 1292 1583 1335 et
1629 1289 1794 1335 Metus
1814 1293 1899 1331 275

118 1579 316 1627 Bellum
349 1581 590 1640 ferreique
620 1581 954 1629 Eumenidum
993 1582 1195 1629 thalami
1235 1585 1277 1629 et
1306 1582 1572 1630 Discordia
1603 1583 1797 1630 demens
1813 1588 1898 1628 280

18 1669 21 1677 ⁴
117 1655 364 1713 vipereum
388 1656 567 1702 crinem
591 1657 723 1703 vittis
746 1657 925 1703 innexa
950 1656 1183 1703 eruentis:
1213 1656 1419 1703 feralem
1442 1655 1576 1703 Ditis
1610 1655 1808 1703 domum

0 1734 94 1791 ἶ,130
118 1742 226 1775 6666
278 1728 425 1789 quale
473 1728 770 1776 observabat
808 1729 1024 1776 officium
1071 1731 1125 1777 in
1162 1730 1324 1791 primo
1372 1730 1641 1777 vestibulo!
1705 1730 1810 1777 11116

117 1803 248 1848 6111111
298 1801 498 1850 fuerant
550 1803 717 1850 omnia
773 1819 898 1864 quae
953 1805 1176 1851 cruciant
1221 1805 1360 1851 vivos
1409 1806 1499 1851 aut
1553 1803 1809 1851 defunctos

16 1927 18 1930 ¹
114 1875 375 1939 adfligunt.
444 1877 566 1924 haec
606 1877 888 1940 specialiter
927 1879 1212 1925 enumerata
1252 1879 1367 1924 sunt
1405 1880 1456 1924 613
1494 1876 1663 1939 aliqua
1695 1892 1805 1924 cum

20 2014 21 2017 Ἴ
117 1951 218 1997 suis
258 1950 490 2011 epithetis
536 1953 724 2012 posita:
771 1949 956 2000 Luctus
1002 1953 1185 2012 primo,
1234 1967 1445 2012 quorum
1493 1950 1720 1999 sordidus
1760 1953 1807 1998 et

115 2024 413 2072 miserabilis
465 2026 628 2072 cultus
680 2027 775 2086 est3
829 2024 1006 2085 Curae,
1060 2040 1185 2086 quae
1237 2040 1594 2086 quemcumque
1644 2039 1808 2086 posse-

9 2098 92 2175 5²⁵
117 2096 281 2145 derint
317 2099 574 2162 torquent,
614 2114 822 2161 posuere
870 2099 1075 2146 cubilia:
1123 2098 1423 2162 significavit
1470 2114 1552 2147 eas
1592 2113 1622 2145 a
1659 2098 1808 2145 vesti-

11 2177 25 2238 }
115 2171 232 2218 bulo
271 2172 360 2220 illo
399 2187 499 2221 non
538 2173 730 2233 divelli3
770 2173 1016 2235 pallentes
1047 2172 1229 2220 Morbi:
1269 2187 1437 2220 omnes
1477 2172 1608 2219 enim
1646 2171 1807 2219 Morbi

12 2244 26 2300 ,ῗ
114 2245 358 2307 pallorem
387 2246 608 2294 inferunt
640 2248 801 2310 aegris
835 2261 956 2308 quos
988 2247 1336 2308 corripuerint3
1375 2245 1534 2294 tristis
1560 2245 1807 2303 Senectus,

57 2336 59 2338 ·
115 2320 196 2367 vel
243 2319 375 2381 quod
420 2322 558 2384 mgis
606 2320 867 2369 contrahat
912 2336 1082 2368 eorum
1120 2321 1286 2368 vultus
1334 2320 1422 2381 qui
1460 2319 1673 2367 vixerint
1719 2318 1805 2365 diu

115 2394 196 2440 vel
227 2394 360 2455 quod
389 2396 541 2442 morti
562 2395 812 2456 proximos
839 2395 1015 2454 faciat3
1055 2396 1105 2441 et
1128 2393 1305 2454 Metus,
1337 2408 1434 2455 quo
1461 2394 1807 2440 excruciantur

0 2463 1 2510 ἶ
43 2481 93 2515 30
115 2467 340 2516 homines
366 2469 452 2530 qui
477 2484 534 2516 ex
558 2469 728 2530 aliqua
753 2469 1054 2516 conscientia
1077 2467 1299 2528 aliquam
1321 2468 1553 2514 metuunt
1574 2481 1806 2528 poenam3

0 2535 1 2554 ¹
115 2541 292 2589 Fames
330 2542 639 2590 malesuada:
677 2542 861 2590 famem
891 2557 990 2589 non
1028 2541 1191 2589 solum
1229 2543 1500 2604 egestatem
1532 2539 1692 2588 victus
1723 2539 1806 2586 de-

114 2615 286 2664 bemus
333 2615 577 2679 accipere,
632 2631 759 2678 quae
804 2616 1002 2677 inopiae
1048 2630 1198 2663 causa
1245 2615 1467 2678 suggerit
1513 2612 1806 2661 detestanda

55 2787 59 2790 -
235 2761 352 2802 3—4
385 2758 448 2802 du
477 2762 630 2803 tamen
660 2757 865 2813 aliquam
881 2755 1196 2812 possibilitati]
1219 2754 1411 2799 inducta
1433 2753 1738 2798 similitudine
1763 2751 1805 2795 V

115 2816 285 2862 idcirco
324 2817 530 2873 aliquam
562 2815 885 2872 possibilitatis
922 2814 1104 2858 inducit
1139 2813 1488 2859 similitudinem
1518 2810 1609 2855 ΗΟ
1642 2810 1712 2855 ed.

113 2879 143 2918 *1
175 2881 217 2920 et
273 2889 362 2920 uae
390 2888 570 2920 semiros
597 2874 672 2919 bis
704 2873 893 2930 scripsit
923 2872 978 2916 V.
1022 2876 1028 2928 Ι
1076 2885 1248 2931 yressos
1275 2870 1331 2916 V.
1371 2873 1378 2928 Ι
1427 2870 1611 2915 addidit
1641 2869 1713 2913 ed.

117 2937 143 2978 9
174 2890 335 2980 radiat
364 2934 435 2979 ed.
562 2938 615 2976 12
648 2933 796 2990 possit
825 2932 867 2976 V
898 2932 970 2976 ed.
1093 2936 1148 2975 15
1188 2935 1343 2988 turpes
1376 2929 1430 2974 V.
1560 2932 1616 2973 20
1655 2929 1802 2986 inpri-

111 3007 240 3039 mwm
269 2993 324 3039 V.
456 2997 513 3036 24
535 2993 825 3049 possederant
853 2991 895 3035 V
929 2991 1165 3047 possident
1194 2990 1266 3035 ed.
1395 2993 1452 3033 26
1491 2988 1571 3032 illo
1608 3000 1696 3031 om.
1729 2985 1801 3031 ed.

206 3075 302 3108 Don.
326 3075 483 3115 interpr.
505 3075 620 3116 Verg.
660 3074 735 3107 vol.
758 3074 791 3107 1.
1393 3065 1448 3106 35
