2014 3226
232 179 340 232 546
699 178 932 222 DONATI
963 178 1242 221 INTERPR.
1275 178 1453 222 VERG.

232 320 454 379 consilia,
487 319 569 366 sed
603 318 744 365 illam
770 334 964 379 quoque
998 334 1124 379 quae
1157 334 1572 379 unumquemque,
1606 320 1758 366 etiam
1789 319 1922 366 locu—

231 394 414 454 pletem
455 393 591 439 ducit
630 394 687 439 ut
727 394 890 439 aliena
936 393 1103 453 rapiat
1150 407 1207 439 ac
1238 393 1481 439 violenter
1528 392 1758 452 invadat,
1812 393 1921 454 ipso

231 467 434 514 docente
476 466 713 528 Vergilio,
754 467 840 527 qui
880 466 953 513 ait
993 463 1065 531 (3,
1101 459 1193 527 56)
1235 465 1386 527 „quid
1417 482 1515 513 non
1546 466 1780 514 mortalia
1810 481 1921 527 pec-

230 543 341 588 tora
381 541 528 603 cogis,
567 540 674 587 auri
715 555 855 587 sacra
892 538 1098 587 fames!“
1139 555 1196 587 ac
1227 541 1389 601 turpis
1421 540 1646 602 Egestas,
1687 541 1921 601 quoniam

231 614 450 661 defectus
507 613 813 661 substantiae
869 613 1131 661 familiaris
1195 613 1429 661 deformis
1486 614 1608 661 facit
1661 614 1818 661 macie
1873 617 1923 662 et
1964 630 1994 665 ⁸-

228 690 387 749 ipsius
436 689 654 748 corporis
702 688 859 746 cultu,
907 687 1153 735 terribiles
1200 689 1311 735 visu
1357 688 1567 747 formae,
1619 688 1771 734 etiam
1817 688 1921 736 solo

231 765 431 822 aspectu
470 764 709 809 terrorem
746 761 1058 822 incutientes,
1098 761 1276 808 Letum
1316 763 1366 809 et
1396 761 1581 808 Labor:
1620 777 1751 809 mors
1791 763 1922 809 enim
1991 795 1993 798 .

230 838 278 882 et
317 835 458 882 labor
496 835 654 883 odiosi
694 837 831 895 sunt,
884 851 1043 896 neque
1084 834 1215 883 enim
1255 835 1557 897 adpetuntur
1588 851 1618 882 a
1658 850 1925 896 quoquam,
1990 862 1993 902 ,π

230 909 314 956 sed
368 911 662 972 ingeruntur
714 910 908 969 invitis;
971 911 1081 956 tum
1135 909 1528 973 consanguineus
1583 909 1696 956 Leti
1751 908 1922 972 Sopor,
1991 911 1995 966 ξ

230 985 464 1044 quoniam
504 999 703 1030 somnus
751 985 800 1031 et
838 999 970 1031 mors
1010 999 1162 1045 prope
1202 984 1349 1030 unius
1390 986 1505 1030 sunt
1544 984 1759 1046 generis:
1806 999 1920 1031 nam
1964 991 1991 1050 'g

230 1058 314 1118 qui
362 1057 565 1117 dormit,
619 1057 824 1118 perinde
878 1057 1000 1104 facit
1054 1073 1110 1105 ac
1164 1059 1404 1118 mortuus,
1459 1057 1550 1104 hoc
1597 1057 1702 1104 solo
1753 1057 1924 1118 distat,

231 1131 362 1192 quod
401 1131 631 1180 recedens
672 1147 870 1180 somnus
910 1131 1073 1178 reddit
1111 1131 1363 1179 hominem
1393 1132 1543 1192 vitae,
1582 1146 1714 1178 mors
1754 1133 1922 1178 autem
1978 1128 1993 1189 'J

227 1205 609 1266 inreparabilem
654 1207 792 1253 tenet
840 1222 986 1267 quem
1034 1206 1161 1252 forte
1209 1205 1504 1267 possederit3
1558 1205 1692 1252 mala
1741 1205 1923 1253 mentis
1988 1212 1993 1224 '

229 1276 444 1327 Gaudia:
513 1280 634 1327 haec
696 1282 812 1327 sunt
875 1294 999 1340 quae
1062 1280 1113 1325 in
1184 1280 1367 1327 scelera
1427 1279 1649 1327 homines
1711 1279 1921 1326 ducunt:
1987 1295 1993 1304 ’

229 1353 424 1401 adulter
479 1353 686 1415 quippe,
743 1354 896 1415 latro,
958 1353 1206 1401 homicida
1262 1355 1311 1401 et
1363 1354 1704 1401 universorum
1760 1354 1920 1400 crimi-
1959 1359 1988 1418 J

227 1444 346 1474 num
400 1427 494 1488 rei,
551 1442 662 1475 cum
715 1428 854 1476 lucro
906 1428 1215 1489 voluptatem
1270 1427 1328 1474 de
1384 1426 1648 1475 sceleribus
1703 1428 1921 1489 capiunt,
1973 1418 1991 1436 ²

227 1501 296 1549 sic
334 1503 388 1548 in
434 1501 568 1548 mala
615 1501 798 1565 gaudia
846 1501 1206 1564 perducuntur,
1252 1501 1367 1549 inde
1416 1503 1580 1548 autem
1627 1502 1760 1548 mala
1806 1503 1923 1550 sunt
1987 1530 1990 1541 ·

227 1575 473 1624 eiusmodi
527 1575 732 1639 gaudia,
789 1578 928 1637 quia,
984 1577 1027 1623 si
1083 1575 1215 1636 apud
1257 1590 1459 1636 superos
1503 1575 1667 1622 inulta
1721 1575 1922 1637 fuerint,

227 1650 359 1711 apud
405 1649 589 1698 inferos
637 1651 934 1711 puniuntur:
991 1650 1109 1710 quid
1158 1651 1315 1713 igitur
1361 1664 1483 1710 opus
1535 1650 1610 1697 est
1663 1649 1756 1697 hoc
1801 1666 1920 1712 gau·
1963 1644 1982 1711 ·,“

226 1723 422 1770 diorum
485 1740 638 1786 genus
701 1724 837 1772 mala
904 1726 1070 1771 mente
1133 1724 1335 1784 sectari,
1401 1723 1444 1770 si
1508 1723 1630 1770 haec
1699 1723 1922 1784 quolibet
1963 1714 1984 1719 ’¹

226 1799 447 1859 tempore
494 1798 574 1845 vel
621 1798 729 1845 loco
786 1799 1084 1861 gravissima
1129 1813 1290 1859 poena
1344 1795 1696 1858 consequitur?
1749 1797 1920 1845 morti·
1952 1810 1959 1820 Ἰ

225 1871 385 1918 ferum
432 1870 653 1918 Bellum:
707 1872 901 1919 nullum
949 1874 1023 1920 est
1069 1872 1201 1918 enim
1245 1871 1430 1919 bellum
1488 1871 1619 1932 quod
1666 1886 1768 1919 esse
1815 1819 1987 1988 sine}

225 1945 480 1993 funeribus
519 1946 700 2007 possit,
747 1945 895 1993 ferrei
933 1945 1265 1993 Eumenidum
1302 1945 1536 2006 thalami,
1583 1944 1716 2006 duri,
1754 1945 1806 1992 id
1847 1947 1925 1993 est.
1991 1946 1995 1950 ’

224 2020 447 2079 inmites,
497 2021 547 2067 et
585 2019 846 2068 Discordia
885 2020 1105 2080 demens,
1161 2035 1286 2081 quae
1323 2019 1563 2067 dementis
1602 2019 1758 2067 faciat
1796 2034 1918 2081 quos

224 2092 353 2140 forte
393 2094 719 2141 commiserit:
766 2109 865 2142 non
911 2095 1120 2156 possunt
1167 2094 1350 2155 quippe
1399 2109 1502 2142 esse
1547 2094 1742 2156 integro
1783 2095 1934 2141 statu>
1959 2147 1967 2155 ,

223 2167 404 2215 mentis
460 2168 548 2228 qui
601 2168 788 2215 fuerint
842 2168 1089 2215 discordia
1143 2170 1423 2230 emergente
1473 2167 1735 2227 flammati,
1799 2167 1920 2214 dicit
1958 2163 1973 2218 ἰ·

226 2241 330 2289 eius
370 2243 621 2302 ornatum,
667 2244 726 2289 ut
772 2258 830 2289 ex
869 2257 925 2289 00
965 2243 1207 2303 appareat
1244 2241 1324 2289 vel
1363 2242 1525 2302 qualis
1574 2242 1686 2303 ipsa
1737 2241 1802 2288 sit
1839 2240 1917 2288 vel

226 2314 386 2375 qualis
427 2314 636 2379 efficiat:
675 2315 946 2377 vipereum,
984 2316 1164 2378 inquit,
1205 2316 1390 2362 crinem
1420 2316 1562 2363 vittis
1593 2315 1772 2362 innexa
1811 2329 1918 2362 cru-

225 2390 380 2448 entis,
431 2389 494 2436 ad
544 2390 702 2436 vicem
757 2389 905 2438 crinis
960 2388 1269 2452 serpentibus
1325 2389 1688 2437 circumdatum
1739 2388 1917 2436 habuit

224 2464 375 2524 caput
411 2461 552 2510 vittis
594 2479 789 2525 quoque
829 2463 1044 2511 cruentis
1082 2463 1275 2510 innexa.

342 2637 371 2675 4
402 2634 552 2689 turpis
583 2646 670 2676 om.
697 2633 767 2677 ed.
867 2638 919 2678 ·8
951 2633 1099 2678 odiosi
1127 2632 1171 2677 V
1201 2633 1360 2677 odiosa
1391 2633 1462 2676 ed.
1492 2633 1498 2688 Ι
1533 2646 1564 2676 a
1594 2645 1682 2688 quo
1713 2633 1845 2687 quali
1875 2629 1915 2676 V
1946 2633 1979 2714 ἐξ

223 2705 338 2736 corr.
365 2691 436 2735 ed.
553 2697 607 2736 15
640 2697 752 2736 et—
775 2697 828 2736 16
860 2693 928 2737 rei
959 2706 1046 2736 om.
1073 2691 1144 2735 ed.
1262 2696 1316 2735 16
1349 2706 1451 2736 cum
1483 2692 1612 2736 lucra
1641 2691 1915 2746 voluptatem
1943 2695 1997 2741 23:

223 2749 265 2795 V
295 2755 337 2795 et
365 2751 588 2808 interpos.
615 2751 686 2794 ed.
720 2752 846 2796 lucro
875 2765 975 2796 nos.
1073 2755 1128 2795 18
1161 2752 1296 2807 quasi
1317 2750 1360 2795 V
1385 2750 1456 2795 ed.
1481 2751 1594 2806 quia
1622 2751 1665 2794 si
1695 2749 1767 2794 ed.
1791 2750 1913 2806 post.
1964 2779 1977 2790 «

312 2814 368 2854 23
400 2811 450 2854 id
481 2815 547 2854 est
573 2810 617 2854 V
647 2810 785 2855 iidem
817 2810 887 2855 ed.
982 2815 1039 2854 24
1070 2823 1185 2867 quae
1215 2810 1432 2854 dementis
1459 2810 1608 2864 faeiat
1630 2808 1672 2852 V
1695 2810 1914 2853 dementes
1973 2811 1977 2819 ’

221 2869 344 2913 enim
371 2869 491 2923 facit
519 2869 591 2914 ed.
721 2874 778 2912 25
808 2870 1077 2914 commiserit
1106 2869 1149 2912 V
1179 2869 1344 2925 ceperit
1373 2869 1446 2912 ed.
1489 2868 1495 2926 Ι
1545 2869 1711 2925 quippe
1740 2866 1784 2912 V
1813 2867 1915 2924 qui-
1936 2873 1979 2931 ῑξ

221 2928 322 2972 dem
352 2927 423 2973 ed.
547 2932 603 2972 26
633 2929 859 2984 flammati
887 2927 931 2972 V
961 2929 1058 2983 insi.
1093 2928 1164 2972 ed.
1287 2931 1344 2971 28
1376 2928 1527 2984 qualis
1556 2926 1600 2970 V
1630 2927 1822 2983 qualia?
1949 2923 1993 2956 “³

221 2990 279 3030 30
310 2987 484 3033 innexa
513 2987 555 3031 V
588 3001 719 3032 -xum
749 2987 821 3031 ed.
1855 2992 1858 2996 '
