2014 3226
239 220 348 272 324
705 216 937 261 DONATI
967 215 1246 259 INTERPR.
1280 216 1458 260 VERG.

239 362 423 407 Heleno
455 358 737 418 prudentia,
778 359 879 404 vati
917 358 1060 416 siqua
1097 356 1234 415 fideS,
1275 358 1497 404 animum
1534 358 1578 404 si
1616 359 1743 405 veris
1781 359 1931 418 inplet

148 439 235 480 435
255 435 450 493 Apollo.
496 447 645 478 unum
687 432 808 478 illud
847 431 952 485 tibi,
992 434 1106 478 nate
1145 430 1257 485 dea,
1289 444 1478 490 proque
1516 432 1739 478 omnibus
1776 446 1930 480 unum

228 508 516 568 praedicam
550 508 591 552 et
619 509 834 564 repetens
864 506 1130 563 iterumque
1159 506 1427 563 iterumque
1457 506 1677 552 monebo:
1709 505 1929 554 dicturus

236 598 338 629 rem
385 595 617 641 magnam
664 581 713 626 et
758 578 955 625 Aeneae
1004 578 1156 626 saluti
1209 578 1290 626 vel
1342 580 1555 625 maxime
1603 579 1931 626 necessariam

238 672 343 701 eam
385 654 543 715 primo
586 651 896 700 commendat
928 652 1044 699 altis
1077 652 1298 699 sensibus
1330 651 1576 698 tenaciter
1606 652 1929 702 retinendam.

238 730 280 776 si
321 729 475 790 igitur
514 727 679 786 sentis,
718 725 898 788 inquit,
931 725 1123 787 aliquid
1161 741 1238 773 me
1269 725 1450 772 habere
1482 725 1799 787 prudentiae:
1839 727 1932 775 hoc

239 802 301 849 ad
350 817 460 848 eum
506 800 742 862 pertinet‘
771 801 858 860 qui
903 799 1125 847 nondum
1171 799 1388 847 numinis
1443 799 1655 848 alicuius
1706 802 1932 862 potentia

237 877 478 922 teneatur.
545 875 652 921 vati
691 875 834 934 siqua
873 873 1015 920 fides:
1057 888 1165 920 ecce
1204 874 1343 921 venit
1383 873 1446 920 ad
1483 889 1747 934 personam
1787 876 1933 936 vatis,

239 951 281 996 si
326 949 558 1008 habetur,
607 949 701 1008 ait,
747 947 853 994 ulla
895 947 1094 994 vatibus
1134 946 1267 994 fides.
1347 948 1570 994 animum
1610 949 1653 995 si
1690 949 1820 996 veris
1859 949 1932 996 in-

238 1023 342 1084 plet
381 1022 586 1083 Apollo:
643 1023 730 1068 aut
767 1021 950 1083 Apollo
999 1037 1117 1068 vera
1162 1020 1385 1069 insinuat
1424 1021 1790 1070 consulentibus
1832 1022 1932 1070 edi-

1999 738 2012 1018 ——-————--—-⁴
1978 518 2010 722 ‘nabe—⁴3:²29<
1996 446 2009 508 q--.ss
2007 422 2014 426 Α

1958 1030 2014 1087 ml

241 1096 406 1144 cenda.
476 1112 629 1142 unum
667 1095 794 1142 illud
833 1096 942 1155 tibi,
981 1097 1097 1143 nate
1136 1094 1243 1156 dea,
1282 1111 1470 1156 proque
1511 1095 1738 1144 omnibus
1779 1113 1934 1144 unum
2003 1099 2005 1130 ⁷

239 1170 520 1232 praedicam
553 1171 602 1217 et
631 1172 857 1231 repetens
888 1170 1172 1230 iterumque
1202 1170 1483 1230 iterumque
1508 1169 1739 1218 monebo:
1777 1187 1935 1218 unum

240 1244 347 1291 dico
396 1260 485 1306 pro
534 1243 760 1292 omnibus
805 1243 899 1291 hoe
947 1245 1021 1290 est
1058 1259 1148 1304 pro
1189 1243 1445 1291 commodo
1486 1245 1706 1291 omnium
1746 1244 1932 1293 deside·
1998 1246 2001 1310 ‚'

239 1320 427 1366 riorum
457 1333 546 1365 nec
578 1318 730 1365 semel
760 1317 853 1365 hoc
883 1318 1064 1379 ipsum,
1089 1317 1174 1364 sed
1205 1318 1385 1364 iterum
1410 1333 1467 1365 ac
1492 1319 1690 1379 saepius
1714 1334 1932 1366 monens.
1996 1344 1999 1376 ς

239 1408 392 1439 unum
445 1393 632 1452 inquit,
686 1393 742 1438 ut
795 1392 845 1437 in
902 1406 1000 1438 uno
1052 1391 1332 1438 ostenderet
1376 1407 1475 1438 non
1522 1407 1783 1439 onerosum
1830 1407 1935 1441 esse
2000 1420 2003 1435 ι

241 1467 573 1528 praeceptum.
636 1466 847 1513 Iunonis
878 1479 1085 1526 m-aqnae
1106 1466 1330 1524 primum
1360 1479 1506 1524 prece
1543 1480 1725 1513 numen
1763 1467 1935 1523 adora,

240 1541 425 1588 Iunoni
471 1552 591 1588 cane
637 1542 747 1587 vota
792 1539 945 1587 libens
988 1539 1328 1599 dominamque
1357 1541 1598 1598 potentem
1635 1540 1936 1600 supplicibus
1984 1572 1985 1575 =

158 1619 244 1658 440
261 1629 442 1673 supera
493 1613 657 1669 donis‘,
710 1613 779 1661 sie
832 1614 1036 1672 denique
1088 1613 1238 1661 victor
1294 1613 1558 1661 Trinacria
1609 1614 1728 1673 finis
1781 1614 1937 1662 Italos
1975 1619 1980 1624 ’

240 1689 423 1736 mittere
460 1688 651 1735 relicta:
703 1686 845 1734 docet
882 1686 1135 1749 Vergilius
1174 1685 1377 1734 maioris
1416 1687 1670 1748 potentiae
1708 1687 1935 1736 inimicos
1981 1730 1983 1734 Α

243 1761 553 1822 obsequendo
600 1762 767 1823 potius
815 1777 966 1822 quam
1010 1761 1283 1809 resistendo
1330 1776 1473 1822 posse
1514 1762 1761 1822 superari:
1816 1778 1935 1824 qua-

242 1837 446 1897 propter
499 1835 586 1883 dat
631 1835 850 1882 Helenus
905 1834 1142 1882 mandata
1191 1837 1240 1882 et
1285 1837 1499 1897 repetita
1554 1836 1936 1885 commonitione
1968 1823 1977 1875 s

243 1910 468 1957 insinuat
503 1909 743 1957 Iunonem
780 1908 1010 1970 precibus
1050 1911 1100 1957 et
1137 1910 1267 1956 votis
1316 1923 1420 1956 esse
1467 1909 1818 1971 superandam,
1865 1911 1936 1959 sic
1971 1911 1974 1913 ’

243 1998 384 2044 posse
433 1984 548 2044 post
595 1981 819 2031 Siciliam
864 1982 1023 2030 veniri
1071 1983 1134 2030 ad
1172 1982 1396 2043 Italiam,
1444 1983 1486 2031 si
1525 1984 1809 2045 placaretur
1845 1983 1936 2032 illa

246 2072 373 2119 quae
412 2056 738 2105 Troianorum
786 2057 1056 2104 commodis
1102 2057 1176 2104 ire
1222 2056 1421 2105 obviam
1467 2060 1646 2106 nosset.
1723 2059 1816 2106 huc
1852 2058 1951 2106 ubi·

245 2131 432 2179 delatus
489 2129 749 2191 Cymaeam
811 2132 1068 2179 accesseris
1126 2131 1295 2178 urbem
1354 2131 1636 2190 divinosque
1695 2131 1833 2180 lacus
1894 2124 1962 2180 et'v

245 2202 447 2252 Averna
491 2206 721 2252 sonantia
758 2205 918 2262 silviS,
958 2206 1191 2253 insanam
1228 2208 1386 2252 vatem
1425 2207 1630 2265 aspicies
1638 2222 1654 2252 .·
1707 2207 1936 2254 insanam

246 2277 372 2326 dixit
401 2279 600 2339 plenam
631 2279 862 2326 numinis.
924 2292 1048 2338 quae
1077 2293 1200 2339 rupe
1229 2280 1319 2326 sub
1350 2280 1452 2327 ima
1482 2280 1591 2338 fata
1622 2281 1755 2328 canit
1781 2281 1936 2339 foliis-

159 2356 246 2395 445
263 2367 352 2412 que
381 2356 522 2399 notas
545 2354 589 2400 et
609 2353 810 2401 nomina
839 2352 1056 2400 mandat.
1111 2367 1434 2413 quaecumque
1454 2355 1510 2400 in
1530 2353 1663 2412 foliis
1686 2354 1949 2414 descripsit}

246 2427 467 2473 carmina
505 2427 640 2486 viryo
680 2426 856 2486 diqerit
890 2427 944 2473 in
981 2440 1239 2474 numerum
1277 2430 1419 2487 atque
1457 2430 1599 2475 antro
1635 2428 1823 2475 seclusa
1861 2439 1943 2475 re

246 2498 432 2558 linquit.
507 2500 597 2548 illa
634 2502 833 2547 manent
867 2500 1052 2548 inmota
1091 2499 1206 2549 locis
1242 2515 1396 2560 neque
1434 2501 1495 2549 ab
1534 2501 1704 2549 ordine
1749 2502 1833 2549 ced
1911 2521 1930 2540 r*
1972 2537 1976 2551 .

370 2672 391 2709 1
425 2668 544 2712 vatis
573 2667 715 2724 (infra
744 2660 858 2725 vati)
890 2668 943 2711 R.
1097 2674 1123 2712 3
1155 2671 1404 2727 iterumque
1438 2670 1581 2714 semel
1612 2671 1654 2714 R
1693 2685 1807 2715 corr.
1837 2685 1873 2715 r.
1905 2654 1919 2681 ³
1953 2674 1956 2680 ’

249 2731 277 2770 4
306 2727 471 2770 salutis
500 2726 543 2769 R
574 2740 687 2771 corr.
720 2741 754 2771 r.
897 2732 922 2770 9
954 2728 1040 2772 illa
1070 2729 1141 2772 ed.
1289 2734 1342 2773 15
1375 2735 1417 2774 et
1446 2731 1499 2773 in
1530 2729 1615 2773 LR
1645 2735 1698 2774 ut
1726 2731 1779 2773 in
1809 2745 1832 2773 r
1861 2726 1954 2775 0·ss

340 2789 393 2828 18
425 2799 569 2842 supra
599 2785 687 2828 LR
718 2799 832 2830 corr.
864 2800 901 2830 r.
945 2788 951 2843 Ι
993 2787 1128 2833 donis
1157 2787 1242 2830 LR
1273 2789 1390 2834 votis
1419 2788 1490 2832 ed.
1614 2793 1669 2832 20
1693 2789 1804 2846 poti
1836 2808 1894 2829 a·

247 2843 290 2887 R
320 2858 369 2900 p.
395 2858 533 2900 quam
563 2859 599 2888 r.
707 2849 761 2888 21
793 2847 955 2900 repetit
983 2861 1014 2890 a
1047 2846 1118 2891 ed.
1226 2852 1282 2890 22
1313 2847 1526 2892 insinuat
1555 2847 1591 2890 L
1623 2852 1728 2892 -ant
1757 2848 1799 2892 R
1829 2861 1880 2892 -a

248 2902 356 2946 edF.
510 2907 566 2947 23
589 2903 850 2959 placeretur
879 2903 967 2948 LR
1005 2919 1118 2950 corr.
1151 2921 1175 2948 r
1206 2906 1276 2950 ed.
1428 2910 1485 2950 25
1520 2906 1766 2952 Cumaeam
1803 2906 1890 2963 ed.
1940 2902 1955 2914 ’

249 2965 305 3005 26
336 2963 554 3007 insanam
572 2988 625 2994 —
645 2966 700 3006 27
731 2963 937 3007 numinis
967 2978 1055 3008 om.
1088 2964 1131 3008 R
1162 2965 1269 3008 add.
1301 2965 1351 3008 in
1382 2978 1529 3022 marg.
1561 2964 1612 3010 r'.
1777 2969 1840 3016 28,
1871 2986 1880 3004 ι
1907 2964 1931 2990 *³
1958 2994 1959 2998 =

247 3021 428 3065 scribsit
456 3020 556 3065 LR.
