2014 3226
790 199 1093 243 AENEIDOS
1126 199 1188 242 111
1732 201 1838 251 315

147 341 438 403 cognomine
493 339 658 386 rivum
721 354 933 402 agnosco
991 339 1270 400 Scaeaeque
1334 339 1605 400 amplector
1663 340 1839 387 limina

147 415 341 474 portae,
389 415 444 460 ut
484 412 763 460 ostenderet
802 413 952 460 fuisse
996 413 1197 474 quidem
1235 414 1394 460 multa
1436 430 1560 474 quae
1606 414 1837 461 similitu-

146 486 311 534 dinem
344 489 392 534 et
424 486 667 534 vocabula
707 487 928 534 locorum
968 490 1189 534 veterum
1230 487 1492 547 adferrent,
1532 502 1631 534 non
1670 490 1838 535 tamen

28 610 31 615 ,
148 560 462 608 ostenderent
500 560 909 623 magnitudinem.
981 577 1095 607 nam
1136 561 1284 608 Troia
1324 562 1503 620 fuerat,
1543 561 1629 608 sed
1667 577 1837 623 parva,

67 650 120 682 ⁴5
147 636 196 681 et
242 634 485 697 Pergama
531 634 842 682 mediocriter
888 636 1079 683 structa
1127 638 1175 682 et
1223 635 1395 682 sitiens
1443 635 1692 694 Xanthus,
1740 651 1838 683 non

146 708 230 756 ille
277 708 335 755 de
384 724 481 770 quo
530 709 627 755 alio
675 708 782 756 loco
832 702 906 774 (5,
940 702 1071 773 807)
1121 708 1303 756 dictum
1347 710 1420 757 est
1466 725 1584 769 „nec
1622 710 1836 771 reperire

145 782 278 829 viam
318 785 468 844 atque
510 782 734 830 evolvere
785 784 952 844 posset
999 782 1051 828 in
1098 799 1232 830 mare
1281 799 1330 830 se
1379 781 1649 830 Xanthus“.
1728 799 1836 830 ecce

146 856 362 904 ostendit
400 872 575 904 verum
613 856 867 904 Xanthum
907 858 1102 918 copiose
1141 856 1307 918 fluere,
1345 857 1490 904 illum
1529 872 1645 905 vero
1686 859 1835 904 simu-

144 930 304 977 latum
351 932 400 977 et
445 931 608 977 rivum
656 946 758 978 esse
806 933 855 977 et
901 930 1117 990 aridum,
1172 933 1227 977 ut
1274 931 1435 978 solum
1482 947 1682 991 nomen,
1737 948 1836 979 non

64 1021 120 1051 Διο
147 1004 298 1051 etiam
352 1020 522 1065 parem
577 1004 906 1052 substantiam
960 1005 1210 1052 retineret.
1298 1020 1384 1052 uec
1428 1019 1526 1052 uon
1573 1008 1616 1052 et
1663 1005 1837 1053 Teucri

141 1080 273 1126 socia
311 1079 459 1125 simul
497 1079 614 1126 urbe
651 1079 912 1137 fruuntur:
951 1078 1169 1138 Aenean,
1200 1079 1450 1126 Anchisen
1487 1081 1537 1126 et
1566 1078 1835 1126 Ascanium

143 1151 284 1199 duxit
345 1151 407 1198 ad
469 1152 672 1199 domum
733 1169 894 1212 suam,
957 1152 1159 1200 Troiani
1223 1154 1373 1201 ceteri
1435 1170 1522 1214 per
1580 1152 1835 1200 civitatem

140 1225 358 1287 hospitia
406 1227 701 1288 acceperunt
746 1242 804 1274 ea
849 1227 1089 1290 religione
1139 1242 1238 1288 qua
1284 1243 1382 1275 non
1428 1230 1531 1274 tam
1571 1228 1835 1290 peregrini,

142 1299 225 1348 sed
274 1315 371 1361 qua
419 1300 540 1347 socii
579 1300 736 1362 excipi
776 1300 1064 1348 debuerunt.
1141 1302 1251 1348 illos
1280 1303 1551 1360 porticibus
1589 1316 1674 1349 rex
1713 1303 1835 1349 aeci-

64 1390 117 1422 ιε
134 1374 303 1433 piebat
339 1376 393 1422 in
433 1375 635 1433 amplis:
689 1374 964 1436 accipiebat
1003 1375 1130 1422 dixit
1168 1375 1416 1436 pascebat.
1494 1375 1585 1423 hoc
1627 1374 1842 1426 verbum

142 1447 351 1509 denique
400 1451 450 1495 et
493 1448 615 1496 haec
661 1449 896 1510 loquendi
944 1450 1249 1497 consuetudo
1290 1449 1441 1496 etiam
1479 1465 1610 1497 nunc
1649 1451 1698 1496 in
1741 1465 1834 1496 usu

141 1524 230 1582 est,
263 1538 374 1569 cum
414 1525 611 1584 sumpto
652 1522 819 1584 aliquo
859 1522 1115 1570 commodo
1156 1523 1362 1570 dicimus
1403 1523 1541 1570 danti
1580 1523 1704 1570 bene
1744 1538 1834 1571 nos

142 1597 324 1657 accipis
363 1596 455 1644 hoc
494 1598 570 1644 est
606 1596 729 1644 bene
769 1613 858 1645 nos
898 1598 1050 1657 foves,
1082 1596 1206 1645 bene
1245 1612 1333 1645 nos
1372 1597 1546 1658 pascis.
1615 1599 1833 1645 ceterum

141 1668 183 1717 si
220 1685 320 1717 non
358 1670 432 1717 ita
470 1673 526 1718 ut
564 1672 783 1732 positum
823 1674 899 1720 est
936 1671 1278 1734 intellegatur,
1323 1672 1417 1718 erit
1458 1672 1657 1729 vitium,
1698 1672 1741 1719 si
1780 1670 1831 1718 in

71 1759 115 1792 20
141 1743 318 1806 amplis
364 1744 658 1806 porticibus,
705 1761 805 1793 non
850 1747 904 1793 in
952 1745 1143 1808 amplas
1186 1746 1405 1807 porticus
1446 1745 1830 1807 accipiebantur.

249 1819 457 1878 Iamque
502 1820 604 1867 dies
647 1820 860 1879 alterque
906 1820 1007 1867 dies
1044 1822 1303 1879 processit:
1365 1822 1688 1882 augmentum
1734 1818 1815 1866 be-
1834 1821 1920 1861 356

138 1892 402 1956 nignitatis
448 1893 747 1954 ostenditur,
797 1909 908 1941 cum
954 1894 1047 1941 hoc
1086 1910 1184 1941 non
1223 1896 1421 1941 tantum
1459 1909 1558 1940 una
1598 1893 1700 1955 die,
1747 1893 1832 1941 sed

139 1968 189 2014 et
227 1967 388 2014 altera
426 1967 750 2015 exhibebatur
779 1967 1068 2030 hospitium.
1133 1971 1174 2015 et
1212 1982 1368 2015 aurae
1404 1969 1511 2015 vela
1550 1970 1723 2015 vocant
1759 1970 1831 2014 tu-

139 2040 360 2100 midoque
396 2042 604 2100 inflatur
641 2043 876 2090 carbasus
908 2046 1099 2090 austro:
1136 2041 1258 2089 bene
1291 2041 1645 2104 suffragantem
1678 2042 1831 2089 etiam

35 2135 37 2138 ⁴
69 2129 114 2162 85
137 2116 343 2162 ventum
380 2114 528 2176 dixit3
579 2131 679 2163 non
718 2117 848 2164 enim
889 2116 994 2164 sola
1035 2131 1157 2163 aura
1195 2114 1506 2178 navigaturis
1546 2115 1711 2162 fuerat
1747 2130 1831 2163 ne-

138 2187 360 2237 cessaria.
437 2189 514 2237 his
550 2193 708 2238 vatem
747 2189 1008 2250 adqredior
1046 2191 1187 2238 dictis
1225 2205 1284 2237 ae
1322 2190 1443 2237 talia
1489 2204 1691 2249 quaeso:
1744 2188 1830 2236 ad-

137 2261 336 2325 gredior
375 2264 519 2325 quasi
557 2263 824 2326 superbum
862 2266 950 2324 est,
991 2279 1174 2326 quaeso
1215 2265 1381 2311 autem
1419 2263 1629 2310 humile:
1672 2279 1830 2310 unum

136 2335 236 2384 fuit
289 2336 423 2398 quod
475 2339 670 2386 veniret
723 2354 782 2386 ex
835 2337 1015 2385 fiducia
1070 2337 1192 2386 civis
1247 2339 1298 2385 et
1352 2336 1552 2398 adfinis,
1615 2337 1829 2385 alterum

137 2409 561 2472 honorificentiae,
631 2428 785 2474 quam
850 2411 1054 2460 deorum
1116 2412 1337 2478 omnium
1398 2411 1559 2459 cultor
1620 2409 1829 2459 debebat

69 2498 114 2531 ao
133 2483 394 2533 sacerdoti.
460 2485 751 2546 Troiuyena‚
789 2487 1024 2545 interpres
1064 2485 1245 2541 divum,
1276 2487 1361 2546 qui
1396 2487 1605 2534 numina
1635 2485 1827 2539 Phoebi,

137 2559 220 2617 qui
258 2559 477 2619 tripodas
520 2558 692 2615 Clarii,
738 2559 832 2608 hoc
871 2561 946 2607 est
983 2558 1256 2621 ApolliniS,
1300 2559 1488 2614 laurus,
1528 2561 1611 2618 qui
1649 2558 1813 2607 sidera
1831 2560 1919 2599 360

137 2633 311 2689 sentis,
354 2633 448 2681 hoc
494 2635 571 2681 est
617 2634 704 2696 qui
750 2633 918 2681 lauros
966 2637 1016 2681 et
1061 2632 1224 2681 sidera
1269 2634 1444 2693 sentis,
1492 2637 1535 2680 et
1577 2633 1828 2681 volucrum

256 2776 283 2816 3
314 2774 540 2828 aeferrent
569 2773 658 2818 LR
689 2788 804 2819 corr.
835 2788 859 2817 r
889 2773 961 2818 ed.
1071 2777 1103 2816 Δ’1
1135 2787 1278 2830 neque
1307 2774 1477 2818 volvere
1508 2772 1580 2818 ed.
1613 2773 1682 2830 (at
1711 2771 1760 2815 in
1785 2771 1828 2816 V

134 2831 191 2874 ut
220 2830 360 2890 Lm).
515 2837 570 2876 13
609 2847 702 2890 qua
731 2847 826 2877 mm
856 2837 950 2877 tam
980 2831 1067 2876 LR
1104 2846 1196 2889 qua
1225 2846 1321 2878 mm
1351 2831 1433 2877 edI
1468 2846 1564 2876 mm
1593 2846 1684 2888 qua
1716 2830 1826 2875 edF.

228 2894 283 2934 15
315 2890 438 2935 dixit
465 2891 554 2936 LR
584 2893 627 2937 d.
652 2893 704 2936 id
731 2897 795 2936 est
825 2891 896 2936 ed.
1020 2896 1075 2935 19
1106 2897 1160 2936 ut
1188 2892 1231 2936 si
1252 2892 1456 2949 positum
1486 2890 1574 2934 LR
1604 2903 1718 2934 corr.
1745 2889 1827 2934 ob-

135 2962 270 2994 scure
299 2949 336 2993 L
359 2949 404 2994 Π
424 2964 548 2996 man.
579 2951 622 2996 si
652 2950 742 2995 del.
774 2965 810 2994 r.
911 2955 966 2994 29
1000 2951 1156 2995 debeat
1187 2950 1258 2995 ed.
1356 2954 1409 2994 31
1442 2949 1560 2994 clari
1592 2949 1625 2992 L
1657 2950 1755 2994 clar
1784 2948 1827 2992 R

134 3007 273 3052 clarii
301 3023 336 3053 r.
373 3011 380 3066 1
422 3010 584 3055 lamus
614 3010 722 3065 LR,
753 3009 878 3054 infra
909 3010 1078 3055 lawros.
