2014 3226
776 163 855 206 ΑΕ
862 164 1080 208 NEIDOS
1112 165 1176 208 IV
1721 170 1753 217 3
1762 170 1788 219 7
1796 170 1827 220 9

135 303 324 351 dictum
370 304 437 351 sit
483 304 542 351 de
581 303 764 351 Famae
813 304 1120 364 definitione,
1167 322 1294 352 nunc
1342 305 1598 353 redeamus
1646 307 1708 352 ad
1758 324 1828 354 re-

133 377 293 439 liqua,
343 392 467 438 quae
516 378 687 425 eadem
733 378 889 425 Fama
934 395 1023 438 per
1068 378 1288 426 infinitos
1344 381 1527 440 passim
1583 380 1828 441 loquendo

134 451 421 514 pertulerat.
490 454 720 511 protinus
767 453 832 498 ad
877 466 1034 511 reqem
1084 467 1256 500 cursus
1302 454 1544 512 detorquet
1582 455 1813 502 Hiarban
1833 463 1916 501 196

132 525 435 584 incenditque
477 527 696 573 animum
743 526 882 572 dietis
931 529 1071 584 atque
1118 529 1317 586 aqqerat
1360 529 1489 575 iras:
1550 527 1592 574 si
1640 529 1829 589 poetice

87 616 109 648 5
134 601 183 646 et
229 600 303 646 ita
342 601 399 646 ut
435 601 657 660 positum
701 603 775 646 est
820 599 1191 662 intellegamus,
1237 602 1477 648 instruxit
1524 617 1635 648 eum
1675 602 1828 649 Fama

135 674 283 733 atque
322 674 423 720 iras
465 673 570 720 eius
611 672 847 736 agitavit:
889 675 1146 734 quaeritur
1183 676 1351 721 utrum
1392 690 1515 736 quas
1549 676 1732 723 fecerat
1765 692 1828 723 an

133 761 256 807 quas
290 746 422 807 apud
454 747 682 794 Hiarban
711 745 1008 794 invenerat?
1068 747 1242 794 melius
1276 751 1349 795 est
1383 748 1670 811 intellegere
1705 765 1827 810 quas

132 820 403 882 invenerat,
438 821 556 882 quia
589 820 714 868 dixit
753 823 1043 883 exaggerat:
1083 821 1280 869 facilius
1321 824 1452 869 enim
1493 822 1736 870 excitatur
1776 825 1827 869 in

131 894 442 942 iracundiam
496 894 737 942 maiorem
792 896 879 956 qui
932 896 1029 942 iam
1087 895 1238 941 habet
1285 895 1504 942 animum
1552 911 1608 942 ex
1657 897 1828 944 eadem

66 984 109 1016 ιο
134 983 282 1016 causa
329 971 643 1017 commotum.
720 968 936 1016 Hiarbas
984 968 1206 1030 quidem,
1254 971 1340 1030 qui
1386 970 1483 1016 fuit
1526 970 1577 1016 in
1618 970 1826 1018 Didonis

131 1043 375 1103 petitione
416 1045 752 1104 contemptus,
794 1058 947 1104 eoque
986 1044 1199 1090 maxime
1239 1042 1371 1104 quod
1411 1043 1689 1107 alienigena
1728 1061 1826 1092 me·

131 1115 311 1164 ruisset
353 1117 484 1177 quod
522 1118 628 1178 ipse
668 1116 921 1178 inpetrare
961 1132 1060 1163 non
1091 1117 1266 1175 valuit,
1299 1117 1472 1164 debuit
1505 1119 1664 1165 acrius
1697 1133 1826 1166 com-

130 1189 330 1237 moveri.
401 1191 445 1238 si
484 1193 623 1238 extra
660 1191 916 1252 poeticum
955 1192 1146 1238 textum
1185 1206 1478 1252 quaeramus
1517 1192 1826 1239 intellectum

32 1315 38 1318 ,
131 1265 421 1325 simplicem,
454 1279 566 1312 cum
595 1264 812 1313 Hiarbas
845 1265 1067 1312 audisset
1097 1264 1376 1312 rumoribus
1410 1266 1595 1326 sparsis
1620 1266 1823 1312 Aenean

63 1354 106 1387 15
132 1354 191 1384 ex
229 1339 516 1400 longinquis
555 1338 783 1400 partibus
822 1340 1104 1387 venientem
1144 1338 1239 1386 sibi
1278 1339 1503 1399 proximo
1537 1341 1600 1398 et,
1633 1341 1689 1386 ut
1719 1341 1823 1400 ipse

130 1411 484 1474 arbitrabatur,
508 1414 696 1474 potiori
727 1428 830 1460 esse
862 1412 1157 1475 praelatum,
1190 1413 1505 1460 vehementer
1535 1415 1698 1460 motus
1728 1415 1825 1461 est:

129 1487 183 1532 in
228 1486 306 1534 his
355 1487 487 1534 enim
533 1488 613 1535 vel
659 1488 873 1534 maxime
921 1488 1082 1534 causis
1129 1486 1442 1534 intoleranda
1489 1486 1688 1547 repulsa
1736 1488 1825 1547 est,

131 1576 258 1621 quae
296 1563 416 1608 tunc
454 1563 616 1625 magis
656 1561 890 1621 sentitur,
936 1576 1048 1608 cum
1085 1560 1372 1608 inferiorem
1411 1563 1642 1621 putamus
1683 1560 1824 1608 nobis

130 1649 235 1682 esse
267 1634 562 1696 praelatum.
617 1636 808 1683 interea
842 1634 1160 1683 ostendamus
1191 1634 1505 1696 hyperbaton
1537 1634 1669 1695 quod
1701 1633 1826 1681 dixi-

60 1724 106 1756 20
129 1723 239 1756 mus
285 1709 496 1756 factum:
559 1708 891 1770 descriptione
939 1710 1070 1756 enim
1116 1708 1299 1755 Famae
1353 1711 1472 1755 tunc
1517 1709 1680 1769 posita
1728 1724 1825 1755 una

130 1782 460 1844 descriptione
501 1783 683 1831 divisit.
746 1783 874 1831 hanc
913 1783 956 1831 si
995 1782 1272 1843 subtrahas,
1312 1781 1407 1829 erit
1444 1797 1545 1830 una
1582 1781 1825 1830 narratio:

129 1856 376 1918 extemplo
416 1856 604 1919 Libyae
644 1873 852 1921 magnas
890 1858 934 1904 it
971 1857 1126 1904 Fama
1165 1873 1253 1917 per
1291 1855 1451 1915 urbis,
1497 1857 1638 1916 sequi
1681 1855 1826 1904 debet

127 1931 357 1992 protinus
397 1930 461 1978 ad
498 1947 667 1995 regem
705 1947 903 1980 cursum
944 1930 1204 1992 detorquet
1242 1929 1483 1976 Hiarban.

241 2005 340 2052 Hic
362 2005 640 2054 Hammone
669 2010 809 2054 satus
839 2007 987 2065 rapta
1017 2004 1374 2052 Garamantide
1403 2004 1617 2064 nympha
1649 2004 1827 2063 templa

60 2094 106 2127 25
130 2078 242 2126 Iovi
279 2082 468 2126 centum
506 2081 619 2128 latis
656 2081 883 2129 inmania
920 2079 1097 2138 reynel&
1129 2081 1316 2126 eentum
1351 2091 1471 2125 aras
1494 2078 1661 2136 posuit
1691 2078 1811 2137 viyi-
1828 2081 1914 2122 200

129 2152 313 2213 lemque
357 2156 640 2202 sacraverat
684 2155 866 2215 ignem,
909 2153 1136 2202 excubias
1182 2151 1350 2199 divum
1395 2154 1640 2207 aeternas,
1677 2164 1827 2211 pecu-

129 2227 339 2286 dumque
369 2241 540 2277 cruore
560 2229 748 2288 pinque
779 2227 938 2276 solum
970 2230 1012 2274 et
1037 2227 1195 2274 variis
1217 2226 1443 2284 florentia
1467 2225 1641 2273 limina
1662 2225 1827 2272 sertis:

250 2386 276 2425 3
308 2383 544 2428 Hiarbam
575 2383 647 2428 ed.
788 2388 813 2426 6
845 2383 944 2427 iras
974 2381 1063 2425 LR
1093 2382 1214 2425 iram
1246 2380 1317 2423 ed.
1465 2384 1489 2423 9
1522 2381 1616 2423 iam
1647 2378 1688 2422 R.
1719 2392 1825 2422 cum

129 2443 304 2498 puncto
338 2441 424 2486 sub
457 2457 487 2486 a
517 2442 554 2486 L
586 2457 674 2486 om.
701 2442 773 2487 ed.
913 2445 968 2484 10
1001 2441 1080 2496 qui
1110 2439 1198 2483 LR
1229 2439 1302 2483 ed.
1335 2440 1476 2496 quia?
1619 2443 1671 2481 11
1734 2437 1826 2482 uod

128 2501 390 2559 alieniyena
422 2501 466 2546 R
496 2502 802 2560 alieniyenam
834 2500 1005 2545 omisso
1038 2499 1160 2555 quod
1190 2498 1230 2541 L
1258 2498 1329 2543 ed.
1486 2501 1540 2540 13
1572 2498 1615 2542 si
1643 2496 1679 2540 L
1758 2497 1826 2541 sic

129 2559 212 2603 edI
232 2561 308 2604 sin
332 2560 441 2606 edF.
537 2565 592 2604 16
615 2566 822 2606 mortuus
845 2559 932 2603 LR
962 2564 1109 2604 motus
1131 2572 1155 2601 r
1177 2557 1250 2602 ed.
1352 2560 1527 2600 19—20
1557 2556 1825 2613 hiperbaton

126 2633 268 2676 quam
298 2619 504 2664 diximus
533 2621 710 2675 factum
732 2618 820 2663 LR
849 2618 924 2664 vel
954 2617 1076 2675 quod
1104 2631 1129 2660 r
1158 2616 1208 2660 in
1238 2629 1386 2672 marg.
1410 2617 1516 2673 hyp.
1541 2615 1662 2671 quod
1691 2613 1763 2658 ed.

129 2681 188 2722 20
210 2678 490 2724 discribsisse
505 2679 542 2723 L
565 2679 854 2735 descripsisse
869 2677 912 2720 R
935 2677 1282 2732 descriptionem
1305 2675 1377 2720 ed.
1403 2674 1701 2730 descriptione
1724 2685 1822 2717 noa.

219 2741 395 2781 20-21
427 2743 538 2783 tune
554 2740 712 2795 posita
734 2752 834 2782 una
856 2737 1156 2792 descriptione
1179 2734 1266 2778 LR
1298 2739 1326 2778 t.
1346 2734 1544 2790 positam
1575 2746 1622 2776 u.
1648 2732 1692 2776 d.
1725 2731 1822 2776 ed.:

120 2798 239 2841 'tunc
262 2794 422 2853 pusitii
450 2811 550 2842 una
579 2798 624 2841 d.
658 2796 721 2841 ad
749 2809 910 2841 versus
941 2806 1084 2852 supra
1115 2807 1144 2838 a
1166 2793 1353 2837 Donato
1384 2806 1480 2836 una
1509 2790 1825 2847 descriptione

129 2855 405 2900 coniunctos
427 2855 638 2914 respicit.
714 2861 769 2900 21
794 2855 1066 2900 narratione
1081 2852 1182 2907 LR,
1200 2852 1284 2896 sed
1297 2851 1510 2897 narratio
1526 2863 1640 2894 corr.
1650 2849 1752 2907 ipse
1767 2849 1822 2892 R.

219 2918 277 2958 22
308 2916 509 2972 exemplo
540 2914 641 2959 LR.
692 2917 699 2970 Ι
752 2916 861 2971 post
891 2927 978 2970 per
1006 2913 1137 2957 urbis
1166 2911 1325 2956 nescio
1357 2923 1417 2954 an
1449 2914 1491 2954 et
1521 2914 1662 2976 cetera
1701 2921 1824 2952 exei-

129 2971 265 3018 derit.
389 2978 444 3018 27
476 2987 636 3020 cruore
666 2973 708 3017 R
737 2986 942 3019 cruorem
973 2971 1008 3015 L
1040 2970 1128 3025 ed„
1161 2970 1244 3014 sed
1275 2983 1433 3014 cruore
1464 2966 1738 3024 exphcatur.
