2014 3226
127 1124 181 1162 25

125 1790 182 1828 30

215 167 287 219 42
292 167 324 219 8
686 167 919 212 DONATI
949 167 1229 212 INTERPR.
1263 167 1441 213 VERG.

219 324 367 369 quam
415 325 513 356 non
553 309 774 355 valemus
816 309 1052 355 evincere.
1133 310 1183 354 et
1223 309 1485 355 consilium
1524 307 1660 355 dedit
1699 312 1748 356 et
1788 308 1912 357 dixit

217 382 559 428 admirandam
601 383 912 442 sententiam,
948 384 1006 428 ut
1044 381 1096 428 in
1136 381 1279 428 rebus
1321 381 1540 444 agendis,
1574 383 1615 428 si
1646 383 1805 430 maior
1836 383 1911 431 vis

216 457 530 515 interveniat,
563 456 688 502 hanc
722 455 1070 503 consentiendo
1103 457 1269 516 potius
1304 471 1452 516 quam
1484 455 1772 504 reluctando
1804 458 1911 503 vin-
1988 519 1989 522 Ἴ

217 545 405 576 camus:
445 530 536 576 hoc
571 532 643 576 est
678 529 808 590 quod
834 530 987 576 etiam
1011 529 1270 576 Terentius
1305 523 1480 595 (Andr.
1503 532 1549 589 2,
1571 531 1616 590 1,
1637 523 1692 596 5)
1721 535 1912 578 monet:

217 602 492 664 „quando“,
523 604 704 664 inquit,
736 618 864 663 „non
895 605 1062 664 potest
1093 602 1200 649 fieri
1233 603 1365 664 quod
1395 604 1487 663 vis,
1526 603 1579 650 id
1618 605 1741 652 velis
1781 605 1913 666 quod
1963 600 1988 617 ³*

216 675 415 737 possit“.
497 677 617 737 quid
663 692 778 739 ergo
834 678 887 722 in
941 678 1194 738 praesenti
1252 692 1400 724 causa
1455 677 1562 723 fieri
1618 676 1914 726 conveniat?
1962 662 1972 702 ἶ

216 765 403 809 quaque
443 754 579 798 vocat
615 754 862 797 vertamus
900 752 1013 797 iter:
1061 766 1340 813 pergamus,
1380 752 1559 812 inquit,
1599 767 1700 812 qua
1738 767 1911 813 possu—

215 839 341 883 mus,
383 825 499 885 quia
542 841 638 885 quo
678 825 908 872 volumus
950 840 1048 871 non
1088 825 1218 871 licet.
1283 839 1391 872 ecce
1434 824 1664 872 effectum
1703 826 1912 886 consilii,

217 914 363 959 quem
404 913 545 945 casus
586 898 818 961 ostendit,
857 898 1215 959 persuadenter
1253 900 1515 959 monstrat,
1554 901 1612 945 ut
1652 903 1914 960 appareret
1960 900 1971 914 “

214 971 607 1033 inpedimentum
639 973 869 1019 fortunae
903 988 1000 1020 non
1033 973 1154 1020 satis
1189 988 1291 1020 esse
1325 974 1650 1020 contrarium:
1684 974 1757 1020 ait
1781 973 1914 1020 enim
1951 1010 1955 1018 .
1982 1003 1985 1009 ι

214 1060 300 1092 nec
330 1046 474 1093 litora
505 1046 643 1106 lonyc
672 1047 779 1105 fida
808 1061 919 1093 reor
948 1048 1174 1106 fraterna
1199 1047 1378 1107 Erycis
1400 1050 1667 1106 portusque
1693 1046 1911 1102 Sicanos,
1983 1048 1985 1051 ’

214 1122 257 1166 3ιῖ-
302 1120 441 1167 modo
488 1121 578 1167 rite
623 1135 803 1168 memor
850 1124 1046 1168 servata
1091 1122 1313 1168 remetior
1360 1124 1510 1168 astra.
1587 1121 1698 1168 ideo
1747 1123 1819 1168 ait
1871 1122 1912 1169 si

214 1209 403 1241 memor
443 1210 566 1253 sum,
601 1195 836 1255 quoniam
874 1195 984 1256 ipsa
1023 1197 1166 1255 parte
1204 1196 1523 1255 transierant,
1557 1211 1667 1242 cum
1700 1195 1764 1242 ad
1796 1194 1911 1242 Gar·
1967 1231 1972 1236 .

214 1268 435 1330 thaginis
475 1268 629 1315 litora
667 1269 931 1331 naufiagio
963 1268 1295 1316 truderentur.
1355 1269 1531 1330 Erycis
1563 1284 1911 1316 commemora·

214 1343 403 1389 tionem
435 1342 567 1402 fecit,
594 1342 679 1403 qui
712 1345 826 1389 ante
851 1342 1064 1390 Acesten
1090 1341 1313 1390 Siciliam
1344 1343 1520 1390 tenuit.
1575 1343 1705 1391 hunc
1738 1343 1913 1390 volunt
1976 1395 1978 1397 ,

212 1418 438 1463 veterum
477 1415 676 1463 fabulae
708 1415 905 1463 Aeneae
945 1417 1097 1464 fuisse
1133 1432 1439 1479 germanum,
1472 1419 1528 1463 ut
1561 1433 1911 1464 commemora·

214 1491 350 1537 tione
388 1490 637 1537 fraternae
674 1491 942 1538 memoriae
975 1506 1132 1551 aequo
1166 1492 1333 1538 animo
1364 1490 1558 1538 Aeneas
1592 1491 1744 1538 ferret
1774 1491 1911 1539 illius
1964 1490 1983 1534 «τ’

216 1563 554 1627 navigationis
588 1566 832 1611 eventum.
885 1567 987 1611 {um
1009 1566 1129 1624 pius
1153 1562 1348 1612 Aeneas
1381 1565 1597 1624 equ-idem
1627 1567 1697 1613 s‘ic
1715 1579 1913 1625 poscere
1981 1569 1991 1632 23

214 1641 377 1685 ventos
416 1638 707 1685 iamdudum
747 1641 790 1686 et
826 1639 1018 1697 frustra
1057 1653 1197 1687 cerno
1237 1641 1279 1686 te
1319 1639 1508 1686 tendere
1540 1643 1719 1686 contra.
1780 1640 1912 1698 flecte
1981 1661 1992 1675 ·-

213 1713 346 1759 viam
391 1713 521 1759 velis.
601 1727 668 1759 an
712 1714 779 1760 sit
821 1713 942 1760 mihi
985 1714 1174 1772 oratioe*
1218 1712 1323 1760 ulla
1369 1727 1518 1771 quove
1559 1715 1715 1773 mayis
1753 1714 1911 1772 fessas
1940 1734 1976 1767 t„

215 1789 370 1845 optem
409 1787 651 1833 demittere
687 1787 855 1842 navis,
902 1802 1050 1847 quam
1096 1801 1220 1846 quae
1257 1787 1579 1835 Dardanium
1618 1788 1755 1835 tellus
1793 1788 1912 1835 mihi
1973 1813 1982 1844 ,·

212 1862 376 1907 servat
403 1857 609 1908 Acesten
649 1863 692 1907 et
719 1861 886 1919 patris
916 1858 1160 1908 Anchisae
1195 1862 1378 1920 yremzo
1417 1862 1726 1921 conplectitur
1764 1861 1912 1908 ossa?
1974 1871 1982 1887 ”

215 1935 322 1994 ipse
356 1949 568 1995 quoque,
593 1935 773 1995 inquit,
799 1933 901 1982 vidi
934 1950 1060 1996 quae
1092 1934 1332 1996 loqueris:
1364 1937 1670 1997 quapropter
1699 1935 1751 1982 in
1776 1936 1909 1982 viam
1975 1986 1978 1989 Δ

215 2023 341 2068 quae
380 2007 529 2055 datur
565 2008 680 2056 vela
718 2010 1041 2057 converteet
1078 2008 1279 2056 flatibus
1319 2008 1467 2071 plena
1506 2010 1763 2057 voluntate
1795 2024 1909 2057 con·
1963 2010 1980 2047 J

214 2081 362 2128 senti:
402 2097 493 2129 nec
530 2083 637 2143 ipse
676 2081 888 2143 inprobo
930 2082 1064 2143 quod
1102 2082 1234 2130 inter
1271 2084 1382 2144 ipsa
1421 2083 1670 2130 contraria
1707 2083 1910 2130 fortuna

212 2156 487 2216 prospexit,
535 2157 593 2202 ut
639 2155 702 2203 ad
748 2157 911 2217 ipsam
957 2158 1143 2203 terram
1189 2156 1538 2218 inprudentem
1583 2157 1736 2204 ferret
1782 2172 1908 2218 quae
1956 2151 1986 2203 ..ί

212 2228 425 2276 Acesten
463 2229 589 2276 mihi
627 2231 795 2278 servat
831 2230 1130 2278 incolumem
1170 2233 1220 2277 et
1259 2246 1346 2278 suo
1387 2232 1577 2293 gremio
1615 2231 1716 2278 mei
1749 2231 1908 2292 patris
1950 2251 1986 2295 3·

213 2317 326 2350 ossa
372 2302 714 2364 conplectitur.
790 2303 930 2351 nulla
975 2304 1099 2351 mihi
1147 2306 1221 2352 est
1260 2304 1421 2352 carior
1460 2321 1610 2366 quam
1646 2304 1734 2352 ubi
1772 2319 1906 2352 amo·
1953 2335 1959 2348 2

211 2392 314 2423 rem
353 2375 567 2424 viventis
606 2376 763 2425 habeo
797 2379 847 2425 et
875 2378 1199 2425 reverendam
1229 2379 1520 2427 memoriam
1550 2379 1723 2440 patris.
1785 2378 1906 2427 duos

213 2449 505 2498 admiranda
558 2450 846 2499 inventione
903 2451 1165 2514 praetulit,
1218 2451 1432 2500 Acesten
1484 2452 1803 2500 liberalitatis
1857 2453 1908 2500 et
1962 2449 1974 2465 ”

211 2522 419 2586 originis
458 2538 609 2572 causa
649 2526 699 2572 et
737 2525 987 2572 tumulum
1024 2527 1197 2587 patris.
1260 2542 1372 2574 cum
1409 2525 1551 2587 hanc,
1590 2527 1770 2587 inquit,
1807 2528 1904 2574 ter·
1958 2531 1977 2579 ’ῖ

209 2612 318 2644 ram
370 2599 606 2660 tetigero,
662 2597 758 2646 erit
810 2598 936 2659 mihi
989 2598 1255 2648 admodum
1310 2600 1663 2664 gratulandum
1710 2601 1780 2648 sic
1826 2615 1905 2648 me
1943 2585 1979 2637 ῗῖΓ

332 2743 355 2780 1
389 2752 482 2795 qua
512 2751 606 2782 non
637 2737 724 2781 LR
755 2752 869 2782 corr.
895 2753 930 2782 r.
1056 2745 1080 2783 6
1113 2740 1226 2796 quid
1256 2740 1344 2783 LR
1374 2740 1496 2796 quod
1526 2740 1598 2784 ed.
1626 2742 1632 2796 Ι
1667 2739 1906 2784 conveniat
1939 2720 1942 2722 v

210 2796 298 2840 LR
335 2796 448 2841 dicit
488 2797 594 2840 add.
622 2797 693 2840 ed.
727 2799 1046 2842 conveniebat?
1170 2804 1193 2842 7
1235 2813 1412 2855 quaque
1450 2798 1538 2842 LR
1575 2813 1748 2856 quoque
1786 2799 1856 2844 ed.
1892 2809 1935 2856 ΙᾸ.

210 2863 302 2912 qua‘
336 2869 579 2912 possumus
609 2855 695 2899 LR
734 2870 821 2912 quo
846 2871 895 2913 p.
929 2857 1001 2901 ed.
1124 2861 1151 2901 8
1184 2871 1271 2915 quo
1302 2859 1498 2902 volemus
1527 2857 1564 2900 L
1602 2858 1834 2914 quolemws
1860 2856 1905 2901 Β
1941 2898 1946 2899 ⁷
1973 2862 1977 2865 ’

210 2927 326 2958 corr.
352 2915 424 2959 ed.
520 2920 574 2958 13
606 2915 711 2971 ipsa
741 2920 871 2971 parte
902 2915 990 2959 LR
1020 2930 1074 2960 ea
1104 2916 1176 2960 ed.
1271 2921 1327 2961 18
1350 2917 1463 2974 pius
1485 2916 1574 2960 LR
1596 2921 1733 2973 pater
1763 2915 1806 2960 U
1829 2914 1901 2962 ed.
1947 2947 1949 2954 ι
1983 2949 1989 2962 ,η

300 2978 354 3017 21
387 2974 613 3019 dimittere
643 2973 715 3018 ed.
839 2978 894 3018 32
927 2975 1173 3019 admodum
1203 2974 1291 3019 LR
1321 2977 1490 3020 mirum
1520 2991 1562 3020 a.
1597 2975 1682 3020 ed(
