2014 3226
191 173 300 224 254
658 172 890 216 DONATI
921 172 1201 215 INTERPR.
1234 172 1412 216 VERG.

191 314 351 360 furori
391 311 672 360 consentis?
738 312 859 374 quid
890 312 984 359 tibi
1016 312 1199 360 doloris
1233 313 1453 360 eiusdem
1483 312 1624 362 labor
1654 312 1882 360 inefficax

191 389 503 449 quaesiturus
546 384 652 433 est‘?
718 386 850 447 quod
889 385 1027 434 vides
1067 386 1270 433 deorum
1310 387 1568 434 voluntate
1607 388 1882 448 perfectum

191 464 276 510 est.
356 461 500 507 debes
541 476 725 521 aequus
765 461 891 507 serre
935 460 1067 521 quod
1105 461 1266 507 maior
1303 464 1525 522 potestas
1564 461 1767 521 inflixit,
1806 462 1879 508 to-
1989 423 1993 478 1

188 536 346 582 lerare
388 536 509 596 quin
551 534 703 581 etiam
743 534 874 594 quod
913 549 1012 581 non
1050 537 1216 595 potest
1256 536 1499 595 superari:
1540 535 1674 582 mala
1714 534 1881 582 omnia
1988 480 1993 588 1

188 609 388 656 ferendo
420 610 588 669 potius
622 624 772 669 quam
803 608 1076 656 resistendo
1109 609 1388 655 vincuntur.
1445 610 1677 671 coniugio
1709 610 1879 656 nostro
1926 629 1947 664 η
1988 590 1993 690 1

187 683 333 729 finem
374 682 548 730 attulit
585 683 826 743 profectio
866 684 976 743 tua,
1026 683 1208 743 quippe
1248 682 1300 729 id
1339 684 1531 744 superis
1570 683 1784 744 placuit,
1823 683 1880 730 ut

187 758 265 803 hic
312 757 614 817 relinqueres
663 758 923 819 coniugem
969 759 1019 803 et
1066 756 1290 804 abiturus
1336 758 1390 803 in
1438 757 1538 803 alia
1577 773 1676 804 non
1715 759 1880 804 tecum
1987 700 1993 821 1

100 835 183 874 780
201 833 425 893 portares
466 846 681 877 uxorem.
742 832 886 889 {onya
925 831 1011 878 tibi
1043 831 1189 878 exilia
1221 834 1265 878 et
1293 834 1486 878 vastum
1515 833 1669 878 maris
1701 845 1880 890 aequor

187 905 432 953 araozdum
480 908 520 951 et
567 908 749 951 terram
795 905 1090 964 Hesperiam
1143 906 1326 960 venies,
1380 906 1465 952 ubi
1508 905 1703 965 Lydius
1756 919 1880 952 arva

184 982 309 1027 mter
348 981 509 1037 opima
548 981 710 1025 virum
749 980 845 1026 leni
884 980 994 1037 fluit
1031 980 1223 1038 aymine
1265 979 1496 1039 Thybris:
1552 979 1615 1026 ad
1658 979 1877 1026 consola·
1904 1000 1948 1032 10

183 1056 371 1101 tionem
403 1053 731 1114 multiplicem
771 1054 989 1115 pertinet
1029 1053 1161 1114 quod
1200 1054 1336 1100 canit
1373 1054 1544 1100 futura
1583 1055 1632 1100 et
1670 1054 1880 1100 ventura

184 1129 498 1189 pronuntiat3
561 1128 654 1175 hoc
702 1129 835 1174 enim
881 1142 1059 1191 genere
1105 1127 1207 1174 iam
1252 1127 1435 1188 probat
1482 1126 1544 1174 ad
1584 1126 1788 1174 deorum
1827 1142 1878 1174 se

185 1202 422 1262 obsequia
462 1217 566 1249 esse
598 1201 911 1249 translatam.
974 1216 1116 1249 nosse
1151 1201 1333 1263 quippe
1366 1201 1536 1248 divina
1567 1216 1666 1248 non
1697 1203 1878 1262 posset,

183 1278 280 1323 nisi
325 1276 468 1322 illam
514 1275 585 1322 dii
630 1276 684 1322 in
740 1275 991 1322 adfectum
1044 1276 1303 1336 proprium
1356 1276 1669 1337 recepissent.
1747 1274 1878 1336 quod

182 1366 298 1398 vero
345 1351 551 1397 instruit
598 1351 835 1397 maritum
882 1352 931 1396 et
975 1365 1184 1412 gnarum
1225 1350 1447 1397 omnium
1485 1350 1608 1397 facit
1647 1364 1705 1396 ac
1743 1349 1878 1396 laeta
1902 1370 1946 1403 15
1987 1338 1991 1429 1

183 1426 351 1471 omnia
407 1424 638 1485 spondet,
702 1423 945 1470 evidentis
1009 1422 1360 1471 consolationis
1416 1425 1737 1506 augmentum
1789 1425 1875 1470 0313.

184 1499 317 1559 quod
359 1499 432 1545 ait
471 1498 621 1560 longa
658 1497 755 1544 tibi
794 1498 947 1544 exilia
986 1500 1035 1544 et
1074 1500 1271 1545 vastum
1309 1498 1462 1545 maris
1503 1512 1687 1558 aequor
1734 1512 1876 1543 aran-

182 1572 299 1619 dum
339 1574 390 1620 et
427 1575 614 1620 terram
645 1570 949 1632 Hesperiam
996 1573 1187 1631 venies,
1234 1571 1318 1618 ubi
1357 1570 1548 1633 Lydius
1588 1586 1710 1619 arva
1747 1572 1879 1618 1111301·
1960 1586 1989 1634 ‚3

182 1647 348 1708 opima
395 1647 558 1694 virum
605 1646 708 1693 leni
753 1645 864 1692 fluit
913 1646 1110 1709 agmine
1158 1645 1394 1707 Thybris,
1449 1645 1573 1692 dura
1626 1645 1875 1706 prosperis

180 1715 368 1768 miscet.
447 1721 543 1767 erit
595 1720 711 1780 tibi,
765 1719 953 1780 inquit,
1006 1719 1327 1781 perveniendi
1377 1719 1440 1767 ad
1486 1719 1689 1767 Italiam
1735 1718 1878 1766 labor
1900 1735 1971 1773 ,οι

181 1795 431 1842 inmensus
472 1796 523 1842 et
560 1795 728 1857 pelagi
765 1793 962 1855 prolixa
999 1795 1328 1854 transmissio,
1369 1793 1454 1842 sed
1491 1793 1743 1849 laboribus
1774 1794 1874 1840 tuis
1964 1796 1978 1854 '—⁴

180 1869 315 1916 laeta
368 1868 651 1925 succedent,
703 1870 838 1916 terra
890 1869 1072 1916 fertilis
1128 1871 1178 1916 et
1225 1867 1492 1929 Thybridis
1538 1868 1717 1930 gratia.
1794 1866 1875 1914 de-

182 1942 354 1990 scribit
408 1944 457 1989 et
509 1942 691 1989 fiumen
744 1944 905 2003 ipsum
960 1958 1072 1990 cum
1118 1942 1264 1990 laude
1310 1942 1601 2003 plenissima
1647 1942 1698 1988 et
1744 1941 1875 2002 quod
2000 2004 2001 2007 Ἰ

180 2032 281 2064 11011
333 2018 563 2078 noverat,
620 2017 764 2078 quasi
817 2019 1005 2079 nosset,
1063 2015 1294 2064 adfirmat
1344 2015 1550 2063 edocens
1597 2015 1723 2062 nihil
1770 2030 1873 2062 0330
1967 2019 1969 2037 ³

181 2090 313 2152 quod
353 2106 555 2151 superos
588 2090 747 2138 lateat
777 2091 859 2138 vel
890 2105 970 2138 eos
1003 2091 1092 2152 qui
1125 2105 1240 2137 cum
1271 2091 1462 2151 superis
1495 2091 1871 2137 commorentur.
1896 2109 1941 2143 25
1952 2088 1977 2144 ᾶ-

179 2164 288 2212 laus
334 2165 526 2212 interea
564 2164 782 2212 fluminis
821 2165 913 2212 1113
953 2167 1049 2225 est,
1091 2164 1222 2226 quod
1262 2163 1511 2225 copiosus,
1560 2163 1693 2224 quod
1730 2162 1872 2223 lenis,

182 2237 313 2299 quod
352 2238 404 2284 in
442 2239 552 2300 ipso
593 2254 838 2300 aquarum
874 2237 1176 2286 redundanti
1213 2239 1379 2286 tractu
1416 2253 1506 2299 per
1545 2252 1690 2300 agros
1729 2237 1872 2284 uber·
1963 2294 1978 2302 ,⁷

178 2312 271 2359 tim
309 2311 464 2360 fluens
502 2311 629 2359 1111111
667 2312 847 2360 laedat.
914 2313 1016 2360 illic
1045 2327 1123 2360 res
1155 2313 1308 2360 laetae
1337 2326 1632 2372 myrtumque
1664 2313 1708 2358 et
1736 2312 1872 2370 reyia
1958 2325 1981 2378 ,¹

180 2388 389 2434 coniwnoe
419 2389 572 2445 parta
610 2386 718 2434 tibi:
755 2386 876 2448 illic,
914 2386 1095 2448 inquit,
1134 2387 1316 2434 amissa
1354 2386 1547 2447 repetes
1588 2386 1638 2431 013
1674 2384 1872 2446 perdita

298 2515 324 2555 3
356 2525 527 2568 aequus
557 2511 645 2554 LR
675 2513 867 2568 aequius
895 2527 920 2556 1·
950 2526 1092 2568 aequo
1123 2513 1280 2556 animo
1311 2511 1382 2555 ed.
1416 2511 1516 2567 (sed
1540 2510 1598 2554 cf.
1616 2510 1725 2554 Hor.
1752 2523 1789 2553 c.
1806 2509 1871 2552 111

178 2575 249 2625 29,
275 2573 361 2628 33).
454 2575 483 2614 4
506 2584 724 2626 superare
746 2586 788 2615 r:
815 2577 944 2627 potes
965 2586 999 2616 s.
1024 2570 1227 2615 voluisse
1250 2570 1448 2615 videtur.
1542 2574 1566 2613 7
1593 2570 1736 2614 aliam
1758 2569 1807 2612 L.

178 2634 204 2673 9
237 2635 279 2675 et
308 2635 476 2675 terram
507 2631 573 2686 (et
602 2629 743 2686 infra)
774 2630 872 2674 LR
893 2632 955 2675 ad
985 2635 1014 2674 t.
1049 2631 1120 2675 ed.
1271 2634 1325 2674 11
1359 2630 1575 2674 canitura
1605 2633 1647 2673 et
1675 2633 1870 2673 ventwra

177 2688 266 2732 LR
302 2689 511 2734 caritura
549 2690 590 2732 ei
619 2703 658 2733 v.
699 2689 791 2745 (vel
821 2703 870 2734 eo
899 2689 951 2733 in
983 2691 1150 2746 marg.)
1188 2687 1231 2732 r‘
1273 2691 1401 2734 canit
1434 2689 1602 2743 futura
1640 2692 1680 2732 et
1709 2702 1750 2732 v.
1782 2700 1868 2732 nos

178 2762 266 2792 om.
293 2748 363 2792 ed.
473 2752 527 2791 12
553 2750 861 2804 praenwntiat
888 2763 914 2792 r
943 2749 1014 2794 ed..
1048 2750 1170 2805 opst.
1262 2752 1316 2792 15
1349 2748 1545 2792 inseruit
1573 2747 1660 2790 LR
1691 2746 1763 2791 ed.
1795 2747 1868 2790 in-

175 2807 314 2852 struit
334 2807 378 2850 R
399 2806 474 2850 vel
497 2821 520 2849 r
543 2807 614 2850 ed.
640 2809 761 2863 post.
857 2812 912 2851 16
943 2809 1130 2864 spondit
1158 2807 1246 2851 LR
1269 2807 1501 2864 promittit
1531 2806 1602 2850 ed.
1696 2810 1754 2849 24
1785 2805 1867 2849 ad-

175 2867 322 2921 firmet
350 2866 404 2910 R.
524 2870 580 2909 25
611 2867 819 2922 superbis
849 2866 936 2909 LR
965 2867 1143 2924 superis
1171 2881 1195 2910 r
1223 2867 1296 2911 his
1327 2865 1397 2910 ed.
1513 2869 1570 2909 28
1599 2879 1678 2922 req
1706 2864 1744 2908 L
1775 2877 1864 2908 om.

177 2939 282 2969 cum
314 2924 467 2982 spatio
499 2925 548 3028 Rb
570 2939 844 3029 νερπᾶιηιᾳαε
875 2926 946 2970 ed.
1113 2930 1168 2970 29
1201 2926 1431 2982 repetisset
1459 2923 1546 2967 LR
1575 2929 1743 2981 repetes
1772 2929 1814 2967 et
1843 2937 1867 2992 1·

176 2997 266 3028 0111.
299 2986 347 3028 013
378 2998 432 3029 ac
461 2998 516 3028 su
552 2986 596 3028 st
641 2997 666 3028 0
