2014 3226
760 147 1063 192 AENEmos
1095 149 1114 192 1
1678 155 1780 206 143

93 293 217 352 gunt
254 287 447 347 Musae,
495 286 676 348 quibus
723 286 1034 336 tradentibus
1081 291 1132 335 in
1179 305 1296 338 usus
1335 291 1590 338 hominum
1631 295 1780 354 venit,

92 363 211 410 haec
257 363 309 408 in
358 361 600 424 agonibus
647 361 739 408 hoc
787 365 860 408 est
909 364 1060 409 sacris
1101 364 1453 413 certaminibus
1495 369 1779 414 coronatur:

31 469 44 487 a
94 451 201 484 ecce
242 450 321 482 ars
361 435 584 494 honesta,
624 435 907 483 convivium
942 451 1137 497 quoque
1170 454 1267 485 non
1300 438 1550 487 dissimile.
1616 440 1778 487 videa-

91 525 200 558 mus
242 509 412 570 qualia
451 509 682 557 canebat:
722 509 896 564 docuit,
929 511 1108 571 inquit,
1141 527 1278 570 quem
1310 515 1554 561 mai-imus
1584 512 1778 570 Atlans,

48 601 66 634 ε
90 584 182 631 hoc
221 585 295 630 est
332 598 430 630 non
477 583 646 644 turpia
693 585 782 630 aut
829 582 1060 646 obscena,
1113 585 1193 632 sed
1235 588 1487 634 venientia
1526 603 1582 634 ex
1620 588 1779 650 philo-

24 650 30 655 ’
91 657 292 718 sophiae
326 657 478 717 fonte,
511 672 640 718 quae
681 656 917 704 docuerat
947 657 1127 705 Atlans
1167 661 1428 721 maximus,
1466 661 1640 722 plenus
1680 664 1778 710 vir-

90 734 258 778 tutum
305 745 451 778 verae
499 730 856 792 philosophiae.
938 731 1119 779 dicitur
1165 734 1266 780 iam
1315 734 1436 795 quid
1475 735 1652 783 Atlans
1700 736 1777 783 vel

91 806 290 866 scripsit
328 804 408 851 vel
448 804 636 852 docuit:
676 808 918 853 errantem
956 806 1125 853 lunam
1164 808 1369 866 solisque
1409 810 1608 864 labores,
1650 812 1778 857 trac-

88 880 240 940 tavit,
278 879 464 940 inquit,
506 893 676 926 cursus
717 878 835 926 solis
876 882 925 926 et
963 879 1132 939 lunae,
1180 883 1308 929 «unde
1344 883 1594 930 hominum
1626 898 1778 944 yenus

12 969 66 1013 ,ao
90 956 132 1000 et
149 953 375 1013 pecudes,
400 951 530 1000 unde
553 953 705 1000 imber
730 956 773 1000 et
793 955 942 1014 iynes,
967 952 1236 1002 Arcturum
1251 956 1544 1017 pluviasque
1567 958 1779 1019 Hyadas

12 1039 15 1087 j
83 1028 390 1087 yeminosque
432 1026 655 1082 Trione&
704 1028 822 1086 quid
860 1026 1051 1075 tantum
1090 1042 1263 1076 oceano
1293 1035 1556 1089 properent
1584 1046 1634 1079 se
1671 1034 1760 1079 tin-
1783 1034 1868 1074 745

16 1099 23 1142 .’
83 1115 229 1161 quere
274 1101 395 1149 soles
445 1101 634 1149 hiberni
678 1101 753 1148 vel
799 1116 922 1161 quae
967 1103 1124 1150 tardis
1168 1117 1306 1150 mora
1351 1105 1567 1152 noctibus
1613 1106 1778 1154 obstet:

16 1213 19 1218 .
88 1190 214 1236 quae
261 1174 347 1222 ille
394 1174 454 1222 de
493 1191 658 1222 rerum
697 1177 879 1222 natura
917 1177 1228 1238 pertractans
1268 1177 1436 1225 docuit
1473 1178 1592 1226 haec
1630 1179 1778 1241 Iopas

12 1243 19 1260 ²
88 1250 137 1296 et
182 1263 301 1296 voce
350 1251 400 1296 et
444 1249 756 1297 iucunditate
796 1250 1016 1297 citharae
1062 1250 1384 1313 personabat,
1433 1248 1622 1300 scilicet
1671 1269 1775 1300 cur-

0 1319 63 1386 ιζᾌῡ
87 1322 222 1371 sibus
270 1323 388 1371 solis
437 1325 487 1371 et
533 1323 680 1371 lunae
727 1325 859 1371 stare
909 1324 1167 1372 hominum
1222 1341 1374 1388 genus
1431 1329 1480 1373 et
1532 1342 1778 1389 pecorum,

12 1398 22 1454 ἲ
85 1398 327 1445 tractavit
366 1400 416 1444 et
456 1397 702 1459 quomodo
742 1397 924 1446 imbres
966 1400 1194 1460 existant,
1233 1399 1362 1447 unde
1403 1401 1778 1448 committantur

86 1470 300 1534 fulgura,
340 1471 472 1518 unde
513 1470 731 1519 siderum
769 1471 1011 1520 transitus
1051 1472 1139 1520 fiat
1179 1473 1257 1521 vel
1298 1473 1478 1536 quibus
1519 1490 1576 1520 ex
1617 1475 1777 1523 causis

19 1553 29 1575 ’ἐ
85 1545 137 1591 in
168 1545 465 1593 brevitatem
497 1548 588 1593 aut
613 1545 980 1610 longitudinem
1005 1550 1371 1595 commutentur
1394 1547 1497 1595 dies
1523 1551 1571 1596 et
1595 1551 1776 1611 noctes,

22 1618 29 1646 ⁸
87 1634 214 1680 quae
254 1619 421 1667 omnia
460 1619 524 1666 ad
562 1636 728 1667 rerum
767 1622 999 1668 naturam
1037 1623 1291 1683 pertinent
1330 1625 1378 1670 et
1409 1621 1504 1669 nisi
1537 1637 1566 1670 a
1599 1622 1776 1671 doctis-

0 1702 63 1749 no
85 1694 222 1742 simis
254 1693 461 1742 tractari
493 1709 591 1742 non
624 1696 844 1756 possunt.
907 1697 1210 1756 iwyeminant
1230 1697 1419 1756 plausu
1445 1696 1583 1756 Tyrii
1610 1697 1777 1744 Troes-

17 1772 28 1836 }
85 1782 175 1826 que
203 1771 496 1828 sequwntur:
534 1769 696 1830 primo
729 1768 856 1816 dixit
889 1769 1065 1831 Tyrios
1096 1770 1331 1831 plausum
1363 1770 1566 1831 dedisse,
1600 1770 1778 1818 deinde

86 1841 347 1903 Troianos,
402 1844 677 1891 nescientes
717 1843 850 1891 enim
889 1844 1294 1892 consuetudinem
1332 1844 1533 1907 reginae
1573 1844 1777 1892 Troiani

84 1915 212 1963 nihil
250 1914 526 1964 debuerant
562 1916 753 1979 priores
793 1916 1008 1979 efficere,
1044 1933 1105 1965 ne
1144 1917 1196 1965 in
1237 1917 1404 1980 aliquo
1445 1917 1776 1980 displicerent,

37 2043 41 2046 ‚
85 1991 225 2052 sequi
263 1992 431 2038 tamen
471 2005 553 2039 eos
593 1992 684 2053 qui
722 2006 781 2038 ex
818 2007 954 2040 more
993 1992 1242 2040 faciebant
1287 2008 1388 2041 non
1425 1991 1522 2039 fuit
1566 1995 1776 2039 temera-

41 2079 62 2113 5
84 2065 228 2111 rium.
306 2065 531 2113 universi
567 2065 762 2114 interea
799 2064 852 2112 in
890 2066 968 2114 his
1008 2065 1351 2128 voluptatibus
1390 2066 1589 2113 fuerant
1636 2081 1775 2114 occu—

82 2139 207 2200 pati,
245 2137 337 2187 hoc
377 2142 452 2187 est
490 2139 760 2200 cantando,
801 2139 1070 2204 audiendo,
1108 2139 1393 2203 plaudendo
1431 2140 1511 2188 vel
1550 2139 1779 2200 bibendo,

83 2213 258 2276 regina
298 2215 465 2261 autem
502 2229 602 2262 non
642 2228 789 2278 aegre
826 2214 1113 2276 patiebatur
1150 2217 1345 2263 noctem
1390 2213 1467 2262 his
1515 2212 1775 2277 generibus

83 2285 231 2347 trahi,
269 2286 354 2335 sed
392 2288 505 2350 ipsa
543 2303 739 2351 quoque
778 2303 1031 2346 morarum
1063 2302 1236 2338 causas
1266 2288 1566 2351 requirebat,
1598 2286 1778 2350 quibus

61 2359 135 2406 in
182 2359 388 2425 longum
433 2360 634 2424 vigilias
674 2361 897 2425 duceret3
953 2363 1067 2411 aliis
1107 2363 1240 2410 enim
1277 2361 1565 2427 potantibus
1603 2362 1775 2410 vinum

45 2486 53 2491 ,
83 2434 195 2496 ipsa
225 2449 443 2483 amorem
473 2435 689 2484 bibebat.
749 2435 935 2484 idcirco
975 2438 1049 2485 ait
1085 2451 1172 2486 nec
1208 2451 1308 2486 non
1346 2439 1389 2485 et
1424 2437 1563 2485 vario
1593 2438 1778 2484 noctem

83 2521 298 2556 sermone
342 2509 563 2558 trahebat
606 2510 780 2570 infelix
816 2510 951 2558 Dido
997 2511 1285 2572 lonywnque
1331 2511 1519 2559 bibebat
1563 2522 1777 2557 amorem

83 2607 248 2614 n—-m-.⁴

205 2668 228 2706 7
253 2679 382 2710 verae
397 2665 486 2709 LR
507 2671 551 2711 et
571 2680 611 2710 v.
630 2666 702 2710 ed.
789 2669 845 2709 10
870 2667 992 2724 iynis
1014 2666 1056 2709 R
1077 2668 1203 2724 ignes
1225 2681 1249 2709 r
1265 2687 1320 2702 =
1338 2665 1386 2710 L.
1475 2668 1646 2709 14—15
1670 2676 1771 2707 cur·

83 2724 208 2768 sibus
235 2737 270 2768 s.
304 2730 346 2769 et
376 2725 404 2768 l.
436 2728 558 2770 stare
588 2724 675 2768 LR
706 2725 778 2770 ed.
811 2738 973 2771 cursus
1001 2739 1036 2770 s.
1069 2731 1111 2770 et
1141 2726 1169 2770 l.
1193 2725 1316 2770 unde
1345 2729 1485 2770 staret
1514 2739 1548 2768 r.
1643 2726 1698 2766 16
1729 2726 1775 2767 et

83 2783 302 2840 quomodo
333 2783 370 2826 L
400 2789 443 2829 et
472 2797 560 2828 om.
586 2783 629 2828 R·
660 2784 766 2828 add.
792 2799 827 2827 r.
865 2786 871 2841 Ι
905 2785 1108 2829 existunt
1136 2784 1172 2828 L
1204 2784 1275 2828 ed.
1308 2785 1508 2829 existant
1536 2782 1590 2827 R.
1626 2783 1633 2838 Ι
1670 2794 1772 2826 cum

51 2883 53 2885 .
81 2842 328 2887 mittuntur
358 2842 446 2887 LR
476 2845 656 2902 (πωπω
685 2842 744 2901 R)
775 2845 1023 2888 mittuntur
1053 2843 1124 2888 ed.
1157 2843 1495 2888 committantwr
1524 2855 1609 2886 nos
1651 2839 1696 2897 (i.
1730 2852 1770 2884 e.

85 2899 420 2959 conficiantur).
522 2906 579 2947 20
602 2903 781 2959 plausu
810 2901 897 2945 LR
927 2904 978 2947 at
1009 2906 1050 2958 2,
1077 2907 1100 2947 1
1128 2903 1361 2959 plausum,
1392 2900 1518 2958 qnod
1548 2899 1627 2945 hic
1657 2912 1773 2956 quo·

84 2972 175 3015 que
203 2959 350 3005 habet
381 2961 452 3006 ed.
577 2965 632 3005 23
664 2962 915 3007 debuerunt
945 2961 1017 3006 ed.
1046 2963 1053 3018 1
1087 2962 1245 3018 aliquo
1274 2960 1317 3004 R
1345 2962 1398 3005 in
1428 2974 1470 3005 α.
1503 2974 1527 3003 1·
1549 2981 1605 2997 =
1630 2958 1679 3002 L.
