2014 3226
818 149 1160 194 PRAEFATIO
1755 150 1839 194 VII

142 292 195 338 in
243 290 490 352 aquilonis
540 291 827 351 quaestione
876 293 1048 337 contra
1088 290 1334 338 diversam
1374 291 1837 351 interpretationem

140 380 285 413 suam
324 367 430 411 tam
467 365 722 425 perspicue
764 363 997 425 defendit,
1038 366 1094 411 ut
1134 379 1232 411 non
1271 364 1489 425 potuerit
1527 364 1837 425 prudentius,

143 454 232 486 nec
279 452 416 486 secus
464 438 658 498 1,186.
711 440 792 497 10,
819 439 865 484 8.
918 440 1000 498 12,
1027 439 1131 486 412
1176 438 1238 485 al.
1317 452 1373 485 ac
1412 439 1454 485 si
1494 438 1604 499 quis
1645 440 1838 486 senten-

141 514 263 573 tias,
302 514 359 559 ut
398 511 635 560 Serviano
675 511 824 559 verbo
864 514 1000 571 utar,
1046 511 1255 559 bioticas
1297 527 1322 558 e
1362 511 1560 559 Donato
1605 511 1837 575 colligere

143 587 281 646 velit,
322 601 443 647 quas
482 586 666 634 multas
706 587 892 647 passim
930 587 1161 646 inseruit,
1201 585 1383 633 bonam
1422 601 1629 633 messem
1669 585 1836 634 faciat.

141 662 286 708 iuvat
323 661 536 722 exempli
568 660 732 723 gratia
764 659 958 721 aliquas
991 659 1340 707 transcribere:
1383 660 1430 719 6,
1456 660 1562 707 435
1598 659 1754 721 „nihil
1782 659 1839 706 fit

143 734 239 783 nisi
279 734 412 796 quod
451 733 667 782 faciendi
704 733 886 781 habeat
924 732 1322 794 necessitatem“;
1364 735 1411 794 6,
1439 734 1543 781 515
1586 733 1748 794 „mala
1787 733 1840 780 111

144 808 446 856 oblivionem
476 809 644 855 venire
675 823 776 855 non
807 806 1066 869 possunt“3
1111 810 1156 867 7,
1183 809 1290 855 340
1324 808 1465 869 „plus
1500 810 1574 855 est
1605 809 1658 855 in
1694 807 1839 855 rebus

144 872 454 945 perficiendis
492 881 619 929 velle
660 896 809 942 quam
849 879 1009 945 cogi“3
1052 882 1100 940 8,
1128 882 1231 929 163
1267 882 1515 944 „proclive
1550 884 1622 930 est
1654 881 1840 930 bonum

144 971 270 1016 esse,
317 955 571 1004 meliorem
616 971 732 1003 vero
774 954 1034 1016 arduum“;
1092 957 1138 1015 9,
1166 956 1269 1003 617
1313 958 1551 1018 „apparet
1590 957 1678 1017 qui
1716 956 1839 1016 sitis,

142 1045 256 1078 cum
296 1046 352 1077 ea
393 1045 519 1091 quae
556 1030 719 1078 colitis
751 1029 1047 1078 recensendo
1081 1028 1372 1092 convolvo“3
1416 1031 1500 1090 10,
1527 1030 1634 1077 620
1666 1045 1840 1091 „orna-

142 1106 312 1152 menta
349 1105 596 1152 maiorum
635 1104 820 1151 frustra
859 1105 1126 1166 unicuique
1166 1105 1458 1167 iunguntur,
1490 1105 1589 1151 nisi
1620 1104 1840 1151 adician-

142 1173 275 1242 t[ur]
322 1175 567 1240 propria“.
644 1177 771 1226 talia
818 1179 905 1240 qui
950 1179 1204 1239 scripserit
1251 1193 1365 1226 eum
1410 1177 1629 1239 perversi
1667 1177 1842 1225 iudicii

144 1253 298 1301 fuisse
329 1268 471 1315 nego.
533 1252 640 1300 iure
671 1269 718 1299 v.
742 1252 788 1300 d.
813 1251 1018 1300 Hoeven
1048 1251 1235 1300 Donati
1268 1267 1393 1314 opus
1427 1253 1548 1300 satis
1589 1251 1843 1315 eleganter

144 1342 232 1375 nec
256 1325 546 1388 plerumque
576 1327 755 1374 inscite
786 1326 1070 1388 insulsaque
1103 1327 1438 1387 conscriptum
1471 1341 1574 1373 esse
1607 1325 1839 1373 affirmat.

144 1401 231 1450 sed
276 1400 409 1448 idem
458 1415 570 1447 cum
615 1400 743 1448 hanc
789 1400 891 1448 fere
940 1401 1099 1447 solam
1141 1400 1417 1448 utilitatem
1458 1416 1517 1446 ex
1556 1414 1612 1447 eo
1651 1401 1844 1462 percipi

142 1474 288 1535 dicit,
344 1474 476 1536 quod
531 1474 774 1522 conducat
829 1474 892 1522 ad
945 1473 1337 1539 cognoscendam
1383 1474 1646 1521 historiam
1691 1473 1842 1522 inter-

144 1548 440 1611 pretationis
471 1548 806 1613 Vergilianae,
838 1550 1063 1611 angustis
1102 1547 1285 1597 finibus
1324 1564 1428 1596 rem
1467 1547 1842 1597 circumscribit.

145 1622 211 1671 ad
250 1639 308 1671 ea
348 1623 479 1670 enim
519 1638 645 1684 quae
685 1638 836 1684 supra
871 1623 1254 1670 memoravimus
1286 1621 1379 1670 hoc
1412 1637 1607 1684 quoque
1640 1621 1843 1682 accedit,

145 1697 305 1759 quod,
350 1696 588 1758 quoniam
626 1695 848 1758 Polybii,
897 1695 1096 1744 Claudii
1143 1694 1367 1744 Caesaris
1415 1695 1585 1743 liberti
1632 1689 1844 1761 (Seneca

145 1770 330 1819 consol.
364 1770 427 1817 ad
457 1769 628 1832 Polyb.
664 1770 712 1830 8,
740 1772 784 1817 2.
822 1772 905 1830 11,
933 1764 1006 1835 5),
1039 1773 1088 1818 et
1126 1771 1283 1833 patris
1318 1770 1471 1818 Statii
1509 1764 1595 1835 (cf.
1620 1770 1847 1818 Vollmer

148 1845 212 1892 ad
253 1843 379 1892 Stat.
413 1843 520 1892 silv.
558 1845 605 1904 5,
633 1845 679 1905 3,
710 1845 812 1892 159
833 1838 962 1910 sqq.)
1005 1844 1316 1906 aliorumque
1355 1845 1544 1906 scripta
1574 1845 1844 1906 perierunt,

146 1920 253 1968 eius
298 1918 787 1979 interpretandorum
833 1921 1096 1980 poetarum
1141 1920 1351 1967 rationis
1394 1933 1492 1980 qua
1529 1918 1752 1966 rhetores
1791 1919 1845 1965 in

148 1992 330 2042 scholis
379 1991 647 2040 utebantur
691 1991 878 2040 Donati
927 1994 1307 2040 commentarios
1354 1992 1516 2041 solum
1566 1992 1846 2055 exemplum

148 2066 400 2115 habemus.
478 2082 594 2130 ergo
635 2066 699 2114 ad
736 2066 1035 2116 rhetoricam
1074 2083 1270 2129 quoque
1309 2065 1628 2128 disciplinam
1666 2081 1845 2129 cogno·

147 2140 381 2189 scendam
420 2140 569 2189 utiles
609 2142 738 2189 sunt.
801 2156 916 2188 nam
957 2140 1090 2203 quod
1128 2139 1468 2197 Quintilianus
1508 2141 1623 2189 inst.
1656 2156 1724 2188 or.
1762 2142 1846 2200 10,

150 2215 201 2275 5,
234 2215 267 2261 4
308 2217 358 2262 et
399 2215 428 2262 5
478 2213 623 2262 dicit:
684 2217 765 2275 „et
810 2215 933 2276 ipsis
980 2216 1239 2264 sententiis
1288 2206 1597 2281 (poetarum)
1653 2215 1845 2262 adicere

147 2289 268 2336 licet
313 2287 585 2336 oratorium
630 2287 782 2336 robur
827 2291 876 2336 et
923 2290 1105 2338 omissa
1151 2288 1382 2351 supplere
1429 2292 1480 2337 et
1525 2287 1678 2336 effusa
1732 2288 1846 2337 sub-

149 2364 415 2426 stringere3
477 2378 636 2424 neque
686 2378 778 2426 ego
824 2363 1172 2425 paraphrasim
1227 2378 1329 2412 esse
1382 2361 1847 2424 interpretationem

149 2439 349 2484 tantum
402 2436 539 2496 volo,
594 2435 679 2484 sed
733 2437 863 2485 circa
917 2437 1115 2486 eosdem
1168 2452 1339 2485 sensus
1393 2438 1643 2484 certamen
1695 2439 1846 2498 atque

151 2509 583 2572 aemulationem“,
628 2509 682 2558 id
720 2509 976 2558 Donatum
1022 2525 1214 2559 summo
1262 2509 1426 2559 studio
1473 2513 1695 2558 secutum
1742 2525 1846 2558 esse

151 2583 390 2633 videmus.
465 2584 558 2633 illa
604 2599 722 2633 sane
770 2585 878 2648 lege
925 2600 1076 2647 quam
1123 2601 1153 2634 a
1199 2587 1341 2647 patre
1390 2599 1479 2632 suo
1533 2583 1848 2633 observatam

153 2657 347 2706 Statius
414 2657 595 2720 tradit,
661 2660 721 2706 ut
780 2658 1129 2722 paraphrasim
1197 2674 1310 2707 cum
1378 2673 1610 2706 versuum
1671 2657 1847 2720 spatiis

153 2734 415 2794 aequaret,
461 2747 512 2780 se
558 2747 658 2780 non
700 2732 944 2794 devinxit,
993 2732 1078 2780 sed
1117 2732 1323 2781 effusam
1362 2733 1528 2794 potius
1566 2730 1847 2780 ubertatem

152 2805 444 2868 plerumque
483 2805 738 2854 affectavit
778 2808 1033 2868 artemque
1073 2821 1215 2855 suam
1253 2821 1364 2854 cum
1405 2805 1517 2854 aliis
1554 2805 1700 2854 rebus
1739 2808 1849 2853 tum

155 2878 391 2928 clausulis
446 2879 809 2929 conformandis
863 2881 1158 2940 ostentavit,
1220 2879 1342 2928 adeo
1396 2881 1454 2927 ut
1506 2894 1595 2928 suo
1650 2894 1849 2942 quoque

152 2953 378 3016 exemplo
418 2952 589 3002 stilum
626 2969 740 3002 vere
779 2954 1053 3014 oratorium
1091 2953 1194 3002 filio
1235 2951 1605 3002 adolescentulo
1650 2952 1849 3002 tradere
