2014 3226
207 215 322 268 ,564
682 213 914 257 DONATI
943 213 1224 257 INTERPR.
1259 213 1437 257 VEB-G.

211 370 343 403 nune
382 359 424 403 et
453 356 745 414 pauperiem
782 357 824 401 et
854 354 1002 401 duros
1026 355 1250 414 perferre
1281 355 1492 402 labores:
1532 370 1644 402 cum
1683 356 1908 403 viverent
1971 380 1973 385 ,
2013 365 2014 369 ’

213 431 263 476 et
307 429 536 476 laborum
582 427 750 475 taedia
791 430 938 489 atque
986 428 1185 489 inopiae
1232 430 1543 489 paterentur,
1590 428 1907 476 aestimantes

213 504 552 565 profuturum,
603 501 644 548 si
690 504 1022 562 morerentur,
1069 503 1171 549 vim
1212 501 1304 550 sibi
1344 503 1441 563 ipsi
1480 503 1777 563 intulerunt,
1821 503 1907 550 sed
1994 529 2014 536 w

211 578 386 638 postea
433 575 721 637 paenitebat
770 590 850 623 eos
898 575 1019 622 facti
1069 578 1118 622 et
1165 576 1473 636 quaerebant
1511 576 1672 624 lucem
1711 591 1909 624 rursum
1970 574 1998 628 ’,ἶ

211 650 400 709 videre,
457 665 606 711 quam
652 650 850 696 fuerant
896 650 1080 711 perosi,
1137 666 1285 711 quam
1332 651 1441 711 pati
1489 650 1626 698 sedes
1673 650 1907 698 inferna-s.

211 723 299 772 sed
337 725 440 782 fas,
481 724 667 785 inquit,
707 724 884 770 obstat:
934 739 994 770 ne
1032 723 1317 784 proveniret
1358 723 1488 785 quod
1536 724 1778 786 optabant
1824 723 1907 772 ob-

212 798 380 847 stabat
425 798 505 845 lex
554 813 681 858 quae
729 797 789 843 de
836 799 994 845 morte
1040 813 1098 845 ac
1136 797 1242 844 vita
1283 797 1486 845 definita
1525 800 1614 846 est.
1692 799 1910 858 tristique
1991 835 1993 838 >

202 871 357 932 palsas
402 871 685 918 inamabilis
731 871 870 918 itnda
916 872 1103 931 adligat
1155 874 1198 918 et
1245 873 1444 919 noviens
1492 866 1615 932 Styoe
1666 872 1910 931 interfusa
1970 855 1980 912 ἶ

213 948 411 993 coercet:
450 961 620 993 earum
652 944 868 992 reditum
900 946 1179 992 animarum
1210 945 1507 1007 prohibebat
1537 946 1630 1007 lex,
1662 945 1910 993 retinebat
1966 975 1967 978 =

211 1019 356 1082 palus
403 1019 574 1067 odiosa
614 1021 663 1066 et
703 1018 964 1066 claudebat
1006 1018 1151 1081 Styx,
1194 1035 1319 1080 quae
1368 1035 1449 1067 eas
1498 1021 1631 1067 omni
1672 1036 1729 1067 ex
1768 1023 1910 1082 parte
1982 1031 1990 1082 ,2

212 1095 417 1142 noviens
457 1093 860 1141 circumdederat.

123 1171 211 1212 440
324 1167 428 1215 Nec
463 1168 641 1227 procul
687 1167 796 1214 hine
837 1170 1034 1227 partem
1083 1167 1187 1226 fusi
1239 1171 1574 1215 monstrantur
1627 1169 1680 1215 in
1727 1181 1912 1215 onmem
1958 1161 1989 1234 3

214 1242 426 1302 luyentes
466 1243 646 1301 campi,
697 1242 767 1289 sie
811 1241 922 1288 illos
972 1242 1166 1289 nomine
1213 1242 1404 1288 dieunt:
1457 1258 1556 1290 non
1603 1242 1750 1305 longe
1796 1242 1911 1289 inde
1960 1303 1962 1306 Ι

212 1315 511 1363 videbantur
548 1315 777 1378 lugentes
818 1316 982 1377 campi
1019 1315 1119 1363 fusi
1159 1315 1211 1362 in
1245 1331 1439 1363 omnem
1470 1317 1681 1379 partem,
1712 1316 1805 1363 hoc
1837 1318 1912 1364 cst
1978 1305 1986 1381 ᾗ

213 1390 429 1449 laevam,
481 1389 735 1436 dexteram
783 1390 831 1435 et
883 1404 1206 1461 quacumque>
1247 1390 1379 1462 oculi
1431 1390 1572 1437 tendi
1616 1391 1909 1452 potuissent.
1965 1399 1991 1461 4

214 1463 419 1525 interea,
462 1463 580 1525 quia
619 1465 818 1524 poterat
858 1462 1031 1524 quaeri
1072 1478 1157 1510 cur
1188 1463 1468 1511 dicerentur
1497 1464 1738 1527 lugentes,
1778 1465 1911 1512 ultro
1968 1468 1986 1493 =·¹

215 1539 290 1586 ait
329 1538 397 1585 sic
438 1553 519 1585 eos
561 1538 829 1599 appellari:
870 1553 970 1584 non
1009 1539 1177 1584 tamen
1215 1537 1429 1585 nominis
1470 1539 1626 1600 ipsius
1659 1538 1913 1600 praestitit
1967 1527 1986 1606 ’ᾗ

214 1612 473 1659 rationem.
551 1612 627 1659 hie
666 1625 785 1671 quos
824 1612 982 1658 durus
1021 1626 1158 1659 amor
1205 1612 1388 1659 erudeli
1434 1613 1542 1660 tabe
1572 1611 1787 1672 peredit:
1831 1612 1912 1659 hic
1960 1613 1985 1673 :25

215 1686 268 1733 id
307 1688 381 1734 est
419 1687 472 1732 in
510 1685 633 1747 ipsis
674 1685 861 1746 campis
902 1685 1149 1748 degebant
1189 1701 1311 1747 quos
1349 1687 1426 1734 vis
1465 1686 1648 1734 amoris
1681 1685 1911 1748 absump-

217 1762 362 1807 serat.
447 1761 613 1807 secreti
659 1761 815 1807 celant
861 1760 1006 1807 ealles
1055 1763 1098 1807 et
1146 1763 1332 1820 myrtea
1382 1761 1563 1808 circumi
1608 1761 1735 1808 silva
1781 1761 1916 1820 teyit:

215 1834 306 1882 hos
339 1833 536 1881 eosdem
568 1834 657 1895 qui
689 1834 871 1881 amoris
896 1833 1138 1881 violentia
1169 1835 1425 1895 perierunt
1458 1834 1689 1882 celabant
1718 1835 1912 1882 viarum

219 1909 479 1971 angustiae
520 1909 568 1955 et
609 1907 805 1955 arbores
845 1908 1010 1969 myrti.
1090 1910 1302 1955 secretos
1343 1908 1492 1956 calles
1526 1911 1613 1955 aut
1650 1909 1704 1955 in
1743 1907 1912 1956 abdito
1953 1961 1956 1967 ¹
1988 1916 1996 1941 ἠ·

218 1983 515 2030 constitutos
567 1983 656 2028 aut
709 1983 964 2043 separatos
1021 1981 1253 2030 debemus
1305 1983 1541 2044 accipere.
1620 1997 1768 2030 curae
1815 1995 1914 2029 non
1955 2046 1958 2047 ⁷

217 2058 328 2116 ipsa
365 2058 420 2103 in
457 2058 608 2103 morte
644 2056 948 2115 relinquunt:
985 2057 1131 2103 tanta
1161 2055 1236 2104 vis
1278 2058 1460 2105 amoris
1491 2057 1544 2103 in
1575 2055 1678 2104 illis
1709 2055 1824 2116 fuit,
1856 2058 1913 2104 ut
1982 2087 1983 2090 =

129 2133 217 2175 445
234 2145 325 2178 nec
361 2130 416 2177 in
453 2131 612 2177 morte
645 2131 809 2177 essent
840 2130 902 2178 ab
934 2130 1046 2192 ipsa
1079 2145 1196 2177 cura
1226 2131 1467 2178 inmunes.
1529 2131 1605 2178 his
1635 2130 1912 2178 Phaedram
1976 2166 1978 2168 -

218 2204 515 2264 Procrimque
554 2203 669 2251 loeis
706 2206 1034 2265 maestamque
1073 2204 1345 2264 Eriphylen
1383 2204 1593 2252 erudelis
1637 2206 1743 2252 nati
1780 2218 1913 2251 mon-

219 2281 452 2326 strantem
503 2278 711 2325 vulnera
763 2279 934 2333 cernit,
991 2278 1330 2337 Euadnenque
1385 2282 1427 2326 et
1470 2278 1785 2338 Pasiphaen;
1839 2278 1943 2325 his¹
1983 2299 1987 2318 a

219 2350 502 2399 Laodamia
539 2353 579 2398 it
615 2364 769 2399 eomes
808 2355 852 2398 et
879 2354 1069 2400 iuvenis
1107 2352 1366 2412 quondam,
1403 2366 1536 2399 nune
1573 2353 1759 2411 femina
1794 2349 1914 2400 Gae-

219 2439 341 2472 neus
385 2439 562 2472 rursus
609 2428 652 2472 et
694 2425 750 2472 in
794 2428 996 2473 veterem
1041 2427 1144 2486 fato
1188 2426 1406 2474 revoluta
1443 2427 1683 2486 fflyurasm:
1731 2427 1785 2472 in
1834 2424 1911 2484 his

221 2499 342 2548 locis
381 2500 580 2546 fuerant
625 2499 752 2547 istae
801 2515 927 2561 quae
972 2499 1121 2547 iustis
1168 2499 1373 2548 diversis
1420 2501 1580 2548 causis
1628 2502 1677 2547 et
1723 2499 1914 2561 dispari
1982 2553 1985 2563 s

132 2575 220 2617 450
236 2572 410 2635 mortis
457 2588 634 2636 genere
686 2573 951 2634 perierunt.
1027 2575 1154 2621 inter
1199 2588 1322 2633 quas
1360 2574 1634 2622 Phoenissa
1678 2587 1843 2622 reeens
1879 2588 1912 2621 a

345 2732 367 2771 1
401 2727 543 2773 duros
572 2726 615 2770 V
645 2729 771 2772 diros
801 2727 873 2771 ed.
997 2733 1022 2772 2
1055 2729 1365 2774 eoeistimamtes
1400 2729 1472 2773 ed.
1595 2734 1620 2772 5
1652 2729 1841 2783 fuerant
1870 2727 1914 2773 V
1941 2733 1951 2739 ''
1971 2726 1983 2774 '3

222 2788 484 2832 maluerant
512 2785 602 2831 ΗΟ
634 2787 901 2832 maluissent
932 2787 1004 2832 ed.
1034 2787 1226 2842 fuerant
1250 2789 1404 2844 perosi
1433 2802 1530 2833 nos,
1677 2793 1702 2831 6
1733 2788 1811 2842 fas
1841 2788 1911 2832 in-
1976 2823 1978 2832 ι

223 2847 325 2904 quit
353 2847 499 2891 obstat
527 2845 571 2891 V
600 2847 703 2902 fata
735 2847 766 2889 i.
799 2847 980 2891 obstant
1009 2847 1081 2890 ed.
1213 2851 1268 2891 15
1299 2860 1580 2904 quacumque
1608 2846 1651 2890 V
1681 2860 1805 2904 quoe.
1839 2846 1911 2892 ed.
1967 2851 1980 2881 -·

317 2909 371 2948 16
395 2905 552 2962 potuit
582 2905 652 2948 ed.
809 2909 862 2948 19
902 2906 1022 2950 idem
1051 2905 1095 2950 V
1132 2906 1184 2950 id
1220 2910 1286 2950 est
1322 2905 1395 2950 ed.
1546 2910 1599 2949 21
1634 2907 1842 2951 celabant
1870 2903 1913 2950 V
1943 2950 1946 2952 ,
1976 2911 1978 2939 ἑ

223 2969 267 3009 et
295 2979 331 3010 e.
357 2963 428 3008 ed.
551 2969 606 3008 22
639 2964 792 3009 ardito
821 2963 876 3008 V.
999 2968 1056 3008 24
1086 2965 1316 3010 relincunt
1345 2964 1400 3009 V.
1523 2970 1579 3009 26
1610 2966 1824 3024 erypylen
1848 2963 1910 3008 -V.
1974 2967 1975 2970 ’

315 3027 371 3067 30
402 3024 541 3068 instes
571 3023 761 3068 diversis
789 3023 942 3068 causis
970 3023 1015 3068 V
1044 3024 1179 3069 iustis
1209 3037 1297 3068 om.
1324 3023 1396 3069 ed.
1926 3063 1928 3066 .
