2014 3226
818 147 1119 196 AENEIDOS
1152 149 1171 191 1
1770 149 1836 201 91

149 292 307 337 victus
341 305 534 350 semper
567 290 921 349 copiosissima.
978 292 1040 349 et,
1075 290 1194 350 quia
1226 289 1318 337 hoc
1351 290 1546 352 signum
1580 289 1839 337 constabat

149 364 348 411 Iunonis
388 362 623 425 suffragio
665 363 1078 422 demonstratum,
1118 364 1215 418 laic,
1255 363 1439 424 inquit,
1486 365 1708 422 ampla-m
1750 364 1839 411 Iet-

147 439 263 484 wom'.
307 439 475 497 inyeozs
514 436 718 484 Sidonia
760 437 892 483 Dido
940 438 1180 484 condebat.
1261 438 1485 498 oportuit
1526 438 1656 483 enim
1697 438 1839 484 deam

147 512 197 558 in
245 526 299 558 eo
347 511 455 558 1000
503 510 683 557 habere
732 510 1131 558 honestissimam
1171 511 1334 558 sedem
1374 514 1424 558 in
1466 527 1562 572 quo
1603 512 1837 558 virtutem

103 605 122 636 5
147 600 262 632 suae
316 585 593 632 maiestatis
649 584 944 632 ostenderat.
1025 584 1287 644 condebat,
1349 585 1535 646 inquit,
1597 586 1838 646 templum
1878 644 1886 651 ὁ

147 658 275 705 1)1110
323 661 392 717 et,
441 674 553 705 cum
598 658 817 706 nondum
864 660 1174 720 perfecisset,
1221 662 1366 706 tanta
1411 661 1513 706 iam
1559 661 1837 706 reverentia

146 732 418 793 colebatur,
474 734 530 779 ut
578 735 626 779 et
673 732 813 780 donis
863 733 1259 793 copiosissimum
1307 736 1433 781 esset
1480 735 1530 780 et
1584 732 1675 780 dea
1730 735 1837 794 ipsa

145 822 373 867 praesens
414 821 516 853 esse
551 807 852 854 crederetur:
892 810 1154 867 propterea
1186 808 1354 867 posuit
1387 809 1529 855 (lonis
1560 807 1835 867 opulentum

146 884 186 928 et
243 882 442 927 numine
504 882 666 935 divae,
730 895 871 928 aerea
929 883 1006 928 cui
1057 881 1296 941 yrade‘bus
1348 882 1611 941 sumebam
1665 882 1838 928 limina

79 973 122 1006 10
143 969 383 1014 nexaeque
424 969 534 1002 aere
574 956 746 1010 trabes,
786 956 974 1014 foribus
1013 956 1159 1002 cardo
1199 957 1432 1002 stridebat
1471 958 1622 1003 aenis.
1693 971 1836 1003 omne

143 1029 234 1076 1100
281 1028 588 1089 opulentiam
636 1031 685 1076 et
732 1029 1045 1076 devotionem
1093 1028 1348 1077 condentis
1398 1029 1615 1077 ostendit
1662 1032 1711 1076 et
1750 1045 1836 1090 po-

142 1103 350 1150 tentiam
388 1103 468 1150 vel
507 1104 740 1150 meritum
779 1105 1008 1151 numinis.
1079 1104 1164 1151 hoc
1192 1106 1415 1162 primum
1455 1106 1508 1151 in
1549 1105 1653 1151 luco
1692 1117 1820 1151 nova
1838 1106 1925 1145 450

143 1191 218 1223 res
256 1177 416 1223 oblata
457 1179 672 1224 timorem
712 1177 860 1232 leniet,
899 1178 976 1225 hic
1013 1179 1233 1236 primum
1272 1178 1468 1225 Aeneas
1514 1192 1711 1238 sperare
1757 1193 1836 1225 sa-

142 1251 286 1297 lutem
326 1265 478 1298 ausus
519 1254 561 1298 εἴ
598 1251 807 1309 adflictis
845 1248 1021 1298 ‘melius
1060 1252 1300 1310 confidere
1338 1253 1505 1299 rebus:
1559 1267 1713 1314 genus
1762 1255 1836 1299 est

78 1344 120 1375 15
142 1325 516 1386 propositionis,
556 1324 780 1372 dicturus
822 1327 895 1372 est
935 1325 1067 1372 enim
1107 1325 1226 1386 quid
1265 1326 1462 1386 viderit,
1501 1326 1629 1372 unde
1671 1341 1835 1387 spera-

142 1399 271 1446 verit
296 1399 500 1460 aliquid
540 1399 671 1459 boni,
704 1399 835 1446 unde
874 1402 1036 1448 metus
1077 1401 1182 1447 91113
1222 1400 1407 1447 lenitus
1440 1400 1518 1448 sit.
1578 1415 1676 1447 non
1710 1400 1837 1447 dixit

141 1472 268 1520 unde
307 1488 505 1521 securus
545 1474 612 1520 sit
650 1473 888 1533 redditus,
922 1473 1006 1521 sed
1044 1473 1173 1520 unde
1211 1475 1365 1521 timor
1396 1474 1501 1521 eius
1532 1475 1835 1534 inminutus,

141 1547 291 1594 semel
331 1548 462 1593 enim
501 1549 637 1594 totus
679 1547 816 1594 eradi
854 1563 953 1595 non
991 1549 1172 1609 potuit.
1239 1564 1368 1596 nova
1408 1563 1486 1596 res
1526 1548 1710 1608 oblata,
1742 1548 1835 1595 hoc

142 1623 214 1668 est
252 1622 424 1668 contra
463 1636 600 1682 spem
632 1623 762 1681 visa3
802 1623 988 1683 quippe
1020 1623 1125 1669 eius
1158 1622 1314 1670 0011113
1346 1624 1491 1670 tanta
1522 1637 1634 1684 spes
1667 1637 1836 1670 occur-

77 1711 120 1744 20
141 1696 274 1743 rerat
299 1696 386 1756 qui
407 1695 559 1756 paulo
593 1697 707 1743 ante
740 1696 908 1743 omnia
938 1695 1146 1744 vidisset
1177 1696 1396 1756 deserta3
1435 1697 1516 1743 vel
1546 1696 1658 1744 ideo
1691 1712 1835 1756 nova,

142 1770 258 1830 quia
297 1769 498 1816 videbat
535 1769 640 1817 illic
679 1770 816 1831 picta
856 1770 1061 1818 Troiani
1098 1770 1218 1817 belli
1256 1786 1636 1834 pugnarumque
1678 1773 1834 1818 certa-

141 1843 286 1890 mina.
364 1843 540 1904 incipit
593 1844 695 1890 iam
749 1843 951 1891 reddere
1006 1846 1275 1904 rationem,
1328 1846 1387 1892 ut
1439 1844 1668 1893 ostendat
1716 1845 1837 1906 quid

140 1916 265 1964 illud
310 1917 463 1964 fuerit
510 1917 642 1979 quod
686 1917 906 1966 leniebat
943 1918 1141 1965 Aeneae
1181 1920 1369 1966 metum
1408 1922 1457 1966 et
1496 1934 1632 1980 spem
1673 1920 1835 1980 inopi-

140 2005 255 2038 nam
284 1991 623 2052 promittebat.
684 2007 896 2051 namque
926 1994 1016 2040 sub
1046 1994 1229 2052 *inye-ntz·
1268 1993 1446 2040 lustrat
1482 1994 1600 2040 dum
1636 1993 1835 2053 sinyula

76 2080 118 2113 25
141 2065 308 2125 templo
346 2067 567 2125 recinam
605 2068 872 2126 opperiens,
912 2067 1029 2114 dum
1069 2082 1192 2126 quae
1229 2069 1430 2127 fortuma
1462 2069 1528 2114 sit
1555 2068 1667 2114 urbi
1698 2069 1816 2115 arti-
1834 2070 1921 2108 455

140 2139 375 2198 ficumque
435 2154 613 2187 manus
673 2142 801 2188 inter
861 2155 911 2187 se
973 2155 1263 2200 operumque
1323 2142 1537 2189 laborem
1595 2142 1833 2188 miratur:

78 2222 81 2225 ·
140 2214 308 2260 tuetur
344 2213 426 2260 hic
463 2213 670 2262 Aenean
709 2213 977 2276 Vergilius,
1016 2231 1077 2262 ne
1116 2214 1346 2263 inanibus
1388 2217 1563 2276 captus
1602 2215 1835 2262 videatur

141 2288 432 2335 remansisse
481 2303 626 2348 quem
674 2291 972 2336 convenerat
1017 2288 1233 2336 reditum
1278 2292 1531 2337 maturare
1570 2289 1636 2336 ad
1674 2289 1831 2337 socios

43 2409 46 2417 ‚
140 2374 254 2408 suos
292 2376 381 2408 1190
411 2361 620 2410 ulterius
651 2361 911 2410 inlecebris
943 2364 1105 2410 teneri
1135 2363 1393 2411 felicitatis
1425 2363 1632 2411 alienae.
1693 2379 1832 2410 nam-

34 2446 120 2502 ”3'80
143 2449 251 2494 que,
288 2434 467 2496 inquit,
508 2435 598 2483 sub
636 2436 830 2500 ingenti
866 2436 1050 2485 lustrat
1088 2437 1206 2485 dum
1244 2437 1447 2501 singula
1482 2437 1671 2499 templo
1703 2438 1832 2500 regi-

41 2503 53 2514 *
140 2523 255 2555 nam
301 2510 582 2570 opperiens:
637 2525 750 2558 9909
797 2509 922 2558 dixit
967 2526 1120 2558 unam
1166 2513 1216 2558 et
1261 2513 1590 2560 necessariam
1630 2525 1832 2559 causam

139 2579 360 2644 reginam
413 2584 696 2644 opperiens,
751 2600 905 2645 quam
958 2585 1212 2646 sperabat,
1265 2587 1323 2633 ut
1376 2585 1567 2632 factum
1621 2588 1717 2645 est,
1767 2585 1830 2633 ad

37 2650 39 2653 ’
75 2718 78 2722 ’
140 2669 288 2715 opera
318 2655 531 2704 videnda
560 2673 918 2719 processuram,
942 2673 1000 2706 ex
1032 2659 1124 2707 1190
1153 2661 1319 2710 autem
1343 2661 1598 2707 occasione
1625 2659 1831 2707 circum-

259 2786 283 2825 1
315 2783 426 2838 quia
457 2796 546 2827 om.
573 2783 644 2828 ed.
738 2787 763 2826 9
795 2784 978 2828 ‘nom-ine
1002 2784 1043 2827 R
1067 2798 1181 2828 corr.
1199 2799 1242 2839 δ1.
1335 2790 1387 2828 11
1421 2785 1617 2832 ostendit
1637 2783 1724 2828 LR
1755 2785 1828 2828 cle-

139 2845 359 2886 monctrat
373 2841 445 2885 ed.
526 2847 580 2886 15
596 2843 708 2898 quid
725 2842 812 2886 LR
826 2843 949 2898 quod
965 2843 1036 2888 ed.
1117 2848 1171 2888 16
1187 2846 1249 2888 sit
1263 2843 1351 2887 LR
1366 2848 1431 2888 est
1445 2843 1518 2889 ed.
1595 2847 1652 2887 23
1675 2844 1833 2898 fuerat

139 2897 226 2943 LR
247 2899 319 2944 911.
342 2900 489 2955 fuerit
509 2915 607 2946 nos.
693 2905 748 2945 31
773 2915 914 2945 unam
940 2901 1092 2951 ethR
1114 2908 1157 2947 et
1178 2916 1267 2946 om.
1285 2902 1357 2948 ed.
1440 2907 1496 2947 33
1514 2915 1829 2959 processuram

139 2961 192 3000 ut
211 2971 313 3005 cum
334 2962 443 3015 post
465 2961 697 3005 occasione
719 2960 936 3016 interpol.
955 2961 1026 3004 ed.
1072 2992 1074 2994 ψ
1121 2966 1177 3005 33
1190 2989 1242 2995 -
1255 2965 1325 3014 92,
1339 2966 1361 3005 1
1387 2962 1734 3007 circumtulisset
1755 2961 1828 3006 ed.
