2014 3226
221 170 328 221 586
689 169 920 213 DONATI
951 170 1230 214 INTERPR.
1264 171 1444 216 VERG.

219 310 433 370 perium,
474 311 560 370 qui
601 309 737 369 deos,
779 311 864 370 qui
903 310 1064 358 sidera
1105 313 1252 372 atque
1291 312 1514 359 homines
1553 313 1699 373 pleno
1735 311 1910 375 guber-

220 385 362 431 naret
416 384 624 444 imperio
681 386 730 430 et
785 386 946 430 cetera
1003 401 1128 445 quae
1183 386 1407 447 intellegi
1463 389 1692 447 possunt:
1753 387 1909 446 ipsius

218 460 387 504 tamen
435 457 641 503 fulmine
690 458 835 504 strati
883 460 997 505 sunt
1045 474 1191 520 quem
1232 459 1455 507 audendo
1497 461 1907 520 contempserant.

130 535 215 574 585
233 532 334 578 vicli
374 534 416 578 et
454 531 662 591 crudetis
701 531 895 578 dantem
925 531 1184 580 Salmonea
1212 547 1424 592 poenas:
1462 533 1554 581 hoc
1587 533 1745 580 adhuc
1778 533 1908 580 clau-

219 621 327 652 sum
374 607 469 664 est⁷
516 620 614 651 non
662 608 871 666 apparet
911 607 997 652 aut
1037 606 1368 667 delinquentis
1409 622 1558 654 causa
1598 610 1685 654 aut
1723 607 1908 667 species
1953 620 2001 670 ⁸5<

219 678 471 725 evidenter
518 694 745 739 expressa
789 680 1042 740 supplicii,
1091 680 1411 743 subiungitur
1448 683 1615 728 tamen
1653 682 1909 742 utriusque
1986 671 1993 746 3³

218 752 534 814 significati03
596 754 717 799 tunc
764 754 895 799 enim
943 753 1205 801 cuiuslibet
1250 770 1438 816 poenae
1485 755 1619 802 iusta
1661 754 1910 802 videbitur

216 828 509 886 processisse
550 827 811 886 sententia,
844 826 887 874 si
926 827 1130 875 admissi
1170 844 1367 890 quoque
1408 829 1624 889 qualitas
1665 828 1908 911 supplicio
1988 823 1993 887 ζ

218 915 435 962 congrua
475 864 859 948 demonstretiir:
899 902 1015 948 duni
1053 903 1282 960 flammas
1319 903 1455 950 Iovis
1497 906 1539 950 et
1574 905 1761 950 sonitus
1799 903 1908 950 imi--

217 977 349 1021 tatur
390 974 594 1033 Olympi.
671 974 776 1036 ipse
825 991 1020 1036 quoque
1066 977 1118 1022 in
1167 991 1222 1023 eo
1271 977 1475 1025 crimine
1522 976 1773 1040 sacrilegii
1811 977 1909 1023 fuit
1933 988 1979 1034 10

214 1049 267 1094 111
323 1063 419 1110 quo
467 1047 699 1108 Aloidae,
756 1050 843 1109 qui
889 1049 1058 1096 Iovem
1104 1066 1256 1113 regno
1305 1052 1471 1098 conati
1518 1052 1634 1097 sunt
1686 1050 1908 1111 truderet,
1971 1094 1987 1099 „

215 1122 440 1169 imitatus
489 1122 621 1169 enim
667 1123 833 1169 fuerat
881 1123 1171 1173 Salmoneus
1221 1125 1352 1185 quod
1401 1124 1459 1172 de
1509 1124 1631 1171 caeli
1682 1123 1908 1186 partibus
1979 1167 1982 1172 .

215 1196 436 1244 homines
484 1198 659 1256 terret,
706 1199 763 1244 ut
808 1198 914 1258 ipse
961 1199 1129 1259 potius
1177 1214 1327 1259 quam
1365 1199 1594 1260 Iuppiter
1634 1198 1906 1246 timeretur.

215 1273 270 1317 ut
316 1269 455 1317 fieret
502 1270 777 1318 evidentior
820 1271 1016 1319 sceleris
1057 1287 1226 1331 causa,
1275 1272 1458 1319 adiecit
1497 1272 1740 1334 quomodo
1779 1274 1907 1320 toni-

213 1347 439 1392 truorum
463 1347 511 1391 et
536 1344 758 1391 fulminis
790 1346 924 1392 facta
958 1347 1022 1392 sit
1053 1346 1294 1393 imitatio:
1334 1349 1559 1405 quattuor
1589 1347 1665 1393 hio
1695 1349 1908 1394 invectas
1931 1354 1974 1397 ιε’

216 1420 348 1477 equis
388 1421 431 1465 et
467 1418 702 1478 lampada
741 1434 983 1478 quassans
1012 1435 1107 1480 per
1150 1419 1361 1467 Graiam
1391 1420 1602 1480 populos
1633 1421 1908 1480 mediaeque
1985 1462 1990 1485 ,Κ

205 1507 299 1552 per
337 1493 506 1540 Elidis
543 1493 711 1540 urbem
748 1494 851 1540 ibat
888 1507 1041 1541 ovans
1080 1495 1337 1553 divamque
1375 1495 1467 1542 sibi
1497 1495 1727 1554 poscebat
1762 1495 1905 1542 hono·
1984 1486 1992 1542 1

125 1570 212 1610 590
228 1581 330 1614 reni
375 1568 588 1621 demens,
637 1569 720 1626 qni
765 1568 954 1615 nimbos
1000 1571 1044 1615 et
1086 1582 1185 1614 non
1222 1569 1455 1616 imitabile
1492 1570 1678 1627 fulmen
1717 1583 1828 1616 aere
1866 1570 1910 1616 et

213 1642 524 1701 cornipedum
563 1655 710 1688 cursu
753 1641 1007 1688 simularet
1051 1656 1304 1701 equorum:
1364 1642 1681 1702 imitabatur,
1726 1642 1904 1704 inquit,
1979 1659 1987 1694 3

211 1715 382 1762 Iovem
429 1717 478 1762 et
525 1730 575 1762 se
622 1715 701 1762 illi
750 1731 839 1776 per
889 1716 1190 1763 dementiam
1242 1715 1496 1764 nitebatur
1549 1732 1762 1778 aequare
1814 1732 1905 1778 pro
1929 1729 2004 1786 301Ι

213 1789 421 1836 fulmine
460 1790 743 1850 praeferens
782 1790 943 1837 facem
981 1792 1031 1837 et
1067 1791 1192 1838 aeris
1226 1791 1393 1838 sonitu
1425 1805 1484 1838 ac
1514 1790 1725 1852 strepitu
1757 1805 1905 1852 equo-

212 1879 323 1910 rum
370 1864 674 1910 currentium
719 1878 862 1910 sacra
898 1863 1121 1911 tonitrua
1161 1865 1414 1912 simulans.
1492 1867 1545 1912 at
1570 1867 1718 1924 pater
1756 1866 1907 1912 omni·
1975 1847 1991 1925 3

203 1940 378 1996 potens
415 1937 568 1984 densa
606 1939 732 1984 inter
765 1938 937 1985 nubila
969 1939 1115 1985 telum
1147 1941 1386 1993 contorsit,
1418 1953 1517 1986 non
1547 1939 1628 1986 ille
1657 1940 1791 1999 faces
1820 1952 1907 1986 nec
1980 1932 1989 1963 “’

211 2011 378 2069 fumea
417 2012 572 2058 taedis
610 2011 813 2067 lamina,
841 2013 1252 2071 praecipitemque
1281 2014 1473 2059 inmani
1503 2013 1694 2059 turbine
1723 2013 1908 2072 adeyit:

211 2084 438 2146 Iuppiter
475 2100 571 2132 non
614 2086 746 2133 faces
786 2088 874 2133 aut
911 2085 1151 2134 fumantis
1197 2086 1395 2147 taedas,
1443 2101 1567 2148 quas
1615 2085 1904 2135 Salmoneus
1930 2100 1951 2133 3

211 2159 461 2220 portabat,
499 2159 584 2206 sed
624 2159 795 2207 divina
833 2161 886 2206 in
924 2161 1090 2221 ipsum
1128 2161 1338 2208 coniecit
1376 2159 1605 2208 incendia
1643 2163 1694 2208 et
1737 2160 1906 2224 adegit

210 2233 555 2294 praecipitem:
596 2232 815 2281 ostendit
853 2249 965 2280 eum
1002 2235 1056 2281 in
1095 2233 1294 2282 Tartari
1334 2233 1650 2282 altitudinem
1684 2234 1904 2282 missum.
1978 2293 1982 2296 .

123 2309 209 2349 595
226 2320 313 2354 nec
356 2321 455 2354 non
494 2310 538 2353 et
576 2307 752 2368 Tityon
793 2307 975 2355 Terrae
1020 2309 1367 2367 omniparentis
1414 2308 1668 2356 alwmnum
1715 2323 1906 2355 cernere

185 2384 330 2436 erat,
359 2395 454 2440 per
492 2383 588 2428 tota
626 2395 796 2428 novem
831 2383 911 2430 oni
948 2382 1119 2442 1090νο
1157 2395 1331 2442 corpas
1352 2383 1629 2442 porriyitur
1658 2384 1904 2442 rostroque
1963 2377 1978 2425 ἶ

211 2456 430 2503 inmanis
467 2456 633 2502 vultur
669 2455 852 2502 obunco
889 2456 1144 2503 inmortale
1182 2457 1316 2504 iecur
1357 2456 1557 2504 tondens
1603 2457 1904 2516 fecundaque
1969 2472 1971 2474 ’

124 2531 210 2571 600
219 2530 396 2588 poenis
427 2530 613 2577 viscera
643 2529 946 2589 rimaturque
969 2529 1124 2590 epulis
1150 2530 1427 2590 habitatque
1456 2530 1546 2577 sub
1578 2530 1674 2578 alto
1696 2532 1903 2590 pectore,

210 2617 298 2651 nec
341 2602 481 2662 fibris
525 2604 713 2661 requies
762 2603 911 2663 datur
958 2603 1064 2651 ulla
1108 2605 1305 2651 renatis.
1381 2605 1708 2665 monoptoton
1754 2602 1993 2676 (10011-ῖΙ

211 2663 361 2724 natur
406 2675 612 2725 dicendo
660 2676 866 2740 Tityon,
914 2679 1131 2725 ceterum
1169 2677 1435 2739 Tityonem
1481 2677 1688 2737 diceret,
1733 2676 1777 2724 si
1813 2691 1904 2740 per
1955 2692 1991 2726 »ι

331 2806 358 2845 3
397 2802 628 2846 audiendo
658 2801 702 2845 V
741 2815 854 2846 corr.
888 2801 960 2846 ed.
1114 2807 1139 2846 6
1172 2807 1412 2859 utrumque
1442 2801 1485 2845 V
1514 2807 1708 2858 utraque
1738 2801 1810 2846 cd.
1959 2811 1982 2839 ³-

213 2866 267 2905 11
300 2862 481 2906 aolidae
511 2861 566 2905 V.
677 2866 729 2905 12
761 2862 969 2905 salmona
1001 2862 1099 2906 eins
1127 2861 1182 2905 V.
1285 2866 1341 2904 14
1372 2861 1680 2906 tonitruorum
1710 2859 1752 2904 V
1782 2861 1901 2905 toni·
1963 2874 1989 2919 3²

210 2925 310 2965 trus
347 2920 418 2964 ed.
573 2924 627 2963 19
666 2934 805 2964 cursu
842 2920 885 2963 V
923 2920 1169 2964 confirmat
1206 2921 1486 2964 ementium
1529 2919 1579 2962 in
1617 2919 1809 2976 interpr.
1955 2962 1959 2964 ,
1985 2963 1989 2977 Ὗ

212 2983 268 3023 30
292 2979 488 3023 tundens
510 2978 554 3023 V
569 2978 789 3033 cf.3‚538.
884 2983 939 3022 32
964 2984 1254 3036 monotopton
1277 2979 1331 3023 V.
1425 2982 1481 3022 33
1503 2983 1696 3023 ceterum
1719 2992 1808 3022 om.
1826 2978 1898 3022 ed.
