2014 3226
810 165 1113 210 AENEIDOS
1146 166 1209 209 IV
1752 171 1857 221 369

168 306 378 367 denique
426 305 478 352 in
525 321 581 352 eo
628 307 738 366 ipso
787 305 943 352 veluti
989 305 1223 354 beneficio
1271 306 1440 354 obesse
1489 308 1649 355 voluit
1695 312 1858 369 potius

169 395 322 440 quam
361 379 603 440 prodesse.
670 381 878 427 noverat
909 380 1042 426 enim
1074 379 1196 441 quid
1228 380 1422 428 Aeneae
1457 380 1730 441 deberetur,
1764 399 1859 444 quo

167 453 327 516 magis
359 453 612 500 nitebatur
642 455 712 513 ut,
747 454 790 499 si
821 452 928 499 fieri
959 454 1217 514 potuisset,
1249 457 1470 515 potestas
1502 457 1677 516 omnis,
1711 473 1860 517 quam

168 528 276 574 fata
306 526 485 574 Italiae
522 527 855 586 decreverant,
887 526 940 573 in
972 525 1288 590 Carthaginis
1322 544 1439 590 opes
1473 530 1860 591 felicitatemque

123 618 142 650 5
167 602 415 648 transiret.
478 603 549 648 sie
586 604 754 648 contra
794 604 860 648 est
898 602 1117 661 inyressa
1157 602 1339 649 Venus:
1379 602 1455 649 his
1495 604 1547 649 in
1587 618 1735 651 causa
1774 621 1860 666 po-

170 676 278 723 sitis
319 674 440 736 quid
480 675 644 722 fuerat
681 672 996 721 faciendum?
1053 676 1421 722 intellectamne
1454 691 1504 735 30
1536 678 1659 724 30110
1692 678 1861 725 debuit

167 746 328 796 Iuno‘?
375 765 440 796 an
479 748 540 795 ab
581 749 685 796 eius
725 747 985 795 fraudibus
1033 748 1336 796 dissimulari
1382 750 1637 811 oportuit?
1684 752 1860 799 melius

20 839 26 889 5
167 823 330 870 visum
371 824 446 870 est
485 822 623 870 dolos
664 822 790 870 dolis
832 822 1088 869 excludere
1127 824 1286 870 veluti
1325 823 1611 906 adprobatis
1643 841 1731 886 per
1762 826 1858 873 dis·

21 891 28 905 ’
167 896 541 944 simulationem
594 896 962 958 praesentibus,
1017 912 1078 942 ne
1134 895 1426 945 deteriorem
1473 898 1607 945 viam
1653 900 1861 947 nocendi

22 966 28 1032 I
103 988 144 1019 10
168 971 477 1031 perquireret
522 972 665 1018 atrox
712 973 760 1018 et
813 971 1043 1031 pertinax
1089 971 1312 1031 inimica,
1368 973 1412 1018 si
1462 972 1762 1020 contrariam
1810 989 1860 1021 se

168 1044 449 1092 ostenderet
486 1044 672 1092 Venus.
749 1046 858 1103 quis
905 1045 1027 1092 talia
1074 1044 1266 1092 demens
1314 1046 1499 1093 abnuat
1546 1044 1664 1107 [aut
1709 1050 1861 1095 tecum

167 1119 307 1166 malit
345 1119 624 1166 contendere
664 1118 817 1166 bello?
854 1120 899 1166 si
937 1119 1076 1165 modo
1116 1119 1243 1177 quod
1279 1133 1517 1167 memoras
1548 1121 1731 1179 factum
1761 1123 1860 1181 for-

167 1196 288 1240 tuna
325 1191 586 1254 sequatur]
593 1210 608 1239 .·
659 1193 859 1240 etiamsi
904 1191 1122 1240 dementi
1168 1194 1383 1253 cuipiam
1430 1196 1574 1241 tanta
1618 1196 1861 1256 insperati

24 1315 29 1323 ,
169 1266 492 1315 commoditas
547 1267 853 1328 proveniret,
908 1265 1079 1326 reniti,
1132 1267 1320 1328 inquit,
1373 1282 1471 1314 non
1519 1267 1702 1316 debuit.
1781 1270 1861 1316 0111

20 1324 37 1407 f
101 1357 143 1390 15
168 1341 301 1388 enim
346 1341 549 1402 prodest
595 1342 779 1389 omissa
825 1341 964 1402 pacis
1004 1341 1266 1388 securitate
1307 1356 1611 1389 commovere
1649 1343 1859 1390 inimici-

22 1410 30 1457 ³
166 1414 265 1462 tias
311 1417 424 1462 tuas
473 1417 559 1462 aut
604 1416 771 1462 tecum
816 1414 996 1462 habere
1046 1430 1155 1462 cum
1202 1415 1530 1463 reluctatione
1577 1415 1859 1464 certamen?

167 1489 290 1536 haec
337 1505 434 1536 vox
480 1490 626 1550 quasi
671 1489 1024 1536 consentientis
1069 1491 1163 1548 est,
1210 1489 1296 1536 sed
1334 1491 1391 1535 ut
1428 1489 1519 1536 illa
1557 1490 1716 1537 voluit
1756 1506 1860 1539 0330

161 1562 258 1609 sub
305 1562 537 1610 benivola
581 1565 927 1625 prosecutione
975 1562 1193 1622 subtilis,
1247 1565 1321 1610 ita
1368 1565 1418 1610 et
1462 1562 1629 1610 Venus
1680 1564 1862 1612 subicit

170 1636 301 1697 quod
340 1636 543 1684 Iunonis
583 1637 806 1684 animum
844 1639 1049 1700 tangere
1088 1636 1345 1698 potuisset.
1424 1637 1551 1684 dixit
1590 1639 1721 1685 enim
1762 1639 1847 1686 sed
1865 1643 1950 1682 110

99 1727 144 1760 20
167 1712 288 1770 fatis
332 1713 518 1759 incerta
562 1713 718 1771 feror:
779 1727 879 1759 non
925 1712 1023 1758 fuit
1068 1711 1279 1771 incerta,
1326 1711 1412 1758 sed
1456 1712 1530 1758 ita
1577 1713 1766 1772 posuit,
1805 1715 1862 1759 ut

167 1800 328 1846 neque
375 1785 540 1832 renisa
586 1785 839 1834 videretur
885 1787 935 1832 et
979 1787 1148 1832 tamen
1193 1801 1294 1832 non
1332 1799 1474 1846 posse
1513 1785 1620 1832 fieri
1658 1785 1861 1834 subdole

168 1858 543 1908 demonstraret.
618 1860 664 1908 si
700 1861 928 1920 Iuppiter
964 1873 1140 1914 umam,
1179 1860 1370 1920 inquit,
1411 1873 1510 1906 esse
1547 1859 1660 1906 velit
1701 1860 1862 1920 Tyriis

166 1933 335 1980 urbem
398 1932 642 1992 Troiaque
691 1935 926 1994 profectis
985 1935 1233 1981 miscerive
1288 1933 1462 1992 probet
1511 1934 1723 1992 populos
1777 1938 1863 1981 aut

167 2007 365 2066 foedera
418 2009 581 2067 iunyi:
641 2023 756 2072 ego,
804 2009 898 2069 ait,
945 2007 1255 2055 voluntatem
1299 2008 1440 2054 tuam
1493 2006 1706 2054 libenter
1759 2023 1861 2055 am-

26 2086 37 2120 ὶ
102 2096 147 2128 25
169 2081 374 2142 plector,
414 2081 501 2128 sed
538 2082 582 2129 si
619 2081 713 2130 hoc
750 2081 859 2130 fieri
896 2081 1123 2143 Iuppiter
1157 2080 1280 2128 velit
1312 2082 1400 2128 aut
1429 2081 1537 2127 fata
1567 2082 1863 2142 permittant

169 2156 228 2202 ut
276 2154 605 2203 Troianorum
650 2171 710 2204 ac
757 2156 1023 2217 Tyriorum
1071 2154 1161 2202 fiat
1205 2169 1306 2202 una
1353 2155 1650 2203 commixtio.
1729 2155 1862 2217 quod

169 2230 430 2290 provenire
483 2245 584 2277 non
635 2232 836 2291 poterat
887 2231 949 2277 ut
1001 2229 1148 2277 amici
1202 2230 1365 2276 essent
1419 2229 1505 2290 qui
1557 2228 1658 2276 iam
1715 2229 1862 2276 fatali

39 2296 75 2346 ⁷.
168 2301 496 2364 dispositione
540 2303 740 2352 fuerant
768 2303 998 2365 .inimici;
1062 2302 1188 2349 dixit
1234 2302 1365 2350 enim
1410 2304 1561 2364 poeta
1606 2302 1706 2350 alio
1752 2302 1860 2351 1000

35 2366 48 2374 ’
170 2369 255 2441 (1,
289 2370 381 2443 19)
430 2377 748 2441 „progeniem
794 2378 879 2426 sed
926 2377 1057 2425 enim
1103 2376 1318 2424 Troiano
1370 2391 1399 2422 a
1454 2377 1693 2439 sanguine
1749 2376 1860 2424 duci

21 0 48 309 ξ

28 2060 32 2071 <
25 2014 31 2042 -
24 1729 34 1996 v--Ja-«usm-ffiyae

291 2566 317 2605 5
356 2575 498 2607 eausa
531 2564 697 2620 positis
733 2563 818 2606 LR
864 2562 1121 2618 compositis
1158 2559 1463 2604 ed.10
1501 2561 1736 2605 contraria
1775 2559 1860 2603 LR

170 2633 286 2663 corr.
317 2620 392 2665 ed.
499 2627 553 2666 11
587 2628 742 2667 aut
762 2627 817 2666 13
848 2626 1066 2678 sequatm
1096 2620 1228 2664 deest
1257 2619 1308 2663 in
1339 2619 1438 2674 LR,
1470 2619 1554 2663 sed
1584 2619 1857 2676 explicatur.

263 2684 316 2723 13
348 2681 527 2737 copiam
557 2681 644 2725 LR
673 2682 879 2738 cuipiam
910 2695 932 2723 r
955 2679 1027 2724 ed.
1122 2683 1297 2723 13—14
1327 2683 1460 2723 tanta
1489 2679 1716 2735 imperati
1742 2691 1859 2723 com-

170 2739 367 2784 moditas
396 2738 484 2784 LR
514 2740 586 2786 ed..
626 2746 721 2786 tam
758 2742 994 2796 insperata
1031 2753 1124 2783 0.1
1161 2739 1294 2795 copia
1330 2743 1462 2783 tanta
1492 2738 1718 2794 imperati
1743 2750 1857 2781 com·

171 2798 297 2842 modi
324 2811 420 2842 non
448 2799 573 2844 male
603 2799 660 2844 U.
755 2801 930 2843 19—20
960 2799 1005 2843 si
1031 2798 1147 2852 fatis
1169 2796 1212 2842 R
1242 2810 1356 2842 corr.
1383 2812 1417 2840 r.
1510 2800 1565 2839 21
1596 2797 1751 2840 renisa
1774 2794 1861 2839 LR

170 2857 313 2900 reniti
342 2856 414 2901 ed.
443 2859 450 2915 Ι
483 2863 636 2904 tamen
666 2857 758 2902 LR
784 2864 814 2903 t.
846 2858 898 2902 id
929 2856 1000 2901 ed..
1130 2860 1187 2900 22
1218 2857 1371 2913 inquit
1402 2869 1490 2900 om.
1517 2854 1588 2899 ed.
1617 2857 1625 2911 Ι
1657 2854 1781 2899 vellit
1810 2853 1858 2897 L.

262 2919 319 2959 25
357 2918 434 2961 sed
469 2918 514 2963 εἰ
548 2918 630 2963 hoc
659 2917 748 2961 LR
784 2917 934 2962 nescio
972 2930 1037 2960 an
1072 2930 1098 2960 r
1133 2915 1184 2959 in
1221 2928 1368 2972 marg.
1512 2918 1567 2958 29
1608 2911 1735 2959 troia
1765 2926 1860 2958 non

171 2975 398 3032 sanquine
428 2975 479 3020 L.

261 3056 358 3089 Don.
381 3057 539 3099 interpr.
554 3059 670 3100 Verg.
703 3058 777 3092 vol.
795 3059 827 3091 Ι.
1448 3051 1505 3090 24
