2014 3226
209 165 277 217 58
668 161 898 205 DONATI
928 160 1206 203 lNTERPR.
1240 159 1415 204 VERG.

208 305 412 351 audiret.
492 319 606 366 ergo
647 301 822 348 melius
862 301 959 347 fuit
996 302 1048 346 in
1087 300 1182 346 fine
1220 299 1447 361 intellegi
1487 299 1607 360 quid
1646 298 1711 346 sit
1741 299 1887 346 unius

207 378 267 425 ob
316 380 438 423 iram
488 392 632 436 quam
682 376 779 421 dici
827 391 883 420 ex
927 376 1111 434 aperto.
1191 373 1395 421 dicendo
1435 374 1583 419 unius
1624 374 1673 419 et
1709 388 1888 420 nomen

206 452 405 498 Iunonis
454 450 649 509 oblique
696 448 944 511 tangendo
991 464 1079 495 nec
1126 448 1274 494 laesit
1320 448 1425 493 eius
1475 447 1695 493 animum
1742 462 1887 507 quem

207 525 374 571 debuit
412 527 527 570 tunc
568 524 646 569 vel
684 523 895 569 maxime
934 522 1110 568 habere
1150 522 1422 582 propitium
1463 522 1512 567 et
1544 520 1747 567 meliore
1781 522 1886 567 arte

206 615 294 645 usa
334 600 420 655 est,
460 600 515 643 ut
555 611 815 656 suppresso
855 597 1074 654 nomine,
1115 595 1246 655 quod
1286 596 1390 641 sine
1428 593 1765 654 inpedimento
1805 593 1884 640 de·
1933 606 1952 640 5

207 673 373 719 siderii
414 673 491 717 sui
530 671 782 717 nominare
822 685 921 716 non
960 671 1168 729 poterat,
1202 668 1262 715 ad
1295 683 1612 714 numerorum
1641 668 1886 715 rationem

206 747 450 807 pergerem
492 745 560 790 sic
601 745 731 789 enim
770 743 1059 804 plenissima
1098 744 1264 803 potuit
1303 742 1543 802 iniquitas
1577 741 1884 804 conprobari,

204 823 259 865 ut
298 820 441 864 unius
484 833 630 864 causa
669 818 880 865 iniustas
920 818 1211 863 inimicitias
1253 816 1521 863 exercentis
1561 815 1769 876 plurimi
1801 815 1884 862 ad-

204 893 486 955 fligerentur
524 893 755 938 insontes.
835 892 1059 950 sequitur
1097 890 1344 937 invidiosa
1383 889 1632 936 conclusio
1676 890 1884 936 necessi-

203 966 388 1012 tudinis
430 965 764 1026 appellatione
806 967 1057 1025 cooperta:
1095 965 1171 1010 hie
1200 964 1399 1023 pietatis
1436 963 1618 1009 honos?
1689 964 1759 1011 sie
1795 977 1885 1010 nos
1910 978 1951 1012 ιο

205 1042 254 1086 in
299 1042 484 1098 sceptra
529 1039 754 1097 reponis?
831 1054 893 1084 an
939 1037 1180 1098 numquid
1230 1035 1371 1084 erro?
1447 1038 1635 1098 inquit,
1690 1039 1740 1084 et
1791 1037 1884 1084 hoc

202 1112 474 1175 putandum
529 1114 604 1159 est
656 1112 831 1159 melius
888 1127 990 1159 esse
1043 1111 1173 1172 quod
1219 1108 1499 1158 trahimur?
1577 1113 1626 1158 et
1670 1111 1764 1158 hoc
1811 1112 1885 1158 est

203 1187 502 1234 consulentis
543 1183 793 1233 officium?
857 1188 906 1232 et
944 1185 1034 1232 hoc
1075 1185 1333 1232 arbitraris
1374 1200 1478 1232 esse
1510 1183 1752 1247 regnandi
1783 1184 1883 1232 cul-

201 1275 325 1319 men,
366 1275 526 1307 errare
567 1275 758 1320 semper
797 1261 846 1306 et
886 1261 989 1306 sine
1030 1259 1124 1305 fine
1162 1259 1348 1306 laboris
1389 1256 1593 1322 adfligi?

112 1342 197 1379 ‘255
315 1333 408 1380 Olli
445 1334 701 1380 subridens
738 1334 986 1380 hommum
1023 1336 1156 1380 sator
1195 1337 1336 1391 atque
1375 1332 1573 1380 deorum
1611 1333 1748 1379 vultu
1790 1346 1881 1391 quo
1908 1347 1949 1383 ιε

202 1409 384 1454 eaelum
423 1411 808 1466 tempestatesque
845 1411 1037 1454 serenat
1073 1408 1238 1454 oscula
1285 1408 1456 1454 libavit
1498 1410 1664 1461 natae,
1714 1406 1883 1454 dehine

200 1482 319 1528 talia
365 1482 512 1539 fatur.
591 1482 760 1540 sicuti,
800 1483 1069 1541 antequam
1108 1481 1394 1542 loqueretur
1432 1480 1624 1540 Venus,
1661 1480 1881 1528 lacrimis

200 1555 551 1616 praeeuntibus
592 1570 760 1602 vocem
799 1554 1015 1602 ostendit
1055 1555 1174 1615 quid
1213 1555 1396 1603 doloris
1435 1555 1490 1601 in
1534 1555 1726 1602 intimis
1773 1569 1880 1602 sen-

201 1628 333 1676 sibus
387 1629 537 1675 ferret
591 1628 770 1689 quidve
826 1631 954 1676 esset
1009 1628 1202 1675 editura
1256 1645 1344 1690 per
1393 1627 1563 1689 verba,
1609 1629 1682 1675 ita
1730 1629 1881 1675 etiam

198 1701 366 1750 Iovem
419 1702 610 1749 inducit
663 1703 818 1764 signis
872 1704 1145 1750 innumeris
1200 1703 1472 1750 ostendisse
1528 1701 1659 1764 quod
1706 1703 1879 1763 optata
1904 1715 1949 1751 20

200 1777 365 1822 omnia
404 1775 623 1823 dicturus
661 1776 861 1836 fuisset,
901 1779 1016 1824 ante
1056 1778 1188 1823 enim
1219 1793 1368 1838 quam
1399 1777 1591 1824 veniret
1623 1775 1686 1824 ad
1715 1775 1881 1836 verba,

198 1848 367 1895 debuit
405 1850 623 1896 animum
662 1849 793 1897 filiae
834 1850 970 1897 duris
1011 1850 1277 1913 angoribus
1317 1865 1544 1912 pressum
1591 1864 1881 1911 conponere,

198 1925 256 1969 ut
302 1937 469 1970 vocem
515 1924 672 1984 patris
719 1927 888 1971 curato
938 1940 994 1971 ex
1040 1926 1257 1971 maxima
1302 1926 1444 1985 parte
1491 1925 1657 1971 animo
1711 1926 1880 1984 posset
1959 1979 1965 1985 ᾗ

199 1995 389 2055 audire,
436 2011 524 2043 nec
571 1999 793 2058 oportuit
838 2013 947 2044 eam
993 1999 1244 2046 narraturi
1292 1998 1630 2046 circumitione
1678 1997 1879 2057 differri,

198 2085 256 2116 ne
304 2068 490 2117 diutius
538 2072 684 2117 anxia
731 2074 1042 2119 cremaretur.
1119 2071 1386 2132 locuturus,
1433 2073 1614 2132 inquit,
1652 2070 1880 2132 Iuppiter
1902 2082 1963 2133 231

199 2142 422 2202 subrisit3
483 2145 595 2190 risit
641 2146 772 2191 enim
819 2146 961 2206 quasi
1006 2146 1210 2208 vulgare
1258 2147 1334 2193 est
1378 2161 1467 2193 nec
1519 2146 1749 2193 convenit
1795 2145 1878 2192 hic

199 2219 359 2264 motus
399 2218 553 2263 animi
590 2218 653 2265 iis
691 2220 914 2279 personis
954 2234 1102 2280 penes
1144 2235 1266 2280 quas
1303 2234 1495 2267 summa
1525 2221 1747 2280 potestas
1779 2219 1876 2278 est3

198 2289 282 2336 sed
321 2292 638 2353 temperavit,
676 2293 733 2338 ut
771 2291 955 2340 diceret
993 2292 1221 2352 subrisit,
1263 2295 1321 2340 ut
1358 2309 1472 2354 pars
1513 2295 1642 2340 esset
1680 2294 1877 2341 servata

198 2362 422 2423 publicae
482 2366 806 2428 reverentiae,
866 2381 981 2427 pars
1020 2366 1263 2414 —fflhibita
1322 2366 1686 2415 benivolentiae
1749 2381 1875 2428 quae

197 2435 327 2483 filiae
382 2436 525 2484 debet
578 2441 782 2486 vexatae
834 2439 1001 2486 tribui.
1087 2440 1179 2488 hoc
1239 2442 1405 2502 ipsum
1463 2442 1571 2503 ipse
1623 2439 1876 2503 Vergilius
1904 2446 1907 2450 ’
1935 2448 1950 2501 st

316 2552 340 2590 2
373 2548 537 2591 dici—
555 2562 716 2593 nomen
748 2549 955 2606 corrupit
985 2549 1055 2594 ed.
1193 2556 1220 2594 4
1245 2551 1503 2608 propitium
1532 2550 1619 2594 LR
1650 2550 1720 2596 ed.
1753 2551 1873 2608 post.
1933 2542 1961 2606 {tf

193 2607 492 2662 praecipuum
524 2607 595 2651 ed.
721 2611 744 2650 7
771 2609 1050 2664 planissima
1081 2610 1152 2654 ed.
1278 2614 1331 2653 13
1363 2611 1640 2655 consolantis
1668 2624 1703 2652 r.
1741 2613 1746 2664 Ι
1785 2622 1876 2654 sese

196 2664 281 2707 LR
311 2665 391 2709 edI
422 2679 511 2709 esse
541 2680 564 2708 1·
595 2666 702 2710 edF.
808 2671 860 2711 18
892 2668 1069 2713 intimis
1099 2669 1184 2712 LR
1216 2670 1322 2713 imis
1352 2669 1422 2713 ed.
1515 2673 1570 2712 21
1603 2673 1759 2713 tantae
1788 2667 1876 2711 LR
1931 2700 1935 2702 -

194 2728 300 2767 ante
330 2723 366 2767 L
397 2723 438 2767 11
458 2737 579 2767 man.
598 2739 620 2767 r
651 2725 722 2768 ed.
751 2727 758 2777 1
791 2729 983 2770 eveniret
1013 2727 1082 2770 ed.
1198 2732 1255 2770 24
1285 2743 1384 2772 eam
1413 2729 1656 2772 narraturi
1684 2729 1884 2780 circum--

196 2782 334 2827 itione
356 2782 442 2826 LR
472 2797 657 2827 causam
680 2785 966 2829 narrationis
989 2786 1059 2829 ed.
1153 2791 1209 2831 25
1233 2792 1507 2831 cyr-emaretur
1529 2787 1615 2830 LR
1647 2786 1728 2830 edI
1757 2791 1874 2831 tene·

195 2845 319 2886 retur
341 2841 450 2885 edF.
542 2846 596 2885 27
623 2843 683 2887 iis
704 2842 790 2885 LR
812 2844 884 2887 his
906 2844 977 2888 ed.
1069 2849 1126 2888 30
1156 2846 1358 2900 filiorum
1387 2846 1546 2890 debetu
1575 2859 1631 2890 ex
1661 2859 1766 2890 arre
1788 2845 1874 2889 LR.

193 2899 317 2954 filiae
355 2900 478 2944 debet
514 2915 660 2946 uexat·
697 2914 810 2945 corr.
843 2901 944 2958 ipse
974 2903 1015 2946 R
1054 2904 1208 2948 debuit
1244 2918 1300 2949 ex
1322 2910 1458 2961 patre
1487 2903 1526 2947 r'
1556 2905 1792 2962 (apposito
1823 2903 1877 2948 in
1925 2928 1929 2947 .-

195 2958 404 3014 margine
438 2974 468 3015 q
495 2981 547 2996 =
573 2962 760 3018 quaere)
792 2960 954 3017 inepta
985 2963 1332 3020 temptaverunt
1363 2962 1604 3008 editiones.
