2014 3226
794 197 1096 242 AENfflDos
1130 198 1171 242 v
1723 200 1828 252 501

140 338 280 385 cuius
307 337 616 384 commodum
647 338 813 384 fuerat
844 339 1187 400 interceptum.
1251 338 1453 398 factum,
1487 339 1663 401 inquit,
1699 340 1831 400 quod

141 412 258 460 estis
292 411 569 474 adgressae,
602 411 733 472 quod
765 411 975 459 funestis
1007 412 1235 460 manibus
1268 428 1403 474 spem
1431 415 1646 461 vestram
1679 413 1832 460 tradi-

141 485 282 532 distis
307 485 548 545 incendio,
573 485 819 532 insaniam
845 487 1076 546 vestram,
1110 486 1256 546 cives,
1289 488 1656 549 amentiamque
1682 489 1832 534 testa-

138 562 234 606 tur.
312 559 479 605 nullus
519 562 594 606 est
645 560 776 605 enim
822 560 920 607 nisi
966 560 1085 607 satis
1126 560 1540 621 vehementerque
1587 561 1833 622 desipiens

95 648 114 679 5
140 633 228 694 qui
266 632 413 680 rebus
454 634 555 680 suis
595 633 853 680 interitum
892 634 1034 681 ferat.
1114 650 1260 682 ausus
1302 634 1584 682 huiusmodi
1626 637 1713 682 aut
1752 634 1832 682 de-

139 706 317 755 mentis
351 721 454 754 esse
487 709 683 754 constat
715 710 803 755 aut
833 708 1005 755 hostis.
1069 708 1276 770 denique
1309 710 1379 756 sic
1403 709 1643 770 magistro
1668 708 1834 756 furore

138 780 370 842 peccatis,
409 783 467 828 ut
507 780 750 828 confidam
791 797 876 829 vos
925 782 1065 829 navis
1114 785 1308 830 nostras
1356 784 1518 830 castra
1567 782 1834 830 arbitr-atas

141 870 245 902 esse
286 853 566 902 Graiorum.
645 858 870 903 nostrum
910 858 1006 914 est,
1053 858 1284 917 miserae,
1326 855 1562 917 quicquid
1604 856 1745 904 ardet
1783 858 1833 904 et

139 929 378 989 flammat,
410 931 633 977 nostrum
659 931 733 977 est
758 929 993 991 quicquid
1027 946 1115 991 per
1144 936 1334 978 vestras
1367 945 1542 978 manus
1574 930 1832 978 inimicum

72 1016 115 1048 ιο
141 1005 390 1050 consumit
428 1003 724 1050 incendium.
804 1018 862 1051 en
901 1018 983 1063 eyo
1022 1007 1175 1052 vester
1205 1003 1477 1052 Ascanius:
1515 1004 1594 1051 vel
1626 1021 1720 1066 me,
1757 1004 1833 1051 in-

139 1079 263 1139 quit,
296 1076 567 1124 Ascanium
599 1069 820 1125 ve'strum
851 1079 1034 1125 reiecto
1067 1079 1233 1125 furore
1267 1078 1561 1141 cognoscite,
1593 1094 1692 1126 non
1725 1093 1830 1125 sum

140 1151 330 1198 alienus
371 1166 400 1197 a
441 1167 590 1199 causa
638 1152 723 1213 qui
770 1152 960 1213 loquor.
1043 1153 1237 1213 yalea‘m
1284 1155 1394 1200 ante
1435 1153 1586 1212 pedes
1627 1154 1836 1212 proiecit

138 1227 351 1280 inanem,
384 1240 532 1285 quam
564 1226 681 1272 ludo
711 1226 913 1274 indutus
938 1226 1048 1274 belli
1071 1227 1340 1274 simulacra
1363 1227 1537 1274 ciebat:
1569 1227 1638 1274 sic
1663 1225 1834 1273 debuit

140 1315 284 1363 agere
337 1299 423 1361 qui
465 1315 493 1346 a
542 1299 745 1347 furiosis
796 1299 1028 1362 cupiebat
1079 1300 1279 1362 agnosci
1329 1315 1419 1347 nec
1473 1300 1619 1346 aliter
1666 1300 1834 1361 potuit

72 1387 112 1419 15
140 1373 352 1435 exprimi
391 1375 553 1421 status
594 1373 966 1436 desipientium,
1014 1375 1057 1422 si
1098 1376 1228 1421 enim
1267 1373 1373 1421 ulla
1413 1375 1603 1422 sanitas
1642 1373 1834 1435 fuisset,

138 1447 284 1494 illum
325 1449 375 1494 et
412 1449 466 1494 in
505 1448 651 1511 galea
691 1463 984 1512 cognoscere
1024 1448 1311 1495 debuerunt.
1391 1451 1439 1495 et
1469 1448 1679 1509 proiecit
1709 1447 1832 1495 bene

138 1521 363 1569 additum
412 1524 508 1581 est,
561 1523 618 1569 ut
663 1521 974 1584 perturbatio
1022 1522 1272 1584 loquentis
1326 1521 1504 1570 melius
1550 1522 1709 1583 possit
1747 1521 1831 1568 ad-

137 1597 289 1643 verti:
341 1596 479 1642 exuit
517 1597 712 1658 galeam
752 1600 802 1643 et
842 1595 974 1658 quod
1011 1597 1064 1643 in
1104 1596 1399 1658 spectaculis
1439 1597 1645 1643 ornatus
1684 1610 1832 1643 causa

137 1669 342 1732 gerebat
388 1669 582 1717 abiecit.
660 1671 928 1718 accelerant
970 1671 1120 1718 simul
1158 1667 1371 1725 Aeneas,
1419 1670 1569 1717 simul
1614 1671 1815 1730 aymina
1833 1674 1918 1713 675

39 1760 41 1762 ·
70 1756 113 1789 ²⁰
140 1744 406 1791 Teucrum:
445 1745 533 1806 qui
572 1760 698 1806 equo
730 1744 1006 1792 vehebatur
1034 1746 1370 1806 praecesserat
1399 1745 1694 1805 pernicitate
1727 1745 1831 1791 ani-

136 1817 282 1866 malis
315 1818 530 1878 adiutus,
570 1834 683 1865 mox
714 1821 882 1866 tamen
915 1817 1108 1866 Aeneas
1142 1821 1191 1865 et
1223 1819 1375 1865 ceteri
1414 1819 1663 1866 consecuti
1694 1819 1831 1879 sunt3

137 1891 297 1940 omnis
344 1893 477 1939 enim
527 1908 628 1939 una
679 1894 729 1940 et
784 1894 1057 1941 communis
1113 1893 1373 1940 calamitas
1426 1893 1663 1940 moverat.
1757 1895 1834 1939 ast

137 1966 253 2014 illae
291 1967 488 2014 diversa
525 1969 654 2014 meta
685 1982 781 2027 per
811 1967 957 2015 litora
986 1969 1181 2027 passim
1213 1967 1479 2028 diffuyiunt
1514 1966 1759 2025 silvasque
1790 1968 1834 2012 et

45 2058 50 2061 ’
135 2040 292 2088 sicubi
345 2053 557 2088 concava
609 2041 782 2098 furtim
832 2055 958 2089 saxa
1002 2043 1200 2100 petum:
1253 2055 1379 2102 quae
1431 2036 1859 2102 obiurgationem‘

29 2119 37 2130 ”
70 2126 112 2160 2⁵
138 2114 292 2162 solius
338 2113 525 2162 Ascani
578 2115 708 2163 ferre
762 2114 1092 2176 nequiverant
1144 2114 1301 2161 multo
1348 2115 1509 2177 magis
1565 2113 1832 2175 sperabant

138 2203 188 2235 se
214 2189 372 2250 ipsius
396 2187 592 2236 Aeneae
623 2188 1061 2250 multitudinisque
1084 2189 1420 2250 praesentiam
1457 2188 1700 2235 sustinere
1731 2202 1831 2235 non

137 2277 303 2324 posse:
340 2261 548 2324 proinde
586 2263 835 2326 fugientes
874 2261 1112 2324 petebant
1150 2261 1346 2310 diversa
1377 2263 1429 2308 in
1462 2260 1642 2325 quibus
1673 2261 1830 2309 latere

46 2342 76 2382 J
136 2337 439 2398 potuissent,
487 2337 678 2385 scilicet
724 2339 815 2384 aut
861 2335 1032 2385 abdita
1069 2337 1277 2384 litorum
1318 2337 1406 2383 aut
1444 2350 1568 2384 cava
1599 2350 1830 2383 saxorum

31 2468 45 2475 ‚
138 2412 226 2458 aut
275 2410 516 2458 silvarum
554 2410 700 2459 devia
747 2412 835 2458 aut
880 2426 1072 2459 summa
1122 2409 1366 2458 montium
1421 2411 1511 2456 aut
1556 2408 1830 2473 longinqua

37 2516 46 2548 :-
69 2496 114 2531 σο
137 2499 439 2547 camporum.
523 2487 660 2546 piget
708 2486 886 2545 incepti
931 2485 1170 2545 lucisque:
1224 2482 1598 2543 erubescebant,
1650 2482 1830 2544 inquit,

136 2558 549 2619 reprehendentes
602 2559 740 2621 ipsae
800 2558 1007 2606 consilia
1058 2573 1148 2606 sua
1197 2560 1247 2606 et
1299 2558 1489 2605 factum
1539 2555 1831 2604 detestabile

28 2559 49 2616 ὃ

31 2625 55 2708 ζ,

39 2737 51 2770 ,2
257 2717 282 2757 3
315 2717 620 2770 amentemque
650 2713 692 2757 R
731 2727 843 2757 corr.
878 2728 913 2758 r.
1098 2717 1124 2757 8
1164 2714 1374 2758 miseriae
1402 2711 1490 2756 LR
1527 2725 1641 2755 corr.
1674 2725 1708 2754 r.

134 2776 166 2814 ,9
195 2774 402 2829 flammat
423 2772 508 2816 LR
539 2774 696 2817 uritur
727 2772 798 2816 ed.
899 2777 953 2816 13
986 2786 1123 2830 quam
1146 2770 1232 2815 LR
1257 2786 1347 2829 qua
1372 2771 1444 2815 ed.
1470 2772 1519 2814 et
1541 2770 1679 2827 Verg.
1703 2767 1831 2814 libri:

230 2835 283 2875 17
314 2831 597 2888 perturbatio
627 2831 714 2875 LR
738 2833 878 2889 pueri
906 2832 1110 2877 twrbatio
1139 2830 1211 2875 ed.
1374 2834 1429 2875 19
1461 2830 1715 2875 accelerant
1743 2827 1832 2871 LR

139 2895 236 2935 -rat
265 2889 335 2935 ed.
363 2891 412 2934 et
432 2890 571 2949 Verg.
597 2890 707 2934 libri
740 2890 920 2947 optimi.
1021 2894 1078 2934 28
1108 2904 1251 2935 causa
1281 2903 1498 2934 saxorum
1521 2887 1609 2932 LR
1638 2889 1712 2944 (ex
1742 2901 1831 2931 cau

136 2963 355 2995 saxorum
385 2948 676 3008 archetypir)
708 2963 822 2996 cava
851 2964 886 2995 s.
919 2964 942 2993 r
973 2949 1045 2993 ed.
1184 2953 1240 2993 30
1273 2949 1498 3006 lucrisque
1527 2947 1570 2992 R
1601 2959 1714 2991 corr.
1746 2959 1783 2991 r.
1818 2945 1828 3002 2

136 3007 449 3054 erubiscebant
478 3007 526 3053 L.
1782 3027 1785 3029 -
1825 3027 1829 3030 <
