2014 3226
768 171 1070 215 AENEIDOS
1104 172 1165 215 VI
1708 179 1813 229 573

125 314 239 358 twnc
271 314 446 371 eyomet
477 311 718 358 tumulum
748 310 954 359 Rhoeteo
991 313 1045 359 in
1077 313 1212 360 litore
1246 315 1439 361 inanem
1471 317 1692 363 constitui
1729 315 1902 376 [14505

123 399 306 444 maana
344 385 506 432 manis
544 387 615 431 ter
653 398 762 431 voce
801 383 1021 446 vocavis·
1066 388 1216 447 erexi,
1264 388 1450 449 inquit,
1497 389 1694 436 honoris
1741 392 1817 436 tui

127 473 277 506 causa
314 458 562 505 tumulum
602 459 707 505 sine
748 459 942 517 funere,
991 462 1108 520 quia
1148 462 1378 509 confusus
1418 462 1561 509 fuisti
1601 465 1814 524 corpori-

127 532 218 579 bus
244 533 475 580 hostium.
530 547 618 579 nec
643 532 912 592 inquisitus
938 535 1142 594 reperiri
1169 537 1415 595 potueras,
1441 552 1619 583 nomen
1650 539 1815 583 tamen

82 624 103 655 5
128 609 270 653 tuum
310 605 484 653 vocavi
525 606 844 654 sollemniter.
915 622 1022 653 ecce
1055 609 1203 654 amici
1236 610 1452 656 animus:
1493 625 1598 672 ego,
1637 611 1817 671 inquit,

126 696 215 742 per
252 697 328 726 me
371 695 601 741 suprema
641 682 732 726 tua
764 679 1005 740 conplevi,
1045 697 1143 729 non
1176 682 1288 729 aliis
1321 683 1547 730 facienda
1579 685 1814 731 commisi.

127 754 287 802 solent
327 754 457 800 enim
496 770 594 800 non
633 754 815 801 rectius
855 755 1028 817 peragi
1067 771 1192 816 quae
1240 756 1457 803 curanda
1504 757 1815 805 mandantur.

125 841 298 875 nomen
354 831 397 875 et
449 842 591 875 arma
653 828 809 874 locum
863 832 1081 875 servant:
1135 830 1359 891 signatus
1401 834 1474 877 est
1523 831 1660 879 locus
1711 833 1815 892 ipse

126 902 326 949 nomine
363 904 450 950 tuo
498 903 547 948 et
594 916 732 948 arma
779 901 884 948 illic
931 917 1043 949 cum
1094 904 1169 949 tui
1208 903 1436 950 vocabuli
1483 905 1815 966 appellatione

59 993 104 1026 ιο
129 976 360 1023 decorata
410 978 547 1035 sunt,
597 979 653 1022 ut
694 975 780 1036 qui
819 975 991 1022 eadem
1031 976 1211 1023 viderit
1258 977 1526 1024 arbitretur
1574 980 1650 1025 tui
1696 995 1816 1040 quo·

128 1065 222 1112 que
262 1051 447 1097 funeris
494 1049 599 1097 illic
639 1064 750 1096 ossa
796 1049 1063 1097 recondita.
1141 1054 1203 1105 te,
1251 1053 1422 1106 amice,
1470 1054 1663 1110 nequivi
1708 1066 1816 1099 con-

126 1126 308 1183 spicere
347 1127 390 1171 et
409 1124 582 1184 patria
614 1123 841 1171 decedens
864 1137 1046 1183 ponere
1085 1127 1239 1171 terra:
1278 1125 1386 1185 feei,
1427 1126 1513 1185 ait,
1552 1141 1650 1172 non
1683 1126 1815 1187 quod

126 1197 278 1258 volui,
317 1196 402 1245 sed
442 1197 574 1259 quod
612 1198 777 1259 potui,
817 1197 988 1259 optavi
1029 1199 1158 1244 enim
1197 1200 1246 1245 te
1284 1199 1497 1260 reperire
1539 1202 1588 1246 et
1626 1201 1678 1247 in
1710 1199 1815 1247 solo

126 1271 291 1334 patrio
330 1273 443 1319 tuas
482 1271 722 1332 reliquias
755 1271 976 1332 condere,
1017 1271 1150 1333 quod
1182 1273 1299 1333 quia
1330 1288 1427 1320 non
1460 1275 1702 1334 provenit,
1740 1274 1815 1320 in-

61 1352 104 1395 1'5
127 1346 266 1394 venit
302 1345 577 1393 remedium
616 1345 779 1406 dolor,
825 1362 886 1392 ne
926 1346 1165 1393 memoria
1202 1348 1292 1394 tua
1324 1346 1620 1394 inhonorata
1658 1363 1814 1394 rema-

126 1421 278 1467 neret.
357 1420 424 1468 ad
462 1434 585 1480 quae
615 1420 913 1466 Priamides:
951 1419 1261 1483 intellegitur
1298 1420 1564 1482 respondit.
1635 1421 1755 1468 nihil
1788 1435 1814 1467 o

127 1494 234 1550 tibi,
282 1496 454 1549 amice,
502 1494 743 1548 relietum,
791 1496 954 1540 omnm
993 1494 1241 1553 Deiphobo
1286 1494 1469 1541 solvisti.
1519 1497 1561 1542 et
1608 1495 1800 1553 funeris
1817 1501 1903 1540 510

125 1569 337 1616 umbris:
374 1567 467 1616 hoc
506 1571 580 1616 est
618 1567 763 1630 plene
803 1569 991 1632 gratias
1032 1582 1190 1630 agere,
1228 1571 1301 1627 ut,
1342 1567 1474 1629 quod
1504 1567 1697 1615 Aeneas
1730 1567 1814 1615 ad-

127 1643 283 1690 seruit
320 1643 483 1690 minus
522 1643 711 1690 factum
750 1641 893 1689 iuxta
930 1642 1064 1689 illius
1106 1643 1336 1702 exequias
1373 1645 1657 1704 propterea,
1698 1641 1814 1703 quia

7 1711 25 1756 ἓ
59 1733 104 1766 20
128 1731 304 1778 corpus
345 1717 448 1764 eius
494 1716 710 1763 inveniri
756 1731 855 1763 non
901 1717 1088 1777 potuit,
1138 1715 1424 1776 Deiphobus
1471 1715 1656 1762 diceret
1694 1715 1814 1763 satis

7 1839 17 1850 ι
128 1789 380 1838 abundare
426 1790 560 1852 quod
610 1791 799 1838 factum
850 1792 937 1837 est.
1014 1789 1173 1850 primo
1221 1789 1434 1850 quaesiit
1472 1788 1663 1836 Aeneas
1705 1791 1814 1850 quis

4 1869 21 1936 ’ρ
128 1866 300 1912 auctor
337 1865 515 1912 fuisset
554 1863 888 1912 deformitatis
929 1865 1056 1924 eius,
1096 1863 1271 1910 dehinc
1309 1863 1503 1910 rettulit
1543 1878 1593 1910 se
1633 1864 1813 1910 consti·

4 1939 14 1952 ”
125 1939 282 1986 tuisse
322 1938 367 1986 ei
408 1937 723 2000 sepulchrum
759 1938 961 1986 honoris
1001 1952 1164 1997 causa,
1203 1937 1287 1984 sed
1324 1935 1425 1996 ille,
1465 1951 1572 1983 cum
1614 1951 1814 1998 respon-

127 2011 278 2073 deret,
302 2013 539 2075 quoniam
563 2027 820 2075 supremae
844 2011 1247 2059 honorificentiae
1270 2011 1436 2073 potior
1457 2011 1621 2057 fuerat
1652 2025 1815 2071 causa,

8 2105 14 2111 ⁴
60 2102 104 2135 25
126 2086 246 2134 huic
282 2087 444 2149 primo
483 2086 755 2148 respondit,
793 2088 850 2133 ut
882 2085 1161 2134 ostenderet
1192 2100 1243 2132 se
1275 2084 1463 2148 gratias
1496 2098 1641 2147 agere
1671 2083 1815 2131 bene-

127 2159 228 2208 ficii
274 2162 401 2221 eius,
457 2160 631 2208 deinde
681 2159 854 2220 rediit,
908 2161 966 2207 ut
1011 2159 1218 2206 referret
1263 2157 1375 2219 quis
1420 2172 1691 2221 poenarum
1741 2158 1814 2204 in·

127 2233 375 2282 dictarum
422 2237 531 2283 toto
578 2249 781 2296 corpore
829 2235 1002 2280 auctor
1040 2232 1293 2279 videretur
1339 2232 1561 2279 extitisse
1599 2231 1677 2279 vel
1716 2246 1814 2292 quo

3 2012 13 2036 ἱ

0 2043 17 2071 3<

249 2393 272 2432 1
307 2394 420 2434 et—
438 2394 464 2432 2
498 2390 655 2434 vocavi
686 2388 818 2432 deest
847 2388 897 2431 in
928 2387 983 2441 V,
1017 2387 1098 2430 sed
1130 2386 1403 2443 explicatur.
1515 2390 1542 2428 6
1568 2399 1654 2442 per
1682 2399 1750 2430 me
1773 2384 1814 2427 V

120 2462 212 2505 pro
242 2463 309 2493 me
341 2448 412 2492 ed.
537 2453 560 2491 7
594 2450 714 2493 enim
736 2448 778 2491 V
808 2461 879 2492 res
910 2447 981 2490 ed.
1010 2449 1017 2503 Ι
1055 2446 1310 2491 cua-andam
1341 2445 1599 2490 audiantur
1620 2444 1662 2487 V
1693 2446 1813 2488 aste—

128 2507 248 2552 risco
281 2507 487 2565 signavit
517 2507 636 2551 edFI
674 2508 850 2551 temere
886 2507 1000 2549 mut.
1034 2504 1105 2550 ed.
1138 2506 1257 2562 post.
1290 2504 1500 2549 curanda
1534 2503 1816 2548 mandantur

127 2569 253 2611 recte
286 2567 498 2624 Hoppius
530 2582 574 2623 p.
596 2565 708 2610 10³².
819 2570 874 2608 10
913 2565 1111 2610 viderint
1140 2564 1422 2608 arbitrentur
1452 2562 1524 2607 ed.
1631 2565 1684 2606 13
1715 2575 1812 2619 rep·

122 2626 272 2683 periri
300 2625 343 2668 V
375 2640 489 2671 corr.
516 2625 587 2670 ed.
742 2628 915 2668 14—15
947 2623 1150 2667 invenire
1180 2623 1376 2667 medium
1407 2621 1536 2666 dolor
1565 2620 1608 2664 V
1643 2621 1816 2665 invenit

129 2686 374 2730 remediwm
404 2686 447 2728 d.
481 2698 566 2728 nos
605 2684 762 2728 inveni
798 2698 834 2728 r.
868 2682 1039 2727 doloris
1072 2681 1144 2726 ed.
1298 2684 1352 2725 15
1383 2694 1465 2724 nec
1495 2679 1535 2721 V
1565 2693 1622 2724 ne
1652 2678 1722 2723 ed.

131 2748 188 2788 16
220 2749 354 2800 atque
383 2743 427 2788 V
458 2759 500 2788 a.
526 2744 601 2788 hie
632 2742 702 2787 ed.
735 2742 799 2786 ad
828 2755 944 2798 quae
973 2754 1072 2784 nos.
1230 2743 1284 2783 18
1313 2740 1491 2798 gratiae
1520 2737 1562 2782 V
1593 2750 1707 2782 corr.
1740 2736 1811 2782 ed.

220 2806 275 2847 19
314 2802 469 2847 mimus
498 2801 541 2846 V
578 2815 747 2847 manue
788 2801 859 2845 ed.
1011 2803 1069 2843 20
1106 2799 1311 2844 invenire
1341 2797 1383 2841 V
1414 2797 1488 2841 ed.
1528 2798 1592 2840 -ri
1626 2809 1724 2840 nos.

130 2866 187 2906 25
218 2861 447 2907 ostendere
474 2861 518 2905 V
549 2861 785 2906 ostendens
815 2858 911 2903 edi·
942 2863 995 2903 ut
1024 2858 1270 2903 ostenderet
1298 2870 1383 2902 nos
1413 2855 1490 2913 (cf.
1508 2856 1625 2912 827).
1653 2856 1662 2911 1
1688 2855 1812 2899 bene-

127 2921 248 2976 fieiis
277 2920 387 2964 edF.
487 2923 544 2964 26
575 2921 774 2976 reficeret
801 2917 844 2961 V
873 2918 1061 2973 referret
1090 2931 1204 2962 corr.
1230 2915 1340 2961 edF.
1431 2918 1606 2959 26—2‘1
1637 2914 1814 2958 indicia

129 2983 220 3024 toto
249 2979 293 3023 V
323 2980 376 3024 in
406 2984 497 3024 toto
527 2978 600 3023 ed.
633 2978 914 3023 indictarum
944 2982 1034 3022 toto
1064 2989 1148 3020 nos
1180 2974 1255 3034 (cf.
1281 2978 1324 3029 8,
1341 2975 1399 3032 8).
