2014 3226
750 168 1052 213 AENEIDos
1085 169 1147 213 v1
1691 174 1798 225 549

112 309 300 356 lumina
338 310 563 366 flamma:
612 308 906 356 inflexibiles
956 310 1086 357 oculi
1135 311 1238 357 eius
1287 312 1337 357 et
1382 325 1575 371 semper
1614 315 1800 360 stantes

112 382 256 443 quasi
305 382 543 442 quasdam
591 382 813 429 flammas
863 383 1170 432 emittebant.
1247 384 1476 431 sordidus
1522 400 1578 432 ex
1624 387 1801 433 ameris

112 457 235 503 nodo
289 456 520 515 dependet
573 458 803 503 amictus:
856 458 1081 505 velamen
1136 459 1240 505 eius
1296 457 1396 505 tale
1450 459 1613 506 fuerat
1671 459 1802 520 quod

110 530 312 591 plenum
353 545 529 591 corpus
568 532 735 592 tegere
784 547 882 578 non
929 535 1116 593 posset,
1165 532 1373 593 denique
1415 533 1517 581 eius
1557 532 1802 594 pendebat

66 620 85 652 5
110 605 292 651 umeris
333 603 558 651 sordibus
598 606 814 651 taetrum
847 620 935 652 nec
976 606 1151 653 saltem
1190 605 1364 665 fibula,
1405 606 1487 652 sed
1528 606 1656 654 nodo
1697 622 1799 654 sus-

109 693 330 739 pensum.
421 679 523 737 ipse
573 681 727 725 ratem
782 682 915 726 conto
969 680 1148 739 snbiyit
1202 680 1408 738 velisque
1461 682 1706 727 ministrat
1760 683 1803 728 et

109 753 392 811 ferrnyinea
431 753 674 800 subvectat
712 766 916 811 corpora
956 754 1152 801 cumba:
1192 769 1288 801 non
1328 753 1413 800 ille
1454 753 1673 814 aliquam
1714 770 1800 815 po-

108 827 342 873 testatem
389 825 570 888 agendi
616 825 879 874 videbatur
924 827 1127 887 habere,
1176 827 1259 875 sed
1307 843 1538 888 poenam,
1590 828 1800 890 denique

108 899 213 961 ipse
253 899 523 962 subigendo
565 900 747 963 agebat
785 904 958 948 ratem.
1038 917 1148 949 cnm
1181 902 1302 948 dicit
1334 900 1535 964 subigit,
1575 918 1673 949 non
1706 902 1801 949 fuit

42 989 86 1022 10
108 975 213 1022 sine
254 973 440 1022 laboris
480 976 728 1022 tormento
770 974 903 1036 quod
943 975 1134 1038 agebat.
1207 977 1311 1036 ipse
1347 974 1498 1022 dabat
1530 976 1656 1035 vela,
1695 977 1801 1037 ipse

108 1063 317 1109 corpora
354 1048 599 1097 vectabat.
679 1063 790 1095 cum
837 1049 994 1096 multa
1041 1049 1408 1109 multorumque
1456 1049 1621 1096 officia
1667 1050 1800 1097 solus

106 1121 333 1183 inpleret,
359 1121 634 1183 apparebat
655 1122 800 1169 illum
823 1123 1079 1184 perpetuis
1105 1122 1325 1170 deditum
1349 1122 1500 1171 fuisse
1524 1123 1798 1172 tormentis.

109 1198 208 1243 iam
246 1198 422 1251 senior,
461 1197 545 1244 sed
576 1197 730 1244 cruda
770 1197 856 1245 deo
893 1197 1160 1256 viridisque
1190 1200 1426 1244 senectus:
1465 1197 1580 1257 iam,
1618 1197 1800 1259 inquit,

12 1312 22 1318 .
109 1270 273 1318 senior
311 1270 423 1331 fuit,
463 1271 506 1318 si
546 1271 665 1318 anni
704 1272 808 1318 eius
841 1271 1284 1331 considerarentur,
1326 1271 1368 1318 si
1400 1273 1565 1318 autem
1598 1274 1800 1332 aspectu

41 1358 82 1391 15
108 1344 211 1392 eius
253 1345 363 1406 quis
402 1344 664 1392 metiretur
704 1347 940 1406 aetatem,
978 1347 1177 1407 poterat
1215 1344 1374 1392 adhuc
1420 1344 1612 1392 iuvenis
1653 1346 1800 1392 aesti-

105 1419 245 1465 mari.
322 1418 459 1466 illius
500 1418 631 1466 enim
670 1421 906 1480 senectus,
944 1419 1037 1466 hoc
1077 1421 1151 1467 est
1190 1418 1410 1477 canities,
1450 1418 1623 1466 viridis
1663 1418 1801 1466 aliud

107 1492 346 1540 offerebat
397 1493 551 1541 oculis
603 1509 755 1554 quam
804 1496 1004 1555 poterat
1050 1493 1234 1541 veritas
1279 1492 1511 1539 indicare.
1589 1492 1799 1539 viridem
1889 1531 1892 1535 .

106 1566 339 1614 canitiem
379 1582 477 1614 non
517 1569 722 1629 propter
767 1567 983 1615 colorem
1030 1567 1154 1614 dixit
1201 1582 1348 1628 quem
1393 1565 1578 1614 habent
1622 1565 1799 1613 herbae

107 1641 188 1688 vel
226 1639 448 1699 fmndes,
496 1641 580 1688 sed
622 1656 748 1702 quae
789 1641 948 1689 adhuc
994 1657 1092 1690 non
1140 1656 1317 1703 parum
1367 1639 1426 1687 de
1464 1639 1637 1702 primis
1676 1642 1798 1687 tem-

39 1728 82 1761 20
105 1714 310 1776 poribus
342 1716 591 1762 retineret.
663 1715 828 1775 cruda,
861 1715 1040 1776 inquit,
1082 1717 1132 1762 et
1161 1715 1351 1773 viridis,
1383 1713 1500 1775 quia
1535 1716 1799 1775 utrumque

105 1788 325 1837 nondum
374 1788 729 1837 advertebatur
776 1790 840 1837 ad
889 1791 1232 1837 maturitatem
1275 1789 1553 1850 pervenire,
1606 1783 1644 1851 †
1681 1787 1799 1835 dum

106 1865 272 1910 autem
317 1863 564 1911 humanae
611 1863 792 1912 aetatis
843 1867 1066 1912 senectus
1113 1863 1286 1925 plenus
1334 1864 1413 1909 sit.
1487 1862 1580 1908 hac
1625 1863 1781 1909 omnis
1800 1861 1886 1903 305

105 1938 249 1985 turba
287 1938 354 1985 ad
398 1938 537 1997 ripas
584 1939 740 1997 effusa
785 1939 980 1986 ruebat:
1031 1938 1150 1998 huc,
1203 1937 1296 1983 hoc
1343 1937 1417 1983 est
1469 1935 1556 1982 ubi
1604 1933 1797 1983 Charon

106 2010 469 2072 observaverat,
509 2011 831 2060 concurrebat
871 2013 1030 2060 omnis
1070 2010 1345 2058 animarum
1383 2009 1546 2069 turba,
1584 2011 1642 2057 ut
1674 2007 1799 2057 oha-

37 2098 79 2132 25
104 2085 238 2133 ronis
277 2086 437 2147 ipsius
476 2085 755 2135 ministerio
794 2087 1123 2134 traicerentur
1154 2084 1378 2132 ulterius.
1448 2085 1627 2131 matres
1658 2086 1800 2144 atque

107 2162 201 2207 viri
238 2160 560 2220 defunctaque
597 2174 802 2221 corpora
839 2162 941 2207 vita
978 2160 1348 2219 maynanimam
1391 2157 1611 2212 heroum,
1650 2158 1800 2217 paeri

107 2235 432 2294 innuptaeque
461 2234 661 2294 puellae
699 2235 987 2294 inpositique
1023 2234 1153 2294 roy-is
1198 2234 1394 2280 iuvenes
1433 2234 1545 2279 ante
1582 2244 1672 2279 ora
1701 2245 1798 2291 pa-

4 2322 13 2363 2,
47 2328 49 2330 ·
103 2310 320 2355 rentum:
356 2309 410 2355 in
447 2308 537 2355 illa
575 2307 726 2356 turba
763 2309 964 2356 fuerunt
1002 2309 1187 2355 matres
1226 2309 1276 2353 et
1314 2305 1560 2365 mulieres,
1597 2305 1798 2352 fuerunt

5 2387 11 2440 ξ
104 2383 202 2429 viri
241 2383 328 2444 qui
367 2382 719 2444 conpleverant
756 2383 941 2443 vitam3
989 2381 1099 2428 vult
1137 2381 1269 2427 enim
1309 2379 1409 2426 alia
1448 2394 1631 2441 genera
1668 2394 1797 2427 mor-

222 2572 250 2610 4
289 2567 483 2624 denique
520 2568 619 2611 eius
649 2566 691 2610 V
730 2581 786 2610 ex
823 2565 922 2610 inte
979 2579 1043 2609 οε.
1077 2565 1149 2608 ed.
1317 2569 1343 2608 5
1379 2563 1553 2608 mnbris
1588 2562 1799 2607 sordibus

104 2631 268 2670 tetram
297 2625 352 2670 V.
477 2630 503 2670 6
534 2631 696 2671 contus
724 2625 896 2682 subiyit
1104 2628 1159 2667 13
1190 2625 1366 2668 seniore
1395 2620 1449 2666 V.
1580 2625 1635 2664 15
1667 2625 1795 2665 mete—

103 2690 230 2730 retwr
258 2684 313 2729 V.
461 2690 517 2730 16
548 2686 742 2730 canities
769 2685 851 2728 hoc
882 2689 947 2728 est
974 2689 1176 2728 senectus
1206 2682 1278 2726 ed.
1426 2685 1479 2725 18
1510 2679 1724 2726 canitiem
1753 2678 1797 2724 V

102 2749 370 2789 senectutem
401 2744 474 2789 ed.
616 2748 673 2787 20
705 2744 815 2800 quia
845 2748 998 2786 utrum
1002 2756 1087 2799 que
1116 2741 1160 2786 V
1191 2741 1262 2786 ed.
1294 2745 1535 2796 utrumque
1565 2739 1707 2796 quia?

105 2807 157 2847 21
193 2803 302 2847 dum
325 2829 385 2836 —
408 2807 465 2848 22
493 2803 660 2860 plenus
688 2804 750 2847 eit
778 2802 820 2845 V
845 2802 989 2870 plena
1002 2757 1091 2846 qed.
1123 2814 1216 2845 non
1248 2800 1402 2843 minus
1434 2797 1656 2842 absurde.
1702 2795 1797 2842 for-

102 2863 230 2906 tasse
260 2862 467 2908 nondum
487 2866 542 2907 ut
561 2863 791 2907 humanae
814 2861 977 2905 aetatis
1000 2861 1235 2916 effectu-sp
1236 2860 1365 2904 lenus
1385 2862 1523 2903 esset?
1621 2860 1676 2900 22
1707 2856 1798 2900 huc

103 2920 153 2965 in
190 2919 414 2966 lemmate
452 2935 540 2966 om.
574 2920 630 2977 V,
668 2921 720 2966 in
758 2919 950 2976 interpr.
981 2920 1056 2964 hic
1091 2917 1249 2963 habet.
1417 2920 1473 2960 24
1511 2915 1724 2960 charonis
1753 2913 1796 2957 V

106 2979 350 3025 Chao-ontis
373 2980 445 3025 ed
540 2983 598 3024 28
628 2983 795 3025 matres
817 2984 860 3024 et
881 2978 1089 3024 mulieres
1110 2976 1155 3022 V
1176 2978 1227 3022 id
1248 2981 1313 3022 eet
1334 2976 1544 3021 nmlieres
1563 2973 1803 3031 Hoppius
