2014 3226
253 165 439 207 XXVIII
916 160 1256 204 PRAEFATIO

252 304 418 350 referri
459 306 674 363 possunt.
746 304 797 347 at
837 304 950 347 sunt
990 300 1138 346 etiam
1180 315 1303 359 quae
1344 300 1445 346 sive
1488 299 1743 360 archetypi
1781 316 1934 347 manu

252 378 351 424 sive
395 378 520 423 falsa
561 378 717 436 speeie
759 378 860 422 sive
900 373 1174 435 corrigendi
1217 372 1387 419 morbo
1436 372 1629 434 decepti
1675 389 1935 434 perperam

251 452 601 510 temptaverint
657 450 714 496 cf.
761 453 816 507 1,
860 449 979 494 527.
1045 448 1164 493 545.
1230 447 1350 492 563.
1417 447 1470 506 2,
1522 447 1640 493 752.
1705 448 1759 507 3,
1810 449 1935 494 301.

254 525 369 570 578.
422 526 538 569 (341.
590 525 634 570 4.
664 524 781 568 210.
826 522 943 567 212..
988 521 1105 567 655.
1159 521 1206 580 5,
1237 521 1354 578 707,
1399 522 1514 566 sunt
1554 521 1654 566 alia
1693 536 1819 581 quae
1857 523 1930 567 in-

251 600 465 643 correcta
527 596 817 656 reliquerint
878 595 1114 655 plurima,
1177 595 1326 640 etiarn
1391 595 1572 640 omissa
1633 596 1689 640 ut
1753 596 1799 654 4,
1846 597 1931 642 40.

248 672 406 717 rarior
460 670 656 716 omnino
711 669 761 715 in
817 668 1005 715 decimo
1067 667 1193 714 libro
1256 667 1491 714 correctio
1549 669 1623 714 est
1678 683 1826 728 quam
1879 670 1930 714 in

249 744 387 790 libris
429 743 592 789 I—V.
671 758 757 788 nec
799 744 963 788 omnia
1004 741 1276 803 corrigendi
1320 756 1468 788 causa
1509 741 1747 788 adnotata
1794 745 1932 789 sunt:

248 833 390 877 saepe
439 819 567 863 enim
615 817 793 864 codicis
840 816 1050 862 lectione
1098 830 1254 875 neque
1302 830 1441 862 erasa
1487 830 1647 876 neque
1688 818 1937 876 expuncta.

248 907 402 950 neque
443 893 635 937 mutata
676 893 763 936 aut
802 890 902 936 alia
941 891 992 935 in
1032 890 1253 951 margine
1295 888 1486 936 adiecto
1520 888 1656 948 „vel“
1693 884 1739 950 (l
1770 889 1848 936 vel
1880 883 1934 955 λ)

246 965 498 1024 proposita
539 968 623 1010 aut
663 964 834 1025 aliqua
873 963 1117 1010 dubitatio
1158 962 1328 1010 addito
1369 961 1608 1022 ,‚quaere“
1650 955 1729 1028 (q)
1777 964 1934 1026 signi--

245 1039 391 1083 ficata
438 1042 523 1084 est.
602 1040 916 1085 correxerunt
963 1036 1200 1095 codicem,
1250 1052 1359 1082 cum
1405 1038 1507 1083 iam
1554 1037 1740 1099 ligatus
1781 1040 1930 1097 esset3

245 1127 357 1157 nam
407 1111 467 1157 ad
516 1113 888 1171 quaternionem
935 1110 1350 1157 undevicesimum
1403 1126 1492 1171 per
1546 1126 1760 1158 errorem
1815 1113 1935 1158 ante

245 1184 690 1231 duodevicesimum
723 1186 964 1231 insertum
997 1186 1048 1230 in
1083 1184 1213 1230 calce
1246 1184 1356 1230 folii
1385 1184 1540 1230 136ss
1568 1187 1617 1231 et
1641 1184 1927 1232 f01i1144B

246 1259 442 1304 secundi
482 1260 770 1306 correctoris
810 1251 851 1305 r'
882 1274 1031 1304 manu
1071 1261 1236 1318 „verte
1277 1257 1682 1319 quaternionem“
1722 1258 1927 1306 adnota-

244 1334 348 1377 tum
390 1334 475 1379 est.
553 1333 737 1379 mansit
776 1331 959 1379 ordinis
998 1330 1332 1392 perturbatio,
1379 1346 1488 1378 cum
1536 1333 1588 1378 in
1627 1331 1934 1379 bibliotheca

245 1404 487 1453 Vaticana
541 1421 668 1453 novo
723 1406 977 1452 involucro
1033 1404 1158 1451 liber
1210 1408 1482 1453 ornaretur.
1568 1405 1769 1453 secundi
1823 1421 1927 1454 cor-

242 1480 443 1526 rectoris
490 1474 535 1525 r'
583 1481 794 1542 vestigia
842 1479 904 1526 ad
953 1482 1167 1526 aetatem
1212 1478 1328 1525 libri
1375 1481 1655 1526 accuratius
1695 1478 1926 1527 definien-

244 1552 355 1597 dam
402 1554 535 1600 viam
583 1555 824 1614 aperiunt.
903 1556 1037 1599 extat
1085 1554 1215 1598 enim
1262 1554 1315 1599 in
1363 1554 1474 1599 folii
1510 1554 1611 1600 168
1652 1555 1840 1617 pagina
1870 1554 1930 1614 B,

243 1625 381 1672 cuius
422 1627 629 1674 alteram
668 1630 861 1688 partem
900 1641 1110 1674 vacuam
1150 1641 1253 1673 esse
1291 1642 1440 1688 supra
1471 1629 1758 1687 memoravi,
1790 1627 1930 1676 illius

241 1700 412 1758 procul
452 1699 599 1747 dubio
638 1716 789 1747 manu
828 1702 1066 1761 scriptum
1107 1716 1303 1748 carmen
1343 1700 1614 1761 sepulcrale
1654 1701 1766 1748 hoc:

387 1773 465 1819 hic
504 1773 626 1821 situs
667 1777 741 1821 est
781 1773 931 1821 abbas
970 1774 1047 1834 H„
1086 1775 1369 1835 praeclarus
1408 1774 1605 1836 ubique,

463 1848 542 1894 cui
580 1862 733 1911 genus
773 1850 822 1894 et
859 1863 1018 1895 mores
1057 1847 1270 1894 culmine
1310 1847 1461 1911 digna
1501 1848 1701 1907 dabant,

387 1919 576 1968 Aldrici
615 1921 674 1967 de
711 1921 865 1968 fratre
904 1937 1068 1982 nepos,
1109 1923 1197 1982 qui
1234 1921 1432 1983 praesul
1472 1923 1708 1970 amandos

459 1996 674 2054 protexit
714 1993 942 2054 Senones,
981 2010 1068 2042 nos
1107 1996 1218 2056 pius
1258 1997 1373 2042 ante
1411 1998 1566 2056 pater.

388 2066 558 2114 doctus
598 2071 647 2115 et
684 2068 911 2116 indoctus
950 2069 1125 2116 merito
1164 2068 1445 2117 laudaverit
1481 2070 1655 2130 istum3

461 2142 614 2189 sensit
651 2142 781 2188 enim
818 2142 1019 2202 iustum,
1059 2143 1211 2190 sensit
1248 2145 1455 2204 uterque
1493 2144 1645 2205 pium.

387 2217 499 2274 post
537 2215 652 2261 felix
693 2217 883 2263 senium
921 2217 1074 2263 vitam
1116 2231 1226 2264 cum
1264 2218 1484 2278 tempore
1523 2218 1687 2278 liquit,

460 2288 624 2335 vivere
664 2288 806 2336 detur
845 2289 888 2336 ei
929 2305 1120 2350 semper
1157 2291 1210 2336 in
1250 2304 1359 2337 arce
1399 2290 1518 2352 poli.

387 2359 596 2408 luximus
634 2361 778 2422 hunc,
817 2363 992 2423 fateor,
1031 2362 1115 2410 sed
1153 2379 1251 2410 non
1290 2364 1531 2427 lugendus
1570 2364 1800 2424 habeturt,

459 2435 643 2496 gaudia
681 2451 796 2483 nam
834 2436 1007 2496 pendit
1045 2437 1160 2484 huic
1198 2436 1318 2484 bene
1357 2453 1538 2498 pensus
1577 2453 1728 2485 amor.

238 2505 329 2555 hoc
375 2523 569 2555 carmen
615 2524 712 2555 non
759 2524 816 2556 ex
855 2509 1108 2571 epitaphio
1149 2511 1427 2572 antiquiore
1466 2511 1786 2574 descriptum,
1835 2511 1919 2560 sed
2006 2549 2013 2554 .

237 2580 392 2640 ipsius
432 2582 642 2643 sepulcri
676 2597 824 2630 causa
854 2583 1040 2631 factum
1072 2599 1175 2631 esse
1206 2585 1533 2646 temptamina
1565 2584 1736 2632 eadem
1766 2601 1920 2633 manu

238 2652 487 2715 adscripta
539 2655 602 2702 ad
655 2671 699 2703 v.
743 2658 772 2703 2
828 2656 1058 2715 „luminis
1111 2658 1270 2705 instar
1323 2657 1492 2705 erant⁶⁶
1547 2661 1596 2706 et
1650 2659 1714 2706 ad
1766 2675 1811 2708 v.
1848 2660 1915 2707 10

238 2727 448 2789 „gaudia
494 2726 634 2775 cum“
680 2728 867 2776 docent.
945 2731 1142 2791 scripsit
1194 2746 1310 2794 ergo
1365 2734 1538 2780 auctor
1590 2731 1757 2780 oblato
1813 2734 1915 2794 epi-

238 2799 398 2861 taphii
437 2801 758 2862 componendi
796 2818 1011 2862 munere,
1042 2802 1158 2850 dum
1199 2805 1486 2867 corrigendo
1526 2804 1683 2854 codici
1714 2821 1916 2867 operam

237 2870 339 2931 dat,
375 2874 426 2920 in
467 2876 650 2937 pagina
687 2890 844 2922 vacua
881 2891 1063 2935 versus,
1103 2878 1189 2938 qui
1227 2893 1324 2925 non
1363 2880 1525 2927 minus
1565 2893 1714 2939 quam
1752 2895 1914 2926 emen-

237 2944 460 2995 dationes
498 2947 739 3009 plurimae
779 2964 889 2995 eum
929 2950 1048 2997 satis
1088 2949 1336 3010 eruditum
1375 2952 1525 3000 fuisse
1557 2951 1912 3000 demonstrant.
