2014 3226
169 169 275 222 328
635 167 866 211 DONATI
897 166 1177 210 INTERPR.
1210 165 1390 209 VERG.

173 309 302 372 quod
350 310 680 357 demonstrari
727 309 923 369 poterat
969 310 1017 353 et
1063 306 1234 354 videri.
1313 322 1420 354 ecce
1460 306 1641 368 Apollo
1687 322 1863 354 consu-

171 385 295 431 litur
346 387 394 430 et
439 382 723 443 respondet,
763 381 945 442 Apollo
993 380 1108 428 deos
1155 381 1350 442 penatis
1398 380 1520 427 facit
1565 380 1704 441 loqui
1750 395 1864 428 cum

171 458 354 517 Aenea,
386 473 446 503 ne
482 456 543 503 ad
577 455 838 518 Ortygiam
876 453 1061 514 redeat,
1093 454 1275 515 Apollo
1315 470 1445 501 nunc
1483 454 1687 502 Italiam
1725 470 1862 502 mon-

83 537 170 576 480
190 534 327 579 strat.
408 532 543 583 vade,
585 531 666 583 ait,
708 542 735 576 0
774 529 892 587 felix
929 530 1035 575 nati
1064 529 1268 586 pietate:
1324 530 1669 575 ornamentum
1708 530 1862 576 totius

173 605 335 653 laudis
377 605 595 651 servavit
628 603 691 650 ad
721 603 883 662 finem,
915 601 1110 649 felicem
1140 602 1365 649 iudicans
1399 618 1510 648 eum
1543 601 1630 663 qui
1660 602 1864 650 haberet
1910 618 1932 650 5

172 680 327 725 filium
368 679 511 725 tanta
550 678 738 738 pietate
778 677 1130 738 praestantem.
1207 690 1364 736 usque
1405 676 1526 723 adeo
1568 677 1699 737 quod
1735 691 1863 723 sum-

173 769 309 798 mum
349 752 458 811 fuit,
497 753 555 797 ut
595 751 781 797 dictum
822 753 910 811 est,
951 751 1170 797 servavit
1210 749 1272 796 ad
1311 748 1473 810 finem,
1521 753 1578 797 ut
1616 750 1743 796 nihil
1784 750 1867 797 de-

172 827 286 873 hinc
327 824 574 872 addiderit
613 824 745 886 quod
784 825 1054 885 pertineret
1086 823 1150 870 ad
1181 823 1392 871 laudem.
1457 823 1703 870 minuitur
1735 825 1868 871 enim

173 901 401 947 meritum
457 898 618 946 laudis
675 901 723 945 et
778 897 931 958 cadit,
995 899 1037 944 si
1090 899 1205 959 post
1258 899 1527 959 praecipua
1582 901 1630 945 et
1683 913 1867 961 magna

172 974 337 1020 meriti
383 973 632 1021 inferioris
681 974 767 1019 aut
815 971 1006 1019 deiecta
1050 973 1336 1035 iungantur.
1414 972 1530 1030 quid
1579 973 1713 1019 ultra
1749 986 1866 1032 pro·
1893 987 1939 1020 ιο

173 1049 315 1095 vehor
362 1050 404 1094 et
448 1047 600 1106 fando
648 1048 890 1106 sument-is
930 1047 1149 1093 demoror
1189 1046 1414 1093 austros?
1490 1045 1650 1106 venti,
1689 1045 1868 1107 inquit,

173 1121 317 1168 fiant:
373 1137 473 1168 non
512 1120 664 1168 debeo
704 1119 889 1167 fabulis
928 1119 1235 1183 longioribus
1274 1121 1515 1167 inmorari
1557 1119 1871 1167 commodum

175 1198 408 1243 vestrum.
466 1209 552 1242 nec
590 1195 752 1241 minus
783 1192 1126 1241 Andromache
1165 1195 1386 1253 diffessa
1423 1197 1609 1241 maesta
1646 1207 1872 1254 supremo

174 1271 269 1330 fert
297 1271 576 1328 picturatas
616 1269 730 1316 auri
767 1269 1060 1328 subteymme
1097 1271 1245 1315 vestes
1287 1271 1329 1314 et
1357 1267 1624 1328 Phryyz'am
1654 1266 1871 1316 Ascanio

87 1348 173 1388 485
192 1344 488 1402 chlamydem
532 1357 618 1390 'nec
664 1343 787 1390 cedit
829 1343 999 1389 honori
1045 1342 1379 1401 temtilibasque
1421 1345 1589 1389 onerat
1634 1343 1775 1389 donis
1814 1356 1872 1389 ac
1895 1356 1942 1389 15

178 1418 296 1464 talia
327 1418 490 1476 fatur:
521 1416 882 1476 Andromache,
913 1416 1093 1476 inquit,
1123 1415 1283 1463 tristis
1317 1416 1375 1463 de
1408 1431 1608 1463 suorum
1641 1431 1871 1478 supremo

178 1491 407 1538 abscessu
453 1490 641 1538 ferebat
688 1493 851 1538 vestes
890 1489 1107 1537 Ascanio
1155 1489 1466 1552 subtegmine
1513 1491 1736 1538 variatas
1778 1489 1873 1537 hoc

178 1568 251 1613 est
290 1564 374 1612 filo
415 1580 534 1612 auro
573 1564 763 1612 incluso
804 1563 1078 1611 distinctas.
1158 1579 1270 1611 cum
1309 1563 1432 1612 dicit
1471 1563 1632 1625 qualis
1681 1566 1729 1611 et
1774 1579 1873 1611 non

179 1639 300 1687 dicit
348 1641 561 1700 quantas
607 1654 766 1699 neque
815 1653 898 1686 eas
944 1639 1079 1700 ipsas
1126 1637 1412 1699 specialiter
1456 1639 1707 1695 numerat,
1761 1637 1872 1699 plus

178 1713 338 1762 voluit
382 1714 435 1760 in
483 1713 811 1775 generalitate
858 1713 1031 1760 sentiri
1079 1727 1229 1773 quam
1275 1712 1487 1760 forsitan
1532 1712 1746 1759 fuerant.
1824 1714 1874 1758 et
1897 1726 1944 1759 20

180 1787 452 1850 Phrygiam
482 1786 697 1834 Ascanio
739 1786 1014 1848 clamydem
1045 1802 1135 1834 nec
1167 1786 1298 1834 cedit
1327 1786 1526 1834 honori:
1566 1785 1663 1832 duo
1694 1787 1876 1833 merita

180 1862 348 1923 posuit
379 1860 671 1923 chlamydis,
702 1877 857 1908 unum
890 1860 1022 1922 quod
1061 1862 1189 1910 esset
1219 1859 1454 1923 Phrygia,
1489 1875 1616 1921 quae
1646 1875 1725 1907 res
1758 1859 1876 1906 dare

181 1933 348 1996 potuit
391 1949 541 1983 usuro
582 1935 844 1995 solacium,
894 1936 1012 1995 quia
1051 1934 1284 1982 veniebat
1319 1934 1410 1981 illa
1449 1950 1507 1981 ex
1546 1933 1874 1998 originalibus

181 2009 347 2069 terris,
405 2009 615 2056 alterum
670 2009 800 2070 quod
854 2010 1026 2057 tantae
1079 2008 1272 2071 gratiae
1325 2007 1444 2067 fuit,
1500 2010 1555 2056 ut
1601 2008 1780 2056 honori
1826 2009 1876 2054 et

182 2082 360 2129 merito
409 2083 694 2130 conveniret
730 2082 938 2130 Ascani:
1000 2098 1117 2129 nam
1164 2081 1317 2145 digna
1362 2083 1461 2129 fuit
1507 2097 1606 2144 qua
1651 2083 1876 2129 uteretur
1899 2095 1944 2128 2⁵

184 2155 324 2216 talis,
371 2155 548 2219 dignus
597 2158 751 2204 etiam
788 2157 1031 2204 Ascanius
1080 2157 1170 2218 qui
1214 2157 1412 2203 tantam
1456 2171 1562 2204 rem
1601 2155 1876 2217 adplicaret

183 2229 352 2277 usibus
385 2230 499 2278 suis.
553 2229 645 2277 hoc
674 2230 936 2278 moraliter
964 2231 1185 2292 positum
1217 2231 1312 2293 est3
1352 2232 1468 2278 sunt
1499 2230 1631 2278 enim
1661 2230 1875 2291 plerum-

185 2318 279 2365 que
333 2303 559 2351 nonnulli
613 2305 723 2365 qui,
777 2319 890 2352 cum
935 2305 1035 2366 ipsi
1081 2306 1182 2352 sint
1226 2303 1437 2352 humiles
1486 2305 1636 2365 atque
1683 2302 1877 2361 deiecti,

183 2378 392 2424 utantur
436 2377 656 2426 vestibus
705 2393 828 2439 quas
876 2377 1174 2439 deforment,
1221 2381 1336 2426 sunt
1383 2378 1468 2439 qui
1508 2393 1619 2425 cum
1657 2376 1876 2425 vestibus

185 2452 286 2499 suis
317 2451 429 2512 pari
457 2450 642 2499 honore
675 2451 995 2500 contendant:
1027 2452 1079 2499 in
1101 2451 1317 2501 Ascanio
1348 2451 1505 2516 igitur
1537 2454 1587 2499 et
1617 2449 1876 2512 chlamyde
1901 2465 1974 2515 ως-

185 2540 278 2587 par
314 2525 547 2572 meritum
577 2524 730 2573 fuisse
760 2525 1021 2574 laudatum
1053 2528 1142 2574 est.
1203 2525 1426 2587 chlamys
1459 2525 1566 2574 sola
1595 2525 1879 2586 specialiter
1964 2517 1979 2550 f

187 2738 275 2782 LR
305 2738 412 2783 add.
444 2737 555 2782 L'II
583 2751 706 2782 man.
739 2737 790 2782 r'.
943 2745 970 2784 5
1002 2741 1218 2786 indicans
1247 2740 1319 2785 ed.
1474 2743 1528 2783 10
1561 2743 1645 2783 aut
1682 2751 1770 2784 om.
1804 2738 1876 2783 ed.

279 2802 335 2842 14
372 2798 620 2843 subtemine
656 2797 764 2851 LR,
811 2798 894 2842 sed
939 2798 1064 2843 infra
1100 2799 1389 2857 subteymine.
1543 2802 1598 2842 18
1638 2811 1754 2843 awro
1791 2797 1880 2840 LR.

187 2870 327 2902 aua-eo
358 2856 430 2901 ed.
482 2860 488 2911 Ι
544 2870 645 2900 cum
675 2856 763 2900 LR
792 2870 826 2902 c.
860 2858 973 2902 dicit
1003 2859 1136 2914 quale
1167 2858 1240 2903 ed.
1281 2858 1325 2903 d.
1357 2871 1432 2914 qu.
1466 2856 1558 2902 del.
1592 2857 1663 2902 ed.
1695 2858 1804 2912 post
1873 2884 1878 2889 -

191 2919 245 2958 19
277 2929 354 2959 eas
384 2929 473 2959 om.
507 2915 578 2959 ed.
627 2917 636 2972 Ι
686 2917 798 2972 plus
826 2915 914 2960 LR
946 2918 1012 2973 pl.
1045 2918 1165 2962 enim
1196 2917 1268 2962 ed.
1421 2921 1476 2960 29
1518 2921 1715 2961 utuntur
1745 2915 1816 2959 od.
1962 2911 1985 2938 ·‘

191 2977 244 3016 31
277 2975 436 3019 clamis
463 2975 562 3019 sola
591 2974 679 3017 LR
709 2975 985 3032 chlamydem
1014 2977 1159 3021 solam
1189 2976 1262 3022 ed.
1304 2998 1306 3001 v
1861 2982 1870 2987 ”

308 2683 421 2722 1-2
454 2679 711 2724 consuletur
742 2685 783 2724 et
812 2658 1047 2737 respondit
1076 2681 1163 2724 LR
1195 2694 1308 2725 corr.
1339 2695 1364 2724 ι·
1394 2680 1466 2725 ed.
1596 2684 1624 2723 4
1654 2680 1758 2724 ‘nati
1788 2693 1875 2723 om.
1947 2686 1988 2928 Ξ
