2014 3226
811 163 1115 208 AENEIDos
1147 164 1189 207 Π
1741 167 1846 219 245

155 318 288 350 meos
337 304 506 350 stravi.
586 302 755 349 debuit
802 303 932 350 enim
980 319 1090 351 cum
1139 305 1393 353 commodo
1449 320 1539 353 suo
1595 306 1733 366 ferri,
1788 324 1847 352 ne

156 378 409 439 ingratum
448 375 588 423 fieret
627 377 760 438 quod
799 377 945 438 pleno
984 377 1281 426 reddebatur
1314 378 1566 440 obsequio.
1628 381 1848 427 succedo-

156 466 246 511 que
283 452 442 497 oue-ri:
497 452 675 509 stravi,
721 450 909 512 inquit,
958 452 1086 498 colla
1125 455 1174 499 et
1213 468 1408 500 umeros
1447 468 1582 501 meos
1623 455 1671 500 et
1711 454 1847 501 oneri

156 525 378 573 successi.
464 524 658 571 deartrae
711 539 762 571 se
805 540 998 584 parvus
1051 526 1197 572 Iulus
1258 527 1484 586 inplicuit
1542 529 1850 588 sequiturque

111 615 130 648 5
146 603 341 659 patrem
379 611 477 644 nou
507 599 742 657 passibus
775 601 966 657 aequis:
1005 599 1130 645 dixit
1162 602 1363 660 factum,
1396 601 1522 648 dixit
1553 603 1602 649 et
1633 616 1848 649 causam.

154 671 355 720 tenebat
401 672 545 732 mihi,
592 673 778 733 inquit,
827 689 1030 720 manum
1069 673 1199 720 filius
1242 690 1377 722 meus
1418 690 1625 735 sequens
1665 691 1743 722 me
1783 678 1849 736 et,

155 762 265 794 cum
302 745 505 793 *deberet
544 745 691 793 lateri
729 762 838 794 meo
878 747 1148 807 inhaerere,
1196 763 1389 809 semper
1435 751 1681 810 posterior
1728 750 1848 811 fuit3

154 826 253 868 non
286 820 416 868 enim
448 821 682 881 poterant
704 821 862 881 patris
889 822 1125 884 fugientis
1152 837 1345 884 gressus
1372 823 1585 884 pueriles
1612 838 1847 884 aequare:

155 897 205 942 et
250 896 302 941 in
349 893 442 940 hoc
488 894 707 941 laborem
761 909 903 942 suum
959 895 1119 942 voluit
1173 895 1532 956 demonstrare,
1586 899 1643 944 ut
1696 914 1850 944 unum

88 984 131 1017 ιο
154 969 320 1029 ferret,
346 967 559 1015 alterum
583 968 815 1015 traheret.
875 968 1050 1016 deinde
1078 985 1340 1030 personam
1373 972 1630 1033 coniungit
1659 971 1847 1019 uxoris:

146 1057 291 1102 poue,
323 1042 409 1102 ait,
439 1043 571 1090 subit
600 1045 825 1090 eoniume.
887 1059 1012 1090 uxor
1050 1043 1350 1105 sequebatur
1389 1045 1562 1092 omnis.
1623 1046 1832 1103 ferimur
1851 1050 1935 1090 725

145 1131 240 1176 per
292 1131 447 1176 opaea
501 1116 734 1173 locorum,
788 1132 878 1178 per
931 1117 1040 1164 loca
1095 1118 1283 1165 scilicet
1335 1118 1541 1166 diversis
1590 1118 1849 1167 arboribus

155 1193 409 1252 occupata.
488 1194 531 1238 et
566 1205 662 1246 me,
703 1206 842 1251 quem
880 1191 1069 1238 dudum
1106 1206 1204 1239 uon
1242 1193 1347 1239 ulta
1384 1194 1562 1240 iniecta
1599 1194 1853 1241 movebant

155 1266 249 1312 teta
286 1279 437 1324 neque
476 1265 671 1312 adversi
704 1265 959 1325 ytomerati
999 1280 1054 1312 ex
1093 1268 1284 1326 aymiue
1326 1265 1474 1322 Grai,
1520 1282 1651 1315 nuuc
1689 1281 1851 1315 omues

89 1353 130 1386 15
155 1342 334 1386 terrent
386 1353 562 1394 aurae,
615 1353 764 1386 sonus
820 1341 993 1387 eoecitat
1037 1342 1192 1387 omnis
1241 1354 1531 1399 suspensum
1579 1344 1622 1388 et
1657 1343 1852 1400 pariter

155 1415 407 1473 comitique
446 1415 672 1472 onerique
711 1415 976 1461 timentem:
1035 1430 1157 1474 non,
1203 1415 1392 1475 inquit,
1439 1430 1536 1476 quo
1575 1415 1710 1476 ipsas
1749 1430 1848 1463 me-

154 1489 344 1534 tuerem
390 1486 641 1548 tenebras,
689 1487 934 1535 sollicitus
973 1488 1062 1548 fui,
1102 1488 1188 1535 sed
1226 1504 1287 1536 ne
1327 1488 1386 1535 de
1424 1487 1642 1536 tenebris
1680 1490 1847 1551 inpro-

154 1562 290 1609 visus
335 1561 492 1609 hostis
540 1563 824 1624 emergeret.
903 1578 1015 1610 cum
1054 1562 1210 1623 solus,
1248 1563 1436 1623 inquit,
1476 1577 1630 1610 essem
1670 1566 1720 1610 et
1759 1562 1849 1611 cir-

156 1636 408 1684 cumfusus
446 1635 603 1683 hostis
641 1638 834 1698 tegeret
872 1636 1032 1684 latera
1069 1652 1195 1697 mea,
1233 1636 1372 1683 nullo
1411 1638 1547 1684 metu
1593 1637 1850 1700 tangebar,

28 1765 35 1779 .-
87 1723 131 1756 20
156 1709 241 1757 sed
288 1724 400 1756 cum
447 1709 506 1756 de
556 1709 830 1758 adfectibus
877 1709 998 1758 meis
1046 1709 1316 1758 liberandis
1364 1711 1636 1774 cogitarem
1674 1726 1850 1772 resque

154 1784 265 1845 ipsa
297 1785 426 1831 esset
454 1782 507 1830 in
538 1783 782 1845 manibus,
814 1800 913 1832 non
945 1801 1022 1832 me
1053 1784 1249 1832 hostilis
1283 1783 1548 1847 adgressiO,
1582 1784 1667 1832 sed
1700 1799 1850 1832 eausa

153 1857 383 1905 terrebat.
462 1872 575 1904 cum
614 1857 744 1905 enim
783 1860 931 1921 turpe
979 1861 1106 1906 esset
1159 1861 1376 1905 metuere
1425 1859 1532 1906 viro
1579 1859 1721 1919 forti,
1770 1874 1849 1906 ex-

154 1932 461 1980 cusationem
507 1932 770 1980 necessarii
815 1931 1013 1980 timoris
1062 1932 1308 1994 adiunxit,
1356 1934 1415 1979 ut
1451 1933 1613 1996 magis
1652 1932 1850 1980 laudari

154 2004 393 2066 debuerit,
432 2005 553 2067 quia
590 2006 777 2067 timuit,
817 2022 967 2068 quam
1004 2006 1311 2069 reprehendi.
1383 2006 1648 2068 comitique
1690 2007 1848 2054 oneri·

87 2093 130 2126 25
154 2094 248 2141 que
294 2081 575 2127 timentem:
628 2081 683 2127 in
729 2081 973 2144 singulari
1018 2095 1222 2127 numero
1270 2096 1369 2128 non
1415 2096 1570 2127 unum
1618 2081 1850 2128 comitem

153 2153 543 2217 intellegendum
599 2156 695 2215 est,
749 2154 835 2203 sed
882 2157 1173 2216 utrumque,
1227 2156 1284 2201 ut
1338 2155 1500 2202 oneris
1547 2154 1848 2217 significatio

153 2229 402 2288 pertineat
441 2227 504 2276 ad
542 2230 753 2290 patrem,
793 2229 989 2276 comitis
1030 2230 1081 2275 et
1119 2227 1182 2276 ad
1220 2243 1435 2275 uxorem.
1497 2229 1692 2288 iamque
1714 2242 1832 2288 pro·
1850 2231 1937 2271 730

72 2322 74 2324 ’
145 2302 454 2362 pinquabam
483 2304 645 2361 portis
683 2317 962 2362 omnemque
999 2302 1200 2350 videbar
1239 2303 1448 2350 evasisse
1491 2303 1646 2358 viam,
1691 2303 1849 2350 subito

154 2389 264 2423 cum
301 2377 466 2424 creber
503 2377 570 2424 ad
609 2378 749 2425 auris
787 2379 922 2424 visus
962 2377 1128 2424 adesse
1157 2377 1343 2436 pedum
1373 2377 1586 2424 sonitus:
1624 2377 1850 2438 suspensi

272 2564 299 2604 8
332 2561 526 2616 aequari
548 2561 636 2605 LR
660 2561 731 2606 ed.
756 2575 953 2618 aequare
975 2561 1020 2604 H
1045 2561 1115 2605 ed.
1140 2562 1262 2617 post.
1290 2561 1506 2617 (puerilis
1527 2574 1551 2603 r
1570 2594 1580 2604 .
1691 2563 1744 2602 13
1777 2573 1848 2604 oe-

154 2624 323 2675 cupata
360 2619 447 2663 LR
483 2619 557 2664 vel
597 2625 794 2677 opacata
830 2619 867 2663 r‘
906 2620 957 2664 in
995 2633 1143 2677 marg.
1202 2623 1208 2677 1
1265 2620 1495 2665 nonnulla
1577 2618 1620 2662 R
1661 2631 1775 2663 corr.
1810 2633 1846 2662 r.

246 2683 300 2721 14
331 2678 514 2724 adversi
535 2678 623 2723 LR
646 2679 718 2725 ed.
745 2680 932 2724 adverso
956 2678 1094 2737 Verg.
1120 2678 1231 2724 libri
1255 2692 1414 2723 omnes
1439 2681 1488 2723 et
1510 2676 1560 2722 r'.
1664 2681 1718 2720 1⁷
1744 2677 1845 2734 pol-

155 2735 309 2782 licitus
338 2737 426 2781 LR
455 2751 569 2782 corr.
602 2753 637 2782 r.
761 2741 818 2782 20
849 2752 952 2782 eum
982 2737 1070 2781 LR
1101 2738 1172 2782 ed.
1206 2752 1308 2782 cum
1339 2738 1393 2782 de
1423 2737 1564 2795 noa!
1606 2749 1657 2780 co
1697 2736 1848 2781 'tarem

154 2793 241 2838 LR
270 2809 454 2853 operam
484 2798 641 2842 darem
672 2797 744 2842 ed.
867 2801 924 2840 24
953 2797 1154 2851 feriendi
1182 2797 1219 2840 L
1248 2798 1431 2852 ferendi
1457 2796 1500 2840 R
1529 2809 1657 2851 repre
1777 2795 1796 2838 i
1822 2808 1849 2838 r

155 2854 426 2911 (vituperari
449 2855 608 2901 adnot.
625 2855 680 2914 r‘)
710 2858 753 2902 si
773 2856 977 2911 feriendi
998 2856 1222 2902 desiderio
1245 2856 1500 2901 traheretur
1531 2854 1601 2899 ed.
1695 2857 1750 2897 27
1783 2853 1848 2897 ad

154 2911 243 2956 LR
272 2914 344 2959 ed.
376 2919 419 2959 et
447 2916 511 3017 ald
540 2930 564 2959 r
594 2915 685 2973 (vel
715 2915 758 2959 R
788 2915 908 2973 ipse)
938 2929 1037 2959 nos.
1206 2919 1262 2959 29
1293 2915 1692 2972 suspensi—246,
1717 2917 1745 2956 4
1775 2926 1849 2958 so-

154 2972 282 3018 nitus
311 2986 400 3019 om.
426 2987 451 3018 e
489 3009 499 3019 .
