2014 3226
804 168 1106 212 AENEIDOS
1138 169 1180 211 ΙΙ
1733 172 1840 221 223

149 310 324 356 mortis
349 308 668 355 manifestum
692 310 806 369 post
829 308 1094 356 maledicta
1121 311 1170 356 et
1195 309 1403 356 iniurias
1436 324 1582 357 senex
1614 310 1841 357 iuvenem

148 386 388 444 provocat
427 398 515 429 1100
555 383 774 443 eorporis
814 398 902 430 neo
940 383 1028 429 teli
1069 383 1370 446 suffragante
1409 383 1607 431 virtute.
1685 383 1841 430 telum

150 458 224 503 ait
268 456 472 516 inbelle,
520 459 577 503 ut
623 456 904 504 firmaretur
945 457 1076 517 quod
1116 457 1340 517 superius
1382 457 1508 504 dixit
1548 459 1626 518 „et
1664 457 1841 505 inutile

150 529 379 577 ferrum“.
458 530 589 591 quod
629 532 796 577 autem
835 530 961 577 dixit
1000 532 1103 577 sine
1143 531 1246 578 ictu
1285 533 1509 594 coniecit,
1546 531 1841 593 praecedens

103 622 124 653 5
150 604 338 651 dictum
389 604 550 651 voluit
597 603 884 665 adprobari3
939 606 1159 665 positum
1199 608 1272 653 est
1313 606 1443 652 enim
1487 605 1840 666 „trementibus

150 693 271 726 aevo
312 677 584 725 circumdat
623 678 954 739 nequicquam
993 677 1218 726 umeris“.
1284 694 1430 727 rauco
1464 680 1591 738 quod
1612 682 1842 739 protinus

150 767 260 799 aere
290 753 539 811 repulsum
571 755 614 799 et
643 767 829 799 summo
862 753 1001 811 clipei
1025 755 1344 812 nequicquam
1370 754 1572 800 umbone
1587 755 1842 814 pependit:

148 826 376 873 nonnulli
406 825 487 872 hio
518 826 711 873 faciunt
743 828 1087 874 inanissimam
1121 828 1460 887 quaestionem
1493 827 1710 875 dicentes
1742 843 1840 874 non

148 915 293 961 posse
339 900 551 961 pendere
600 900 731 961 quod
777 901 1050 962 repellitur.
1127 901 1205 948 his
1253 917 1368 964 ergo
1415 901 1663 949 reddenda
1708 903 1839 949 ratio

43 1006 46 1010 »
82 991 125 1023 10
149 977 244 1035 est,
291 976 348 1021 ut
393 976 605 1022 vacuato
647 974 779 1035 quod
816 974 945 1022 male
987 975 1208 1022 sentiunt
1244 975 1490 1036 incipiant
1529 976 1671 1037 sequi
1709 976 1842 1037 quod

148 1047 417 1109 prudenter
455 1051 530 1095 est
568 1047 769 1095 dictum.
847 1063 965 1095 nam
1004 1050 1053 1096 et
1091 1050 1344 1110 repulsum
1384 1054 1457 1097 est
1497 1052 1546 1096 et
1591 1049 1840 1111 pependit.

149 1123 356 1170 missum
396 1123 527 1169 enim
566 1123 723 1170 telum
755 1121 1017 1170 constabat
1049 1123 1180 1184 quod
1211 1125 1476 1171 vetustatis
1508 1124 1632 1172 vitio
1664 1124 1842 1171 fuisset

148 1195 459 1255 hebetatum,
507 1196 641 1258 quod
677 1197 894 1259 rigorem
933 1196 1229 1258 perdidisset
1267 1197 1405 1245 illius
1444 1198 1703 1259 temporis,
1743 1215 1840 1259 quo

147 1271 202 1317 in
240 1286 332 1317 usu
370 1269 560 1318 Priami
598 1270 716 1331 fuit,
763 1286 873 1318 oum
913 1270 1075 1318 adhue
1101 1308 1841 1332 .....................

82 1361 124 1393 15
149 1344 383 1392 emissum
416 1345 476 1392 ab
510 1360 566 1392 eo
600 1346 689 1405 qui
721 1361 863 1393 omne
894 1345 1095 1393 virtutis
1126 1345 1281 1393 robur
1311 1361 1423 1393 011111
1455 1347 1576 1407 ipsis
1610 1346 1840 1393 iuventae

148 1418 452 1480 temporibus
492 1420 751 1466 amisisset.
829 1419 946 1467 talis
986 1436 1103 1482 ergo
1142 1419 1232 1467 teli
1273 1420 1475 1467 effectus
1516 1421 1692 1482 plenus
1737 1435 1840 1467 esse

147 1508 247 1540 non
286 1494 468 1554 potuit,
500 1495 556 1540 ut
595 1494 848 1554 perforato
888 1493 1088 1555 penitus
1128 1496 1267 1542 scuto
1309 1494 1372 1541 ad
1410 1493 1624 1541 hominis
1664 1509 1840 1555 corpus

148 1570 198 1614 et
237 1568 445 1614 exitium
482 1569 784 1628 perveniret,
835 1583 925 1615 1100
963 1570 1132 1615 tamen
1170 1569 1222 1614 111
1261 1570 1426 1616 totum
1464 1567 1691 1615 inefficax
1729 1569 1839 1615 fuit.

147 1641 402 1702 repulsum
442 1644 516 1689 est
556 1642 686 1689 enim
725 1643 986 1690 resistente
1028 1658 1153 1702 aere,
1193 1642 1262 1689 sio
1299 1645 1483 1702 tamen,
1529 1645 1590 1688 ut
1623 1642 1841 1703 pendens

30 1753 43 1768 ,,
81 1730 126 1762 2⁰
148 1714 442 1775 inhaereret,
466 1717 727 1777 penetrato
760 1716 951 1764 scilicet
983 1716 1156 1778 aliqua
1189 1732 1247 1764 ex
1269 1718 1412 1777 parte
1438 1716 1566 1764 souti
1590 1719 1840 1764 contextu.

148 1788 263 1836 hinc
300 1789 690 1852 intellegendum
730 1793 804 1838 est
843 1790 1009 1852 qualis
1047 1793 1101 1838 in
1139 1791 1312 1852 primis
1345 1790 1488 1838 annis
1520 1790 1672 1837 fuerit
1702 1790 1842 1837 Pria-

148 1878 280 1924 mus,
328 1879 477 1925 quem
522 1879 622 1912 non
660 1864 841 1912 fefellit
878 1865 932 1911 in
969 1864 1061 1912 illa
1099 1867 1262 1912 aetate
1302 1864 1571 1912 destinatio
1609 1863 1841 1925 feriendi3

149 1937 445 1985 obtinuisset
492 1938 646 1999 enim,
693 1939 737 1986 si
783 1940 1003 2000 corporis
1052 1939 1204 1986 etiam
1248 1940 1357 1985 tum
1394 1939 1472 1986 vis
1512 1940 1562 1986 et
1598 1938 1692 1986 teli
1730 1938 1840 1986 sub-

31 2068 40 2077 ·
140 2011 338 2060 stantia
382 2012 713 2073 perdurasset.
791 2013 956 2074 qualis
1005 2016 1171 2060 autem
1219 2014 1372 2060 etiam
1410 2011 1631 2074 Pyrrhus
1678 2015 1841 2061 osten-

29 2095 51 2154 5'.
79 2102 125 2135 25
149 2085 285 2133 ditur
338 2086 425 2148 qui
473 2087 634 2134 ⁴ictum
687 2088 817 2135 senis
872 2088 1031 2135 vitare
1085 2103 1185 2134 non
1229 2086 1420 2148 potuit!
1497 2088 1576 2134 eui
1619 2087 1841 2148 Pyrrhus

33 2159 41 2163 ”
149 2161 327 2221 referes
366 2174 476 2220 erqo
513 2161 630 2208 haee
668 2164 712 2209 et
746 2163 950 2209 nuntius
987 2162 1082 2209 ibis
1119 2161 1319 2209 Pelidae
1352 2162 1582 2221 yenitori‚
1621 2160 1696 2208 illi
1733 2175 1841 2208 mea

149 2231 309 2283 tristia
346 2236 480 2295 facta
519 2235 888 2296 deyeneremque
925 2234 1288 2295 Neoptolemum
1332 2249 1545 2283 narrare
1576 2238 1842 2283 memento:

28 2000 42 2059 f

270 2394 293 2433 1
327 2390 430 2434 iuve
460 2389 502 2432 R
532 2391 737 2435 iuvenem
766 2405 802 2434 r.
986 2395 1011 2433 2
1044 2391 1119 2435 sui
1147 2391 1364 2448 fragante
1394 2389 1430 2432 L
1469 2391 1754 2448 suffrayante
1791 2390 1841 2433 in

148 2461 313 2493 rasura
343 2449 386 2492 R
415 2450 492 2493 sui
520 2450 650 2504 suffr.
684 2450 756 2494 ed.
909 2453 936 2492 4
968 2463 1121 2494 rerum
1150 2449 1191 2492 R
1221 2451 1396 2505 ferrum
1426 2463 1462 2494 r.
1615 2454 1642 2493 5
1674 2450 1839 2506 adpro-

149 2509 258 2553 bare
286 2507 342 2553 R.
503 2513 558 2552 13
589 2510 802 2566 temporis
832 2509 953 2565 quod
983 2509 1070 2552 LR
1102 2508 1173 2552 ed.
1206 2523 1294 2564 quo
1324 2523 1360 2552 r.
1514 2513 1569 2552 14
1599 2509 1710 2565 post
1739 2522 1841 2553 cum

46 2615 52 2625 ¹
95 2580 98 2581 ⁷
149 2567 300 2612 adhuc
338 2567 550 2624 sequitur
589 2568 797 2625 spatium
834 2567 1004 2626 viginti
1041 2567 1308 2612 litterarum
1346 2581 1546 2611 vacuum
1582 2567 1634 2611 in
1670 2567 1707 2610 L
1745 2572 1842 2611 tum

62 2664 65 2666 .
149 2626 301 2671 adhuc
329 2626 372 2671 R
409 2627 560 2672 adhuc
597 2627 804 2672 deletum
841 2627 943 2671 vult
972 2627 1016 2670 R
1053 2627 1156 2684 ipse
1186 2626 1261 2671 vel
1291 2641 1316 2669 r
1353 2627 1504 2671 adhuc
1541 2640 1631 2671 om.
1665 2625 1841 2682 „telum

60 2736 65 2738 .
149 2685 302 2742 ipsum
342 2685 540 2731 fuisset“
578 2686 778 2731 inseruit
815 2686 910 2731 ed.:
958 2687 1137 2731 iuvenis
1172 2687 1351 2742 floreret
1386 2687 1538 2744 viqore
1574 2685 1649 2730 vel
1687 2684 1840 2729 simile

149 2743 333 2800 aliquid
373 2745 687 2802 supplendum
725 2747 798 2790 est
827 2745 918 2801 ita,
958 2747 1014 2789 ut
1042 2746 1250 2799 missum,
1289 2758 1383 2789 non
1414 2746 1625 2790 emissum
1654 2743 1842 2802 legatur

74 2827 83 2833 -
111 2843 115 2846 .
149 2805 343 2860 propter
372 2805 675 2862 anaphoram.
801 2809 854 2848 18
881 2806 1158 2862 pervenisset
1188 2805 1260 2848 ed.
1384 2807 1440 2848 20
1471 2804 1725 2848 inhaereret
1753 2803 1841 2847 LR

151 2925 253 2977 tum¹
276 2922 347 2967 vis
375 2936 461 2968 nos
487 2924 666 2968 roboris
695 2923 768 2968 ed.
891 2928 948 2967 24
979 2923 1135 2980 quales
1165 2922 1252 2966 LR
1282 2922 1437 2979 qualis
1465 2935 1489 2965 1·
1519 2921 1590 2967 ed.
1635 2923 1642 2979 Ι
1691 2926 1840 2967 autem

105 3047 111 3054 Ι
152 2978 239 3024 LR
274 2995 317 3026 a.
347 2981 494 3036 fuerit
521 2982 593 3027 ed.
716 2987 772 3026 27
804 2983 998 3027 tristitia
1027 2981 1126 3027 LR.

150 2863 314 2908 inho«.-
342 2868 454 2909 esset
483 2864 555 2909 ed.
591 2866 598 2923 Ι
631 2869 836 2910 conteetu
865 2863 937 2908 ed.
1059 2868 1114 2907 21
1147 2864 1221 2908 hie
1250 2863 1322 2908 ed.
1446 2867 1502 2906 23
1534 2863 1726 2907 tumoris
1754 2862 1841 2906 LR
1922 2860 1933 2876 '
