2014 3226
173 154 275 205 102
635 150 865 193 DONATI
898 148 1177 192 INTERPR.
1213 149 1390 193 VERG.

167 293 402 354 piendum
436 295 528 351 est,
566 306 680 337 nam
712 291 919 350 uterque
951 289 1208 351 obstipuit,
1243 293 1446 351 uterque
1480 291 1736 352 perculsus
1771 294 1859 351 est,

169 368 378 427 denique
427 368 497 413 sic
544 366 734 426 posuit:
789 364 938 410 simul
975 364 1083 424 ipse
1122 364 1214 411 1100
1255 366 1328 412 est
1366 363 1581 425 Aeneas,
1621 365 1771 412 simul
1810 368 1860 412 et

79 446 165 484 515
184 441 412 487 Achates.
476 439 749 497 laetitiaque
779 439 1020 497 metaque:
1060 438 1195 485 avidi
1228 440 1513 499 coniumqere
1551 440 1747 486 dextras
1779 453 1860 486 ar-

168 516 364 563 debam.
405 514 488 560 sed
525 527 603 559 res
642 513 832 559 animos
869 513 1114 571 incoquita
1154 513 1340 558 turbat:
1393 512 1471 560 his
1512 528 1627 576 ergo
1668 512 1860 560 duobus

169 590 322 636 animi
362 586 576 634 motibus
617 585 963 646 obstipuerunt
1004 587 1053 632 et
1091 586 1308 646 perculsi
1347 588 1484 646 sunt,
1533 586 1729 633 laetitia
1768 587 1859 633 sci-
1907 603 1928 635 5

166 662 283 709 licet
323 664 372 708 et
409 662 561 720 metu,
600 658 873 720 inpellebat
912 675 993 706 eos
1033 659 1229 706 laetitia
1269 661 1325 705 ut
1365 675 1415 707 se
1457 659 1774 707 ostenderent
1813 662 1862 706 et

168 752 366 782 suorum
407 734 619 781 dexteris
659 735 996 794 iungerentur,
1028 732 1293 780 revocabat
1324 735 1485 780 metus
1518 733 1608 781 sub
1641 735 1863 782 omnium

167 826 333 856 rerum
379 809 581 855 incerto.
662 806 873 867 denique
925 807 1183 870 subiungit
1237 809 1397 854 metus
1452 809 1610 868 ipsius
1667 823 1862 855 causas:

166 882 479 930 dissimulant
525 885 566 928 et
610 881 736 927 nabe
786 895 907 928 cava
945 881 1259 940 speculantur
1299 883 1461 928 amicti
1501 896 1624 941 quae
1662 883 1863 940 fortuna

166 958 301 1010 viris,
342 957 542 1003 classem
579 969 671 1014 qao
703 954 841 1001 litore
873 955 1110 1013 linquant,
1144 956 1263 1014 quid
1293 957 1492 1003 veniant
1522 957 1692 1003 cuncti.
1753 970 1863 1003 ecce
1887 972 1932 1004 10

169 1032 288 1091 quot
326 1030 496 1090 posuit
535 1044 707 1076 causas
750 1044 876 1089 quae
908 1029 1114 1076 Aenean
1154 1031 1203 1075 et
1234 1027 1461 1076 Achaten
1500 1031 1714 1077 incertos
1754 1029 1863 1076 red-

168 1104 414 1164 diderant3
488 1119 639 1150 unam
699 1118 825 1163 quae
883 1103 1131 1150 laetitiam
1192 1105 1440 1164 moverat,
1508 1119 1633 1164 quae
1700 1103 1867 1150 fuerat

166 1178 431 1225 manifesta
469 1176 615 1224 sociis
656 1177 820 1224 salvis.
892 1177 1069 1224 merito
1111 1192 1227 1239 ergo
1268 1177 1562 1239 prudentiae
1603 1177 1866 1225 consilium

167 1253 264 1298 fuit
311 1250 542 1312 primitus
583 1251 839 1312 explorare
886 1266 1011 1312 quae
1052 1250 1272 1298 fecerant
1310 1253 1519 1311 metum,
1559 1253 1618 1298 ut
1658 1251 1867 1299 sciretur

167 1341 293 1387 quae
339 1325 542 1373 fortuna
590 1325 732 1383 viris,
780 1325 871 1371 1100
919 1327 995 1372 est
1042 1340 1141 1385 qua
1189 1327 1450 1372 evaserant
1495 1326 1574 1372 vel
1615 1341 1741 1386 quae
1782 1339 1865 1372 eos
1889 1341 1933 1375 15

167 1401 343 1447 fuisset
391 1402 676 1460 exceptura,
726 1398 934 1446 classem
975 1414 1071 1460 quo
1110 1399 1258 1446 litore
1297 1399 1553 1460 linquant,
1608 1415 1692 1446 rex
1733 1400 1866 1446 enim

167 1489 266 1520 non
303 1474 501 1521 tantum
541 1472 601 1520 de
639 1473 898 1520 hominum
936 1489 1107 1520 verum
1148 1474 1302 1520 etiam
1341 1473 1400 1520 de
1439 1475 1647 1520 navium
1677 1473 1867 1520 incolu-

168 1548 344 1595 mitate
385 1547 556 1595 debuit
596 1562 699 1595 esse
739 1547 996 1594 sollicitus.
1057 1546 1180 1594 dicit
1212 1548 1262 1594 et
1293 1547 1618 1595 novissimam
1650 1562 1866 1606 causam,

169 1620 288 1682 quid
343 1622 546 1668 veniant
601 1622 787 1668 cuncti:
857 1636 970 1668 cum
1016 1621 1138 1668 dicit
1186 1623 1411 1680 cunctos,
1459 1621 1706 1682 quomodo
1754 1620 1866 1668 sub-

169 1696 340 1742 nexuit
377 1710 496 1742 nam
535 1696 638 1742 lecti
676 1696 885 1742 navibus
924 1695 1064 1742 ibant
1100 1698 1294 1742 orantes
1333 1697 1525 1742 veniam
1564 1698 1607 1742 et
1636 1695 1867 1754 templum
1891 1711 1936 1744 20

170 1770 376 1816 elamore
421 1766 682 1828 petebant?
759 1769 961 1817 cunctos
1015 1769 1142 1816 dixit
1197 1785 1278 1817 eos
1330 1770 1488 1817 omnis
1540 1771 1628 1830 qui
1677 1769 1740 1816 ad
1787 1768 1867 1815 de-

170 1842 468 1904 precandam
521 1841 766 1890 Didonem
819 1845 1079 1903 venerant,
1142 1858 1241 1891 non
1303 1842 1461 1890 omnis
1517 1844 1606 1904 qui
1658 1843 1870 1891 fuissent

171 1917 433 1979 naufragio
474 1915 696 1975 liberatiz,
735 1932 853 1964 nam
883 1917 1015 1978 lecti,
1047 1917 1141 1965 hoc
1181 1919 1257 1964 est
1289 1916 1375 1978 qui
1405 1916 1459 1964 in
1489 1916 1675 1964 talibus
1708 1918 1868 1964 causis

170 1990 311 2051 loqui
333 1990 536 2051 possent
559 1991 609 2037 et
633 1990 944 2038 commodum
979 1993 1146 2038 tenere
1179 2006 1469 2050 sermonem,
1495 1987 1637 2038 ibant
1669 1990 1867 2038 orantes

171 2063 369 2111 veniam
408 2065 458 2110 et
496 2064 738 2125 templum
778 2065 991 2113 clamore
1029 2065 1278 2126 petebant.
1342 2067 1539 2112 orantes
1573 2066 1623 2112 et
1655 2065 1868 2112 clamore
1892 2079 1937 2112 25

294 2253 315 2291 1
350 2262 459 2292 nam
492 2252 677 2304 uterque
709 2262 797 2291 om.
825 2248 895 2292 ed.
926 2251 932 2304 1
960 2253 1145 2306 uterque
1169 2249 1256 2292 LR
1286 2255 1472 2305 aterque
1502 2254 1545 2293 et
1575 2249 1651 2296 ed.
1741 2253 1768 2292 4
1799 2250 1870 2293 his

170 2306 260 2350 LR
291 2308 360 2351 bis
391 2307 462 2350 ed.
587 2311 613 2350 6
645 2312 788 2352 metus
819 2307 890 2351 ed.
942 2310 948 2364 Ι
998 2309 1277 2364 impellebant
1306 2309 1360 2352 R.
1413 2311 1418 2364 Ι
1469 2314 1520 2352 ut
1550 2323 1596 2353 se
1626 2308 1661 2351 L
1693 2314 1746 2353 ut
1775 2309 1871 2364 ipse

173 2358 215 2409 R
244 2381 268 2409 r
291 2387 347 2402 =
371 2365 421 2408 L.
547 2369 571 2407 7
605 2366 778 2411 dextris
810 2367 881 2411 ed.
933 2372 938 2421 1
995 2367 1078 2411 sub
1111 2382 1200 2412 om.
1227 2368 1298 2411 ed.
1438 2372 1464 2412 8
1503 2369 1698 2412 incertos
1737 2367 1807 2411 ed.

175 2428 230 2468 10
263 2425 375 2481 quid
415 2425 604 2469 veniant
642 2426 795 2469 cuncti
833 2439 920 2469 om.
948 2426 1018 2470 ed.
1173 2431 1226 2471 11
1269 2427 1390 2483 qaod
1420 2426 1508 2469 LR
1546 2432 1654 2482 quot
1682 2441 1706 2470 r
1737 2427 1809 2470 ed.

176 2487 230 2527 12
263 2498 406 2527 unam
439 2497 554 2541 quae
585 2483 673 2526 LR
703 2498 885 2540 unaque
917 2485 986 2528 ed.
1047 2487 1053 2541 1
1110 2491 1343 2531 moverant
1382 2486 1453 2530 ed.
1511 2488 1519 2543 1
1575 2486 1768 2540 fuerant
1798 2485 1869 2528 ed.
1965 2519 1970 2522 .

267 2547 320 2586 13
353 2543 452 2587 suis
483 2542 570 2585 LR
602 2542 674 2585 ed.
714 2542 959 2587 intellectu
1000 2547 1129 2588 caret
1159 2546 1300 2589 salvis
1330 2559 1435 2588 nos:
1483 2544 1698 2588 laetitiae
1730 2558 1872 2588 unam
1944 2564 1955 2573 «-

174 2601 504 2646 tantummodo
537 2614 727 2645 causam
757 2602 902 2646 fuisse
935 2602 1052 2646 dicit
1077 2617 1274 2660 eamque
1298 2603 1612 2659 manifestam,
1639 2602 1872 2647 sociorum
1948 2604 1970 2644 {a

173 2659 392 2705 salutem.
545 2665 599 2703 16
631 2675 687 2704 ex
716 2662 836 2705 enim
867 2661 953 2704 LR
984 2676 1064 2706 rex
1095 2664 1216 2707 em'm
1247 2662 1283 2705 L
1307 2663 1351 2706 H
1373 2676 1496 2706 man.
1531 2663 1602 2706 ed.
1635 2663 1798 2706 etenim
1830 2677 1872 2706 r:
1944 2659 1982 2712 ,⁴-

174 2719 237 2763 cf.
272 2731 395 2774 quae
445 2719 503 2762 de
541 2718 732 2776 reginae
771 2719 938 2763 officiis
977 2719 1095 2764 dicit
1124 2726 1237 2779 496,
1272 2723 1517 2778 praeterea
1548 2722 1710 2766 etenim
1747 2721 1876 2778 apud
1932 2707 1972 2774 {⁴5

171 2777 410 2822 Donatum
457 2791 532 2822 me
563 2777 719 2835 legere
751 2792 845 2822 non
875 2779 1079 2823 memini.
1205 2785 1258 2824 19
1291 2781 1444 2825 cuncti
1474 2794 1562 2824 om.
1588 2780 1659 2825 ed.
1711 2782 1717 2836 Ι
1767 2793 1876 2836 quo-

172 2837 304 2882 modo
334 2837 370 2880 L
386 2837 429 2880 R
477 2851 588 2894 quos
618 2836 690 2881 ed.
787 2842 843 2880 20
875 2839 1049 2883 cunctis
1070 2839 1283 2884 lemmati
1305 2838 1521 2896 praefixit
1551 2839 1645 2883 ed.:
1685 2840 1737 2882 at
1757 2838 1876 2883 Don.
1944 2839 1980 2914 ᾖ

169 2897 327 2940 cuncti
353 2893 451 2953 legi
472 2898 495 2940 t
527 2898 574 2940 et
604 2895 927 2952 quaestionem
958 2897 1155 2943 adnotat
1185 2899 1295 2942 inde
1326 2900 1489 2942 ortam.
1633 2902 1688 2941 21
1722 2898 1878 2954 depre-
1940 2915 1970 3010 ξ

171 2954 371 2998 candum
402 2954 474 2999 ed.
596 2958 652 2998 25
683 2961 725 3000 et
755 2956 947 3000 clamore
978 2956 1062 3020 LR
1095 2959 1310 3014 templum
1339 2957 1569 3014 interpos.
1609 2957 1679 3000 ed.
