2014 3226
768 182 1068 226 AENEIDos
1104 184 1161 226 vt
1696 191 1801 242 605

121 320 259 367 ducit
305 320 422 368 deus
470 319 532 367 ad
580 319 851 368 Lethaeum
899 322 1126 383 fluvium,
1167 324 1304 371 cuius
1344 327 1458 373 talis
1499 332 1569 374 est
1611 330 1704 386 vis,
1748 336 1801 376 ut

123 395 346 455 quisquis
388 409 445 440 ex
486 409 542 441 eo
581 392 763 441 biberit
802 398 1090 443 memoriam
1130 400 1396 459 superioris
1429 402 1663 463 temporis
1696 419 1799 463 per-

121 467 220 526 dat,
260 483 348 515 nec
389 467 506 528 quid
546 467 720 515 fecerit
758 485 846 515 nec
889 469 1005 530 quid
1046 486 1217 531 passus
1258 472 1320 519 sit
1367 475 1533 521 teneat
1580 476 1800 536 perinde-

120 557 214 602 que
261 543 503 588 inmemor
549 541 770 589 redditus
818 543 1026 604 incipiat
1073 545 1196 592 velle
1244 562 1459 593 remeare
1500 547 1561 595 ad
1601 564 1800 610 superos

73 629 94 661 5
120 617 168 662 et
206 615 342 662 mala
381 615 599 676 corporis
639 615 819 662 iterum
859 617 979 679 pati.

227 688 440 737 Dixerat
475 687 711 736 Anchises
748 692 1009 749 natumque
1048 707 1240 751 unaque
1277 693 1510 754 Sibyllam
1548 700 1800 743 conventus

117 763 267 810 trahit
317 763 371 810 in
422 762 604 810 medios
656 763 940 822 turbamque
991 769 1238 814 sonantem
1293 771 1333 814 et
1379 769 1615 815 tumulum
1661 770 1801 828 capit,

116 836 246 884 unde
292 837 448 884 omnis
494 836 632 896 lonqo
676 837 845 884 ordine
874 840 1031 900 possit*
1068 839 1295 887 adversos
1331 841 1481 901 leyere
1520 846 1561 889 et
1602 845 1784 890 venien·
1805 849 1887 887 755

117 914 219 958 tum
259 910 415 958 dicere
452 911 636 958 ‘cultu-s:
685 926 794 958 cum
834 911 953 959 haec
993 913 1229 960 Anchises
1270 914 1493 975 dixisset,
1533 919 1705 962 natum
1745 932 1800 963 ac

51 1000 94 1032 ιο
119 983 364 1046 Sibyllam
395 985 458 1032 ad
497 984 825 1046 plurimorum
857 988 1150 1032 conventum
1183 987 1323 1034 duxit
1354 991 1517 1049 atque,
1550 993 1604 1035 ut
1637 993 1801 1050 posset

117 1058 449 1106 nescientibus
498 1059 718 1122 singulos
768 1058 1103 1107 demonstrare
1151 1064 1199 1107 et
1246 1063 1444 1108 nomina
1495 1063 1798 1124 singulorum

117 1131 292 1193 dicere,
317 1132 566 1179 tumulum
598 1134 751 1194 cepit3
785 1135 1005 1194 oportuit
1038 1135 1167 1181 enim
1200 1150 1326 1194 eum,
1351 1139 1404 1182 ut
1436 1135 1799 1184 instructiorem

115 1205 275 1253 filium
320 1205 569 1267 redderet,
616 1209 817 1254 cunctos
866 1223 923 1254 ex
969 1207 1139 1255 ordine
1186 1225 1456 1256 numerare.
1532 1224 1661 1258 nunc
1698 1225 1798 1270 aye.

16 1320 30 1327 -
115 1280 433 1328 Dardaniam
469 1281 660 1340 prolem
706 1294 830 1339 quae
876 1281 1047 1329 deinde
1091 1286 1319 1341 sequatur
1352 1283 1532 1343 yloria,
1579 1285 1660 1342 qui
1697 1299 1799 1330 ma-

49 1370 90 1402 15
114 1357 264 1402 neant
299 1354 435 1402 Itala
474 1355 532 1401 de
566 1358 705 1414 yente
742 1359 946 1414 nepotes,
988 1354 1208 1403 inlustris
1255 1358 1448 1403 animas
1494 1360 1800 1416 nostramque

114 1429 168 1475 in
219 1442 394 1476 nomen
446 1429 604 1476 ituras
659 1429 910 1487 expediam
965 1428 1104 1476 diet—is
1151 1432 1194 1476 et
1239 1432 1280 1476 te
1325 1434 1410 1477 tua
1455 1431 1562 1488 fata
1608 1431 1799 1478 docebo.-

115 1502 375 1564 proposuit
413 1517 539 1564 quae
580 1502 647 1550 sit
686 1502 921 1550 dicturus.
984 1519 1127 1565 nunc,
1158 1505 1337 1564 inquit,
1369 1503 1512 1551 dictis
1545 1503 1798 1565 expediam

115 1576 194 1623 vel
242 1575 328 1637 qui
374 1575 583 1624 admixti
631 1592 688 1623 ex
726 1576 856 1624 Italo
906 1577 1143 1640 sanguine
1189 1579 1390 1639 nepotes
1434 1578 1509 1625 tui
1548 1579 1798 1640 regnaturi

115 1651 216 1697 sint
268 1650 348 1697 vel
403 1650 816 1712 quemadmodum
868 1666 949 1699 eos
996 1651 1197 1698 virtutis
1244 1651 1403 1714 gloria
1449 1654 1673 1698 secutura
1719 1653 1797 1698 sit.

47 1740 92 1772 20
115 1722 279 1771 dicam
318 1725 471 1772 etiam
508 1725 615 1772 fata
653 1728 757 1785 tua,
796 1727 869 1784 ut,
910 1724 1043 1786 quod
1082 1724 1210 1772 nulli
1249 1727 1362 1772 ante
1402 1727 1450 1772 te
1490 1726 1711 1787 contigit,
1742 1727 1797 1771 tu

114 1797 272 1847 multo
313 1800 427 1846 ante
469 1798 734 1847 condiscas.
812 1800 905 1846 hoc
943 1799 1065 1858 loco,
1106 1802 1347 1860 quantum
1396 1798 1458 1846 ad
1497 1797 1704 1860 Vergilii
1749 1802 1797 1844 et-

114 1869 339 1920 Gaesaris
385 1874 612 1934 tempora
658 1872 897 1934 pertinet,
944 1888 1041 1920 non
1089 1873 1259 1920 futura
1298 1872 1381 1921 sed
1419 1875 1670 1919 transacta
1710 1888 1796 1918 nu·

114 1948 368 1994 merantur
414 1949 465 1994 et
511 1946 762 1994 subtiliter
807 1946 1086 1994 ostenditur
1133 1961 1258 2007 quae
1306 1946 1632 1993 Troianorum
1686 1960 1797 2006 pro-

15 2051 18 2054 -
115 2019 281 2084 genies
321 2036 378 2068 ex
417 2020 526 2082 ipso
565 2020 734 2068 Aenea
775 2024 823 2068 et
861 2019 992 2068 Italo
1031 2021 1271 2083 sanguine
1309 2019 1538 2067 videatur
1580 2019 1798 2067 extitisse

15 2106 30 2161 g·
45 2110 90 2143 85
115 2096 164 2141 et
194 2109 348 2156 usque
381 2093 445 2141 ad
478 2092 739 2143 Caesarem
777 2096 1059 2143 cucurrisse.
1132 2093 1213 2142 hic
1251 2092 1531 2155 specialiter
1568 2091 1800 2139 dicuntur

114 2182 238 2229 quos
277 2168 578 2232 generaliter
608 2167 661 2215 in
691 2169 851 2230 primo
884 2168 1011 2216 libro
1043 2169 1211 2231 tetigit
1242 2165 1467 2229 Iuppiter
1496 2181 1595 2213 non
1630 2180 1796 2213 eorum

40 2235 43 2239 ’
114 2256 371 2304 personae,
425 2242 511 2290 sed
562 2245 788 2304 tempora
833 2241 1071 2306 regnandi
1118 2240 1413 2304 significans.
1487 2240 1590 2295 ille,
1634 2239 1782 2295 vides,
1800 2242 1884 2281 760

60 2337 62 2339 >
104 2329 244 2376 μονα
287 2317 479 2365 iuvenis
523 2317 608 2376 qui
651 2317 824 2364 nititur
866 2316 1009 2364 hasta
1045 2316 1276 2375 proxima
1328 2317 1451 2361 sorte
1504 2315 1624 2361 tenet
1674 2312 1796 2360 luo-'s

115 2389 233 2445 loca,
265 2390 462 2450 primus
501 2383 567 2439 ad
606 2404 761 2438 auras
799 2390 1036 2437 aetherias
1073 2388 1203 2436 Italo
1241 2389 1521 2436 commeatus
1560 2387 1796 2446 sanquine

47 2480 92 2514 no
114 2467 278 2524 θεωρεῖ
312 2463 510 2519 Silanus,
550 2462 802 2525 Albanwm
838 2476 1024 2518 nomen,
1065 2465 1150 2511 tua
1179 2465 1408 2522 postwma
1441 2460 1620 2521 proles,
1657 2473 1795 2519 quem

115 2537 202 2586 tibi
247 2537 476 2598 longaevo
521 2551 685 2586 serum
728 2536 948 2586 Lavinia
993 2536 1203 2584 coniunx
1248 2536 1410 2583 educet
1453 2534 1589 2581 silus
1625 2546 1779 2591 reyem
1796 2533 1881 2575 ⁷⁶⁶

115 2626 375 2672 requmqae
411 2614 688 2672 parentem,
734 2610 864 2659 wnde
905 2624 1060 2671 ⁸oenus
1097 2609 1273 2669 Lonya
1318 2610 1533 2655 nostrum
1578 2605 1794 2653 domina·

234 2756 260 2796 6
291 2766 520 2809 unamque
550 2751 604 2796 V.
786 2754 812 2794 8
846 2751 992 2807 possit
1021 2749 1083 2793 V:
1130 2748 1179 2793 in
1216 2745 1598 2813 interpretatione
1630 2748 1792 2802 poscet,

115 2810 229 2867 quia
265 2812 450 2869 tempus
488 2810 619 2855 verbi
663 2823 713 2854 re
748 2808 869 2854 entis
914 2810 1148 2853 mutatum
1195 2809 1278 2851 est.
1459 2809 1485 2848 9
1523 2804 1668 2848 decere
1708 2814 1792 2870 pro

55 2867 57 2869 ’
113 2869 283 2915 discere
311 2869 470 2915 libror.
495 2868 671 2928 Vergil.
777 2867 1070 2912 adsentiente
1100 2863 1496 2924 interpretatione.
1640 2865 1695 2905 24
1725 2874 1791 2906 m·

113 2929 280 2975 deatum-
308 2928 352 2973 V
382 2929 618 2974 iudicatur
647 2927 719 2973 ed.
853 2931 907 2970 28
940 2931 1066 2971 astra
1096 2936 1180 2983 pro
1209 2925 1341 2970 hasta
1373 2922 1427 2967 V.
1562 2923 1618 2965 8⁹
1648 2918 1791 2964 aethe·

113 2988 214 3035 rius
242 2988 298 3032 V.
421 2992 474 3032 81
508 2987 658 3032 edocet
685 2986 740 3031 V.
