2014 3226
170 142 204 192 4
634 137 863 180 DONATI
895 135 1173 179 INTERPR.
1207 134 1384 178 VERG.

170 283 354 328 ceteros
403 278 641 340 prodidit,
696 293 793 323 non
850 277 994 336 quasi
1049 276 1236 322 scaevis
1283 274 1481 321 Aeneae
1537 273 1726 321 meritis
1780 290 1856 321 ex-

170 355 369 409 citatos,
421 352 505 399 sed
551 352 748 413 reginae
798 365 912 397 suae
962 348 1309 409 qualicumque
1366 347 1530 394 studio
1587 347 1857 407 obsecutos,

172 428 221 474 in
264 443 357 488 quo
391 428 499 487 ipso
533 424 793 472 subnexuit
826 425 978 469 etiam
1009 423 1151 468 illam
1183 421 1488 482 divisionem,
1522 423 1579 467 ut
1610 420 1858 468 dicturum

171 515 273 548 sese
329 501 637 560 promitteret
694 512 819 558 quae
874 497 1069 543 Aeneas
1124 495 1255 542 idem
1309 496 1362 541 in
1416 498 1572 554 terra,
1625 510 1751 556 quae
1806 497 1859 542 in

169 573 396 620 fluctibus
446 572 650 619 adversa
693 571 966 631 pertulerit.
1044 572 1260 631 purgata
1306 584 1517 630 persona
1558 584 1708 629 quam
1746 585 1858 630 pro-
1907 585 1926 617 5

170 647 279 707 pria
319 645 597 693 defensione
637 644 887 704 Vergilius
927 643 1182 702 tuebatur,
1223 642 1357 704 quod
1397 642 1460 689 ad
1500 642 1711 690 oratoris
1751 642 1858 689 offi—

171 723 299 768 cium
347 718 646 780 pertinebat,
694 717 916 765 diversae
962 717 1120 779 partis
1166 717 1257 763 hoc
1306 718 1380 763 est
1425 715 1658 763 inimicae
1695 717 1860 763 fuerat

171 793 510 851 deformanda3
551 792 666 838 huic
698 793 829 838 enim
862 794 912 838 et
944 790 1181 839 saevitiae
1217 790 1402 837 crimen
1442 789 1625 837 obiecit
1664 793 1714 837 et
1753 790 1859 836 diu-

170 868 426 914 turnitatis
473 868 779 912 retentarum
825 865 1203 912 inimicitiarum
1251 863 1483 925 adposuit
1530 864 1728 926 culpam
1775 864 1859 911 ad-

171 941 287 987 dens
327 940 378 986 in
417 939 511 985 fine
551 939 785 986 thematis
825 940 1076 1001 ingentem
1115 938 1378 998 invidiam,
1419 938 1609 985 scilicet
1648 938 1860 986 Romani
1885 955 1927 986 10

170 1013 366 1075 imperii
398 1012 688 1060 felicitatem
721 1028 1022 1060 emersuram
1054 1027 1152 1059 non
1183 1012 1349 1071 fuisse,
1383 1013 1426 1059 si
1449 1011 1660 1071 Aeneas,
1686 1015 1861 1060 auctor

170 1088 273 1135 eius
314 1089 363 1133 et
402 1086 640 1146 conditor,
687 1086 888 1134 Iunonis
942 1086 1158 1134 factione
1208 1085 1271 1132 ad
1315 1086 1520 1147 plenum
1558 1086 1735 1134 fuisset
1775 1102 1859 1147 op-

172 1176 382 1223 pressus.

280 1234 413 1282 Haec
438 1236 487 1281 te
511 1235 809 1294 summatim,
841 1233 927 1294 fili,
961 1248 1105 1281 nosse
1138 1235 1450 1294 convenerat,
1482 1249 1571 1281 nec
1605 1234 1859 1282 arbitreris

169 1323 246 1354 me
294 1309 629 1355 circumitione
677 1323 833 1354 usum.
926 1323 1038 1354 cum
1084 1307 1217 1355 enim
1265 1307 1575 1356 adverterem
1628 1309 1861 1356 tirocinia
1885 1325 1927 1357 15

169 1383 257 1428 tua
303 1382 522 1428 novitate
571 1396 628 1428 ac
673 1381 918 1428 brevitate
965 1381 1287 1443 expositionis
1334 1383 1517 1429 instrui
1563 1397 1664 1429 non
1702 1397 1861 1443 posse,

171 1455 481 1515 aliquantum
528 1455 728 1517 evagari
775 1454 943 1515 debui,
990 1458 1046 1502 ut
1090 1456 1242 1503 etiam
1279 1457 1387 1517 ipse
1428 1457 1572 1517 quasi
1611 1455 1882 1517 quoddam)

169 1528 337 1575 thema
383 1529 580 1575 futurae
626 1529 1052 1590 interpretationis
1101 1530 1495 1591 praemitterem,
1549 1530 1726 1578 melius
1781 1545 1861 1577 ex-

170 1603 396 1649 istimans
450 1602 754 1663 loquacitate
810 1603 1024 1663 quadam
1079 1605 1129 1650 te
1183 1604 1345 1651 facere
1392 1603 1664 1651 doctiorem
1711 1619 1862 1665 quam

170 1675 456 1723 tenebrosae
516 1675 776 1724 brevitatis
838 1678 963 1724 vitio
1025 1678 1079 1724 in
1133 1677 1381 1725 erroribus
1434 1678 1659 1738 linquere
1715 1693 1862 1739 quem
1885 1695 1927 1726 20

171 1751 459 1810 provectum
498 1750 642 1810 cupio
682 1750 862 1811 cuique
901 1751 994 1798 hoc
1034 1753 1132 1798 mei
1169 1751 1355 1799 laboris
1388 1751 1684 1813 opusculum
1714 1766 1860 1814 pecu-

170 1822 311 1870 liaris
358 1823 512 1870 animi
562 1825 705 1884 quasi
752 1824 1000 1885 quoddam
1046 1825 1403 1873 hereditarium
1442 1841 1619 1873 munus
1657 1827 1712 1874 in
1749 1827 1862 1873 iura

171 1897 472 1943 transmitto.
565 1912 621 1944 ac
667 1913 729 1944 ne
777 1899 903 1946 forte
949 1900 1140 1947 nescias
1198 1899 1318 1960 quid
1370 1898 1465 1947 tibi
1512 1899 1757 1947 commodi
1802 1915 1861 1947 ex

171 1968 263 2016 hac
301 1969 569 2017 traditione
607 1972 766 2031 possit
805 1971 1045 2033 accedere,
1085 1973 1257 2035 paucis
1299 1974 1481 2034 accipe.
1559 1974 1602 2020 si
1639 1973 1859 2022 Maronis

173 2044 392 2090 carmina
432 2045 750 2104 conpetenter
783 2045 1057 2102 ,attenderis
1099 2049 1148 2094 et
1186 2062 1357 2094 eorum
1394 2048 1612 2095 mentem
1644 2062 1858 2112 congrue
1884 2063 1926 2096 25
1950 2051 1951 2054 ’

173 2116 597 2178 conprehenderis,
628 2119 847 2166 invenies
886 2120 941 2166 in
971 2122 1122 2181 poeta
1151 2120 1400 2168 rhetorem
1432 2135 1679 2169 summum
1710 2123 1859 2183 atque

171 2189 287 2236 inde
326 2190 583 2253 intelleges
621 2190 900 2254 Vergilium
946 2209 1045 2242 non
1091 2195 1466 2257 grammaticos,
1515 2195 1600 2242 sed
1639 2197 1859 2244 oratores

172 2265 463 2325 praecipuos
495 2263 690 2312 tradere
722 2265 958 2314 debuisse.
1027 2267 1160 2315 idem
1199 2269 1331 2315 enim
1368 2267 1479 2329 tibi,
1510 2271 1570 2316 ut
1608 2269 1859 2331 aliquibus

295 2407 316 2445 1
349 2404 519 2447 scaevis
548 2403 635 2447 LR
668 2403 718 2447 in
747 2406 893 2450 saevis
931 2419 1045 2450 corr.
1080 2422 1103 2450 r
1133 2410 1303 2453 scaevis
1321 2413 1414 2452 --2
1447 2409 1674 2454 obsecutos
1705 2423 1858 2454 corru-

172 2460 245 2517 pit
276 2461 345 2504 ed.
441 2466 466 2505 3
498 2463 549 2505 in
580 2464 1011 2519 quo—divisionem
1043 2479 1131 2509 om.
1166 2467 1236 2511 ed.
1265 2469 1272 2524 1
1300 2468 1531 2513 dicturum
1562 2468 1649 2511 LR
1688 2468 1860 2514 dictum

173 2524 237 2563 est
266 2519 336 2563 ed,
431 2525 454 2563 7
487 2522 681 2576 pertinet
710 2522 780 2566 ed.
874 2528 900 2567 9
932 2526 1115 2580 culpam
1146 2538 1235 2569 om.
1268 2526 1340 2570 ed.
1436 2531 1491 2571 14
1523 2527 1595 2582 fui
1625 2541 1714 2571 om.
1741 2528 1812 2572 ed.
1849 2527 1855 2587 Ι

171 2579 409 2623 conveniat
438 2579 508 2622 ed.
603 2584 656 2623 15
687 2581 953 2627 cimcuitione
984 2584 1024 2627 R
1053 2586 1124 2642 (ut
1146 2584 1189 2628 V
1214 2590 1283 2640 12,
1308 2590 1379 2640 25,
1412 2587 1461 2630 at
1495 2591 1535 2640 1,
1553 2590 1639 2631 254
1670 2587 1858 2631 circum-

173 2637 313 2681 itione
343 2639 391 2681 et
421 2643 461 2691 3,
488 2642 544 2682 85
575 2640 832 2695 circumitu)
863 2642 1240 2688 circmnve‘ntione
1277 2644 1348 2687 ed.
1488 2649 1543 2688 16
1574 2646 1774 2690 novitate
1805 2649 1860 2691 a'c

175 2693 261 2738 LR
291 2696 362 2739 ed.
395 2697 613 2742 novitatis
643 2712 784 2742 causa
814 2699 1041 2756 Hoppius.
1145 2707 1197 2745 17
1230 2703 1574 2759 aliquantulum
1605 2704 1676 2749 ed.
1712 2704 1719 2763 Ι
1758 2718 1858 2749 eva-
1928 2719 1969 2732 *-

172 2754 279 2856 m
309 2754 396 2797 LR
426 2757 586 2813 anyeri
616 2756 687 2799 ed.
725 2760 731 2813 Ι
767 2759 904 2802 etiam
936 2759 1021 2803 LR
1052 2761 1147 2805 iam
1179 2762 1249 2805 ed.
1345 2766 1399 2806 18
1430 2763 1580 2806 thema
1610 2763 1698 2831 L‘R
1721 2778 1857 2820 prae-

259 2826 355 2857 mm
376 2813 448 2858 ed.
541 2818 595 2858 21
622 2816 879 2871 profectum
900 2817 987 2861 LR
1010 2819 1082 2863 ed.
1102 2825 1363 2875 provectum
1386 2834 1483 2865 noe.
1513 2823 1519 2878 Ι
1546 2822 1712 2877 cupido
1735 2823 1807 2866 ed.
1843 2823 1867 2882 ⁴}-

173 2870 256 2915 hoc
293 2884 380 2915 om.
407 2871 478 2916 ed.
601 2878 656 2916 22
695 2879 737 2919 et
773 2876 883 2918 iura
914 2876 1000 2920 LR
1039 2878 1110 2922 ed.
1143 2880 1195 2922 in
1224 2880 1340 2924 iura⁴
1370 2889 1471 2924 nost
1496 2879 1552 2924 cf.
1588 2885 1656 2934 12,
1682 2885 1781 2926 938.

176 2932 232 2973 28
263 2929 484 2975 debuisset
515 2931 602 2975 LR
631 2945 746 2978 corr.
778 2948 802 2976 r
837 2934 908 2977 ed.
1508 2967 1512 2972 -
1569 2961 1573 2969 ι

1951 2410 1969 2425 ετ

1964 2435 1969 2458 ί

1953 2623 1970 2717 ε

1944 2736 1967 2778 „1

1948 2794 1968 2851 j

1943 2924 1951 2951 b
