2014 3226
227 179 295 230 82
690 174 918 218 DONATI
952 173 1231 216 INTERPR.
1266 172 1446 218 VERG.

226 321 388 365 {ruetis
441 318 557 363 iter?
634 314 910 374 s'qnaersnti
959 313 1136 360 tatthaes
1178 313 1254 359 itte
1293 313 1551 371 suspirans
1593 314 1777 371 imoque
1816 315 1914 359 tra-

222 394 338 438 lwns
386 407 412 435 a
454 392 644 449 pectore
695 387 901 448 eocems·
962 388 1088 433 mira
1135 386 1354 434 brevitas
1378 386 1748 450 interrogantis
1790 402 1915 447 quae

223 469 384 511 totum
440 479 536 510 uno
592 478 734 509 versu
783 461 1021 522 conplexa
1068 463 1163 520 est,
1213 461 1402 508 scilicet
1456 462 1514 506 ut
1564 461 1784 507 dicerent
1831 460 1914 521 qui

225 541 399 596 essent,
424 537 553 583 unde
587 538 823 595 venirent,
852 551 946 595 quo
980 537 1253 597 pergerent.
1309 535 1430 581 haec
1454 536 1779 597 interrogatio
1803 549 1916 596 pro-

225 612 483 673 positionis
524 612 681 656 instar
720 609 916 668 retinet,
957 609 1087 670 quod
1125 608 1290 669 ipsum
1328 607 1381 654 in
1420 609 1735 668 responsione
1775 623 1916 655 mon—
1962 625 1981 657 5

226 686 473 733 strabitur.
546 683 871 744 interrogatio
903 685 1070 729 tamen
1101 682 1212 743 ipsa
1252 697 1349 728 non
1389 684 1526 728 caret
1564 681 1762 742 fraude3
1801 697 1918 728 nam

225 760 402 806 idcirco
443 757 647 804 inmissa
687 760 784 817 est,
825 758 880 803 ut
921 756 1078 802 adhuc
1117 755 1308 803 Aeneas
1349 771 1448 802 non
1489 755 1653 816 deam,
1702 755 1787 802 sed
1831 756 1917 802 ho-

225 833 406 879 minem
446 831 677 891 crederet,
719 831 850 891 quod
889 830 1071 877 Veneri
1110 846 1209 877 non
1247 828 1489 891 provenit.
1559 845 1675 876 nam
1714 829 1918 877 Aenean

227 907 458 968 adsignat
503 907 652 965 poeta
700 920 797 950 non
837 904 1092 950 transduci
1131 903 1406 950 calliditate
1446 903 1690 963 fallentis,
1742 903 1826 951 sed
1866 904 1917 950 in

226 996 280 1027 eo
328 994 664 1040 perseverare,
712 988 771 1025 ut
819 978 958 1025 deam
1010 978 1198 1038 credat,
1245 993 1363 1023 nam
1408 977 1506 1038 ipsi
1555 977 1687 1038 parti
1741 978 1916 1038 primo,
1942 995 1983 1028 10

226 1054 400 1100 dehinc
441 1052 678 1113 quaesitis
720 1067 830 1099 cum
869 1067 1051 1114 magna
1093 1051 1245 1099 animi
1283 1051 1584 1098 laceratione
1631 1051 1917 1112 respondet3

226 1127 388 1174 nullus
445 1126 573 1173 enim
627 1126 760 1173 mala
808 1141 896 1172 sua
944 1128 993 1172 et
1041 1141 1097 1172 ea
1143 1125 1197 1172 in
1245 1125 1421 1186 quibus
1475 1125 1633 1172 adhuc
1687 1125 1920 1173 volvatur

227 1202 329 1248 sine
370 1200 535 1247 dolore
576 1202 937 1247 commemorat.

336 1274 425 1321 Ait
463 1290 577 1337 ergo
626 1288 651 1320 o
693 1273 805 1328 dea,
853 1274 897 1320 st
926 1275 1098 1332 prima
1135 1275 1353 1333 repetens
1393 1274 1454 1320 ab
1496 1274 1681 1333 oriytne
1710 1287 1918 1333 perqam

228 1352 269 1395 et
321 1351 455 1395 *vacet
507 1348 705 1395 annalis
758 1350 1036 1394 nostrornm
1090 1348 1264 1395 andire
1319 1348 1562 1402 laborum,
1627 1351 1738 1394 ante
1792 1348 1918 1394 diem

228 1423 390 1469 clauso
429 1425 658 1482 conponet
695 1436 861 1481 vesper
895 1420 1109 1480 Olympo.
1174 1421 1331 1482 deam,
1362 1422 1543 1483 inquit,
1582 1423 1632 1468 te
1674 1436 1776 1468 esse
1818 1436 1918 1468 cer-

227 1496 473 1543 tissimum
522 1499 618 1558 est,
669 1512 792 1556 quae
833 1497 1000 1543 autem
1041 1497 1180 1558 cupis
1221 1495 1391 1544 audire
1432 1497 1481 1542 et
1518 1495 1678 1542 multa
1717 1497 1831 1542 sunt
1871 1496 1920 1542 et

227 1570 432 1631 prolixa.
511 1570 607 1617 duo
649 1572 767 1618 sunt
807 1571 938 1617 enim
977 1585 1104 1630 quae
1143 1569 1428 1631 inpediunt,
1469 1585 1622 1616 unum
1663 1570 1782 1630 quia
1820 1585 1919 1616 non

229 1645 388 1704 vacat,
427 1644 637 1691 alterum
680 1643 797 1704 quia
834 1645 1173 1691 narrationem
1211 1643 1458 1690 malorum
1487 1643 1637 1690 unius
1671 1643 1788 1689 anni
1820 1642 1919 1690 diei

228 1719 422 1778 tempus
468 1717 650 1779 inpleri
695 1733 795 1765 non
841 1717 1046 1779 patitur.
1123 1717 1426 1779 properabat
1474 1717 1604 1764 enim
1649 1717 1807 1764 redire
1854 1716 1918 1764 ad

230 1806 342 1838 suos
383 1792 432 1838 et
470 1791 521 1838 in
559 1792 681 1840 locis
719 1791 987 1855 incognitis
1027 1794 1077 1839 et
1115 1791 1322 1840 desertis
1361 1793 1477 1852 post
1515 1791 1663 1838 finem
1703 1790 1799 1838 diei
1846 1805 1918 1838 se-

229 1866 432 1926 paratus
479 1865 540 1912 ab
586 1866 709 1926 ipsis
755 1865 967 1913 inveniri
1013 1881 1113 1913 non
1157 1865 1340 1912 debuit.
1416 1865 1538 1912 haec
1577 1881 1694 1929 ergo
1733 1865 1919 1913 brevis-

233 1939 357 1985 sima
394 1938 640 1999 principia
677 1940 892 2000 fuerunt,
923 1939 976 1986 in
1008 1939 1186 2001 quibus
1216 1939 1498 1987 benivolam
1528 1938 1648 1987 fecit
1679 1955 1735 1986 ex
1766 1939 1918 1986 hono-

232 2011 488 2072 rificentia,
528 2027 640 2059 cum
680 2013 822 2060 deam
862 2013 1097 2075 appellat,
1131 2015 1181 2061 et
1211 2013 1332 2060 fecit
1363 2014 1622 2074 attentam,
1654 2027 1765 2060 cum
1797 2012 1920 2060 dicit

233 2085 391 2132 multa
424 2100 525 2133 esse
565 2086 696 2133 mala
737 2102 861 2148 quae
899 2087 1081 2134 referre
1121 2089 1328 2150 cogatur
1365 2089 1414 2134 et
1453 2103 1509 2134 00
1550 2102 1725 2150 genere
1758 2088 1918 2135 osten·
1948 2083 1965 2099 ²

235 2159 309 2206 dit
347 2174 398 2206 se
437 2175 534 2207 non
575 2160 754 2220 omnia,
795 2161 878 2208 sed
918 2161 1087 2222 aliqua
1127 2176 1229 2208 esse
1271 2160 1532 2207 dicturum.
1602 2160 1782 2222 incipit
1817 2160 1919 2208 iam
1942 2155 1965 2205 .’

234 2232 393 2294 ipsam
438 2233 775 2281 narrationem
822 2237 872 2281 et
915 2235 1182 2297 respondet
1227 2235 1520 2297 propositis,
1577 2235 1662 2282 sed
1715 2250 1815 2282 non
1862 2249 1917 2282 eo
1938 2261 1960 2290 ιι

236 2306 404 2354 ordine
452 2322 547 2367 quo
595 2308 821 2368 quaesita
868 2311 996 2356 sunt
1072 2309 1161 2356 illa
1209 2308 1339 2356 enim
1386 2308 1512 2356 dixit
1561 2309 1646 2356 sed
1694 2323 1782 2356 vos
1833 2309 1961 2384 qui

234 2377 467 2427 tandem?
519 2379 604 2426 ille
637 2381 877 2429 secundae
908 2382 1163 2444 respondit
1195 2385 1244 2430 et
1275 2383 1346 2430 010
1375 2383 1588 2444 primae3
1619 2383 1672 2430 in
1705 2362 1963 2435 secunda,

236 2453 366 2500 0111111
425 2454 747 2515 inquisitione
809 2455 934 2503 dixit
1002 2457 1179 2518 quibus
1243 2458 1331 2504 aut
1390 2456 1596 2504 venistis
1659 2455 1720 2503 ab
1783 2451 1930 2515 oris?

149 2531 233 2570 διο
251 2527 550 2588 respondens
595 2529 754 2590 igitur
792 2529 866 2576 ait
910 2544 998 2577 nos
1039 2531 1190 2578 Troia
1228 2531 1432 2589 antiqua
1472 2529 1538 2590 (si
1574 2533 1760 2578 vestras
1795 2526 1946 2590 forto
1938 2557 1959 2578 a

357 2686 380 2724 1
421 2683 725 2750 quaerenti—
744 2687 769 2726 2
808 2697 954 2728 vocem
1000 2684 1132 2728 deest
1177 2685 1226 2727 in
1272 2685 1379 2740 LR,
1428 2684 1510 2728 sed
1556 2684 1828 2741 explicatur.
1919 2678 1970 2746 2⁵.

239 2745 264 2783 2
298 2741 621 2798 intevroyantis
651 2740 738 2783 LR
769 2743 987 2799 -9atiom's
1018 2743 1088 2787 ed.
1193 2748 1219 2786 3
1252 2749 1346 2788 tota
1378 2743 1451 2788 ed.
1554 2749 1582 2787 4
1613 2758 1700 2800 qno
1718 2770 1774 2776 —
1793 2749 1819 2788 ὅ
1849 2757 1957 2796 ret-f

238 2799 350 2843 tinet
380 2813 468 2843 0111
494 2799 564 2843 ed.
669 2804 695 2843 8
720 2802 871 2844 veneri
899 2801 986 2844 LR
1014 2816 1170 2847 revera
1201 2802 1271 2846 ed
1378 2806 1432 2846 19
1465 2804 1582 2846 anni
1612 2816 1701 2847 om.
1728 2802 1800 2848 ed.
1825 2781 1957 2862 (ex-fg

238 2856 452 2913 plicatur.
471 2858 687 2915 annalis).
781 2862 836 2902 23
870 2860 1122 2905 benwolnm
1145 2861 1231 2904 LR
1263 2861 1319 2904 cf.
1341 2865 1395 2904 76
1428 2861 1777 2906 benevolentiam
1800 2861 1880 2905 ed.
1908 2853 1957 2957 ,ἦ

235 2921 280 2959 et
307 2917 696 2971 honorificentiam
727 2917 797 2961 ed.
899 2923 955 2962 25
986 2933 1036 2963 co
1066 2921 1224 2964 ebatur
1254 2919 1341 2963 LR
1372 2919 1444 2965 ed
1537 2924 1592 2964 29
1624 2921 1820 2965 seewndo
1849 2933 1917 2965 re-

237 2977 430 3031 spondet
441 2975 510 3018 ed.
575 2979 631 3019 30
648 2977 986 3032 inquisitionem
1003 2991 1028 3022 e
1138 2983 1192 3023 31
1211 2979 1485 3035 respondens
1499 2980 1645 3037 ἐρίων
1659 2981 1729 3024 ait
1745 2993 1832 3024 om
1843 2978 1922 3024 ed.-
