2014 3226
235 151 380 194 XVIII
906 144 1246 189 PRAEFATIO

235 290 432 353 legavit.
492 290 666 335 horum
707 302 796 348 ego
838 286 1126 345 sententiae,
1159 300 1266 332 cum
1308 283 1371 330 ad
1411 299 1520 330 eam
1551 281 1768 330 nondum
1800 281 1924 328 mihi

239 366 487 427 cognitam
513 363 615 422 ipse
649 375 845 420 quoque
878 359 1244 420 comparatione
1271 357 1505 404 Vaticani
1536 355 1651 403 libri
1684 355 1924 403 adductus

237 440 342 496 sim,
385 453 440 484 eo
481 437 641 481 minus
683 433 853 480 dubito
895 432 1136 480 assentiri.
1203 432 1383 493 prioris
1414 431 1574 491 partis
1606 429 1839 476 librarius
1870 430 1923 475 in

237 508 728 571 interpretationibus
783 507 964 553 litteris
1015 507 1174 552 utitur
1220 505 1653 567 Anglosaxonicis,
1707 504 1759 550 in
1804 503 1926 550 lem-

238 586 385 631 matis
428 582 728 644 Vergilianis
775 579 923 627 rubro
973 580 1134 627 colore
1182 580 1377 639 scriptis
1417 594 1571 638 usque
1619 577 1682 624 ad
1728 577 1812 625 fol.
1854 577 1925 635 Ι13

237 656 512 705 uncialibus
555 648 674 719 (uno
716 655 823 701 loco
865 653 1160 714 capitalibus
1199 645 1438 716 rusticis),
1470 654 1583 712 post
1622 650 1705 699 fol.
1736 651 1801 697 13
1842 650 1927 698 iis—

240 732 349 778 dem
391 729 568 791 quibus
608 730 659 774 in
700 727 1207 789 interpretationibus.
1286 721 1368 772 LII
1411 727 1460 772 in
1502 725 1929 786 interpretationi·

240 805 329 851 bus
371 805 551 850 formas
587 802 868 848 litterarum
903 800 1159 848 Carolinas
1192 800 1492 847 minusculas
1525 798 1931 847 semiuncialibus

241 878 494 926 elementis
533 876 730 936 mixtas,
769 875 821 921 in
860 875 1120 934 lemmatis,
1162 889 1392 936 quorum,
1433 874 1476 920 si
1516 873 1760 934 ampliora
1799 873 1930 932 sunt,

240 955 429 1013 partem
479 952 675 996 tantum
719 948 867 995 rubro
917 949 1076 996 colore
1126 947 1335 995 scribere
1385 947 1531 1006 solet,
1578 946 1798 993 unciales
1845 945 1931 993 ad-

240 1025 389 1072 hibet.
462 1039 570 1071 cum
602 1023 757 1086 igitur
787 1023 1111 1083 posteriorem
1142 1024 1336 1083 partem
1367 1023 1419 1068 in
1450 1019 1663 1068 Francia
1694 1020 1933 1081 scriptam

243 1115 342 1146 esse
397 1100 591 1159 pateat,
645 1096 861 1157 priorem
917 1112 1111 1157 quoque
1166 1095 1350 1142 ibidem
1397 1097 1446 1142 et
1493 1094 1664 1142 eodem
1708 1097 1932 1156 tempore

244 1173 517 1220 confectam
565 1186 668 1218 esse
717 1170 1024 1217 continuatio
1075 1169 1217 1217 docet
1264 1168 1510 1216 scribendi
1555 1184 1655 1230 qua
1695 1170 1748 1215 in
1787 1182 1934 1216 versu

248 1249 295 1306 2,
322 1247 426 1292 494
468 1244 607 1291 nulla
645 1243 1017 1304 intercapedine
1058 1243 1185 1291 alter
1222 1243 1456 1290 librarius
1491 1243 1700 1291 alterum
1734 1243 1935 1303 excipit.

244 1322 500 1381 praeterea
561 1319 657 1365 viri
719 1317 852 1364 docti
905 1317 1182 1364 Florentini
1235 1317 1503 1364 maximam
1557 1315 1933 1365 similitudinem

244 1408 417 1440 manus
472 1391 758 1454 posterioris
814 1406 925 1437 cum
980 1392 1139 1438 forma
1194 1390 1549 1454 calligraphica
1603 1390 1798 1438 scholae
1844 1388 1935 1436 Al-

245 1466 502 1514 cuinianae
536 1465 835 1513 Turonensis
878 1480 980 1512 esse
1020 1467 1328 1526 monuerunt,
1360 1465 1413 1511 in
1454 1480 1552 1526 qua
1591 1480 1740 1526 quem
1770 1464 1934 1511 locum

245 1541 615 1602 Anglosaxones
671 1539 978 1586 obtinuerint
1033 1541 1239 1586 constat.
1319 1540 1389 1587 sic
1444 1554 1560 1600 ergo
1615 1538 1935 1586 statuendum

247 1617 334 1673 est,
372 1615 587 1674 priorem
626 1615 818 1674 partem
859 1611 920 1659 ab
961 1613 1158 1660 homine
1198 1613 1569 1676 Anglosaxone,
1611 1613 1936 1674 posteriorem

249 1703 278 1735 a
316 1687 640 1749 Francogallo
681 1688 917 1748 scriptam
958 1701 1074 1747 esse,
1114 1690 1376 1749 utramque
1416 1688 1468 1733 in
1501 1686 1711 1734 Francia
1750 1685 1938 1734 saeculi

247 1778 293 1823 p.
339 1760 386 1807 G.
428 1777 473 1807 n.
522 1762 640 1808 noni
684 1763 826 1821 parte
873 1760 1049 1821 priore.
1127 1777 1244 1808 nam
1299 1763 1349 1809 et
1400 1760 1683 1808 litterarum
1734 1759 1939 1807 habitus

250 1834 530 1883 auctoribus
572 1835 870 1881 Florentinis
911 1834 974 1882 ad
1013 1850 1197 1882 nonum
1237 1834 1485 1882 saeculum
1526 1849 1614 1882 nos
1652 1836 1852 1882 revocat
1887 1834 1942 1880 et

251 1924 399 1970 quam
446 1924 501 1955 ex
550 1907 715 1955 codiee
762 1907 1029 1970 Reginensi
1075 1908 1208 1955 haud
1255 1908 1404 1956 dubie
1454 1907 1645 1955 iuniore
1699 1908 1940 1968 temporis

251 1981 517 2029 efficiemus
572 1981 907 2029 definitionem
960 1981 1012 2028 in
1065 1982 1280 2042 priorem
1335 1983 1439 2030 eius
1494 1981 1680 2029 saeculi
1728 1982 1940 2042 partem.

252 2054 427 2116 quodsi
473 2056 651 2116 prioris
700 2054 894 2103 librarii
941 2071 1063 2117 opus
1112 2070 1142 2102 a
1186 2058 1458 2117 posteriore
1506 2055 1672 2104 eodem
1714 2057 1942 2116 tempore

252 2143 309 2175 ac
340 2128 448 2176 loco
481 2129 822 2176 continuatum
856 2132 943 2190 est,
976 2130 1244 2190 archetypo
1282 2130 1451 2177 eodem
1491 2131 1755 2190 utrumque
1794 2143 1938 2176 usum

254 2216 356 2249 esse
403 2204 573 2265 negari
618 2218 715 2249 non
762 2204 960 2263 poterit.
1038 2204 1186 2251 huius
1230 2219 1434 2251 manum
1476 2204 1530 2250 in
1568 2202 1937 2264 interpretatio-

253 2274 396 2322 nibus
445 2269 527 2341 (de
572 2275 820 2323 lemmatis
859 2291 959 2324 non
997 2277 1153 2324 habeo
1195 2277 1316 2338 quid
1354 2269 1538 2343 dicam)
1577 2276 1942 2340 Anglosaxoni—

255 2363 363 2396 cam
401 2349 551 2396 fuisse
589 2349 703 2396 inde
744 2349 946 2410 conicio,
991 2351 1122 2411 quod
1159 2350 1208 2397 in
1250 2351 1350 2399 illis
1388 2351 1527 2412 prior
1564 2349 1819 2410 librarius,
1859 2351 1940 2398 cui

255 2437 339 2470 eae
371 2422 557 2469 formae
589 2422 858 2471 familiares
892 2427 1066 2484 essent,
1097 2425 1256 2472 multo
1287 2425 1449 2472 rarius
1481 2424 1650 2486 lapsus
1683 2425 1758 2472 est
1789 2439 1939 2486 quam

254 2496 498 2557 posterior
527 2495 758 2558 idemque
782 2513 931 2544 unam
955 2500 1153 2546 tantum
1175 2498 1404 2546 lacunam
1432 2499 1479 2557 2,
1498 2499 1602 2546 469
1638 2497 1696 2544 de
1727 2497 1943 2545 lectione
2005 2553 2010 2557 ι

256 2568 488 2616 dubitans
525 2569 750 2631 reliquit,
795 2565 878 2617 L11
915 2571 1199 2632 permultas.
1276 2571 1354 2619 his
1393 2572 1634 2620 concessis
1670 2571 1835 2618 nescio
1861 2585 1941 2625 ,an

256 2642 382 2690 illud
431 2657 625 2704 quoque
672 2644 990 2703 concedatur,
1036 2647 1096 2692 ut
1138 2644 1475 2707 archetypum,
1513 2645 1564 2692 id
1603 2644 1733 2706 quod
1775 2646 1945 2692 aetate

258 2715 555 2764 Alcuiniana
594 2731 738 2778 saepe
778 2717 973 2778 accidit,
1013 2733 1070 2765 ex
1104 2718 1290 2780 Anglia
1327 2720 1381 2765 in
1419 2718 1680 2766 anciam
1719 2717 1942 2765 delatum

260 2804 363 2836 esse
403 2792 644 2851 putemus.
722 2789 900 2838 desunt
938 2791 989 2838 in
1028 2790 1360 2840 Laurentiano
1400 2791 1517 2839 libri
1557 2792 1726 2852 quarti
1769 2806 1939 2839 versus

261 2862 546 2910 386—621
605 2878 783 2925 eosque
836 2879 896 2911 ne
949 2865 1002 2911 in
1057 2865 1323 2926 archetypo
1378 2864 1578 2926 quidem
1630 2865 1783 2912 fuisse
1827 2863 1944 2912 ideo

260 2935 577 2983 statuendum
623 2939 720 2997 est,
768 2937 884 2998 quia
929 2937 1159 2987 librarius
1205 2939 1422 3001 spatium
1466 2937 1691 3000 reliquit,
1740 2937 1946 2986 brevius
