2014 3226
179 159 288 211 504
648 156 879 201 DONATI
909 156 1189 200 INTERPR.
1224 155 1402 200 VERG.

180 299 348 346 ficium
387 298 587 359 plenum
629 298 733 345 eius
775 297 860 359 qui
908 296 966 343 de
1012 297 1240 357 potentia
1286 298 1474 344 maiore
1520 311 1577 343 ac
1617 297 1878 345 voluntate

181 372 404 420 studiosa
428 371 731 433 praestabat.
793 370 1060 430 infinitum,
1092 371 1274 431 inquit,
1306 370 1508 432 pluviae
1531 370 1734 418 modum
1763 386 1877 418 mox

180 446 406 508 Iuppiter
445 445 654 493 navibus
695 444 882 492 infudit
922 443 1209 492 ardentibus
1251 446 1401 505 atque
1439 446 1514 491 ita
1553 444 1757 492 illarum
1797 460 1877 492 ex·

179 520 330 567 tinxit
369 519 612 579 incendia,
652 521 711 566 ut
750 519 930 565 carinis
972 518 1187 579 oppletis
1227 533 1288 565 ne
1326 534 1483 580 vapor
1522 518 1724 579 quidem
1761 518 1876 565 reli-

181 610 305 655 quus
346 557 634 640 remaneret.
713 592 922 654 perditis
963 593 1121 655 igitur
1160 593 1410 654 quattuor,
1453 607 1576 653 quas
1617 594 1733 639 ante
1773 608 1878 640 cae·
1918 609 1942 642 5
2010 597 2014 654 3

178 668 301 714 leste
352 666 646 714 beneficium
698 666 1078 728 absumpserant
1127 665 1379 725 flammae,
1433 681 1602 714 omnes
1656 666 1747 715 1106
1803 669 1878 714 631
2012 679 2014 683 ·

178 742 399 801 reliquae
447 740 690 788 liberatae
738 743 864 789 sunt.
943 741 1189 801 quantum
1235 739 1432 787 Aeneae
1478 741 1661 787 meruit
1708 739 1878 801 depre-

181 816 327 875 catio,
355 815 436 862 cui
460 814 555 862 duo
582 817 699 862 sunt
723 813 967 896 praestita
993 830 1119 875 quae
1143 815 1345 877 negotio
1369 815 1572 861 fuerant
1586 814 1878 874 necessaria,

181 889 407 936 celeritas
448 888 687 950 beneficii,
729 888 847 950 quia
876 887 1113 950 quicquid
1144 887 1346 935 flamma
1376 887 1654 950 possederit
1683 889 1878 936 mature

179 963 450 1022 consumit,
499 964 549 1010 et
587 964 661 1010 vis
710 962 998 1024 pluviarum
1044 962 1205 1010 maior
1252 977 1364 1010 cum
1410 963 1708 1023 tempestate
1748 978 1878 1010 com-
1901 977 1955 1012 10»,

178 1035 346 1098 moda,
395 1052 521 1119 quae
561 1036 695 1098 ipsas
743 1036 942 1098 pluvias
999 1036 1359 1097 concitaverat,
1410 1038 1469 1083 ut
1514 1035 1729 1084 incendii
1775 1052 1878 1083 ma-

179 1112 337 1158 iorem
377 1111 480 1157 vim
521 1110 810 1173 extinguere
849 1110 1152 1173 potuissent!

93 1189 178 1228 700
291 1182 362 1231 At
397 1188 547 1244 pater
583 1183 777 1232 Aeneas
824 1199 944 1232 casu
982 1199 1242 1232 concussus
1290 1185 1459 1231 acerbo
1499 1199 1630 1231 nnnc
1674 1185 1767 1232 huc
1803 1186 1880 1232 in-

175 1260 346 1319 yentis,
384 1273 515 1306 nime
554 1259 671 1306 illue
699 1261 893 1319 pectore
933 1273 1080 1306 curas
1116 1259 1339 1306 mutabat
1375 1273 1598 1313 versans,
1637 1256 1880 1306 Siculisne
1954 1277 1972 1297 ·-

178 1333 407 1380 resideret
456 1335 591 1381 arvis
642 1333 817 1380 oblitus
863 1334 1102 1393 fatorum,
1151 1333 1375 1380 Italasne
1427 1336 1693 1392 capesseret
1738 1346 1879 1380 oras:
1902 1344 1969 1382 ιε’

178 1406 300 1454 haec
338 1406 537 1454 fuerant
575 1407 629 1454 in
668 1407 1025 1455 deliberatione
1063 1406 1261 1454 Aeneae
1303 1407 1576 1454 constituta
1623 1409 1673 1454 et
1710 1409 1880 1454 tamen
1956 1436 1958 1438 -

180 1479 275 1527 sibi
321 1481 595 1542 contraria3
642 1497 759 1529 nam
804 1481 931 1529 talia
971 1497 995 1528 e
1036 1480 1231 1528 diverso
1278 1480 1545 1528 veniebant
1592 1496 1720 1542 quae
1766 1496 1879 1529 con-

179 1554 444 1602 funderent
497 1556 822 1603 aestuantem.
914 1571 1070 1602 unum
1122 1554 1221 1601 fuit
1279 1553 1686 1616 conpenfflosum,
1748 1554 1880 1616 quod

181 1629 476 1676 amissarum
545 1630 751 1677 navium
819 1628 1052 1677 veniebat
1121 1645 1179 1676 ex
1249 1644 1386 1690 casu,
1463 1631 1520 1676 ut
1588 1630 1640 1676 in
1708 1628 1881 1676 Sicilia
1963 1665 1969 1667 -

180 1718 295 1750 cum
363 1704 510 1751 sociis
580 1705 873 1751 remaneret.
957 1703 1075 1750 111116
1130 1703 1336 1751 consilio
1395 1702 1685 1751 occurrebat
1743 1704 1880 1750 inex·
1903 1718 1951 1752 20

179 1776 466 1840 pugnabilis
518 1778 739 1825 fatorum
792 1778 1085 1836 necessitas,
1145 1793 1271 1838 quae
1325 1776 1470 1824 illum
1523 1776 1755 1824 trahebat
1817 1777 1879 1824 ad
1966 1807 1967 1811 =

179 1849 404 1912 Italiam,
471 1851 558 1898 sed
619 1867 676 1899 eo
734 1851 875 1898 tendi
934 1867 1034 1898 non
1095 1852 1295 1912 poterat
1356 1851 1612 1899 deficiente
1674 1866 1879 1899 numero

179 1926 406 1986 navium,
463 1925 550 1986 qui
604 1925 848 1974 universis
902 1925 1280 1974 transvehendis
1335 1924 1602 1973 videbatur
1645 1940 1749 1973 esse
1796 1940 1880 1972 ne-

182 1998 434 2046 cessarius.
534 2002 637 2046 tum
699 2001 863 2047 senior
915 1999 1128 2056 Nautes,
1202 2015 1357 2047 unum
1424 1999 1649 2058 Tritonia
1708 1999 1881 2047 Pallas

94 2077 179 2117 705
198 2087 337 2132 quem
376 2073 538 2121 docuit
566 2074 814 2134 multaque
843 2075 1083 2134 insiyne‘m
1114 2073 1313 2121 redditit
1342 2077 1461 2128 arte,
1501 2074 1617 2120 haee
1646 2087 1880 2133 responsa
1903 2086 1966 2121 25-

183 2146 357 2194 dabat:
409 2146 731 2195 deliberantis
777 2147 1022 2195 incertum
1074 2149 1124 2194 et
1169 2147 1403 2195 confusae
1449 2148 1630 2194 mentis
1677 2146 1880 2195 turbata

184 2220 392 2268 consilia
437 2221 722 2269 instruebat
759 2222 972 2281 Nautes3
1020 2221 1140 2269 talis
1189 2223 1321 2268 enim
1367 2221 1532 2269 fuerat
1580 2222 1666 2282 qui
1712 2222 1880 2269 aetate

182 2295 350 2356 potior
386 2297 662 2342 mereretur
693 2294 856 2343 audiri
896 2297 946 2343 et
978 2311 1126 2356 quem
1156 2295 1326 2343 Pallas
1356 2295 1557 2342 fecisset
1587 2295 1881 2356 prudentem
1967 2319 1970 2324 ·
2010 2301 2014 2306 ’

184 2369 235 2415 61
266 2367 332 2416 ad
366 2368 680 2416 sentiendum
719 2369 1179 2431 providendumque
1216 2368 1513 2418 reddidisset
1551 2368 1878 2431 aptissimum.

182 2441 382 2489 laudem
418 2442 702 2491 istiusmodi
740 2443 1106 2504 praemittendo
1145 2443 1249 2490 iam
1294 2443 1512 2491 ostendit
1555 2442 1716 2504 ipsius
1763 2457 1879 2490 con·
1900 2457 1974 2491 ω,

182 2515 309 2563 311113
347 2515 555 2564 Aenean
603 2517 903 2564 instructum
943 2517 1211 2566 occurrisse
1260 2532 1351 2579 pro
1398 2517 1638 2578 temporis
1683 2518 1877 2564 ratione

297 2734 330 2773 *4
361 2731 539 2775 carenis
568 2730 658 2773 LR
687 2731 844 2775 arenis
873 2730 946 2775 ed.
1074 2735 1100 2775 5
1126 2731 1340 2787 perditus
1369 2731 1412 2774 R
1433 2745 1458 2774 r
1474 2753 1529 2768 =
1547 2730 1597 2775 L.
1626 2733 1633 2787 Ι
1668 2735 1880 2787 quassate

182 2788 218 2832 L
251 2794 495 2846 quassante
517 2789 562 2833 R
591 2803 707 2846 quas
737 2795 843 2834 ante
873 2805 896 2833 r
927 2803 1017 2834 om.
1044 2790 1116 2834 ed.
1210 2795 1326 2834 5-6
1358 2790 1539 2835 caelesti
1569 2790 1780 2844 beneficio
1804 2789 1875 2833 ed.

303 2852 329 2891 6
362 2849 879 2906 absumpserant—hoc
908 2854 974 2894 est
1003 2863 1092 2893 om.
1120 2849 1190 2893 ed.
1347 2853 1401 2894 17
1434 2863 1545 2893 nam
1574 2849 1663 2893 tali
1691 2848 1727 2891 L
1759 2863 1877 2892 nan·
1965 2859 2000 2890 t>

182 2907 276 2950 tali.
299 2906 342 2950 R
373 2921 484 2952 nam
514 2907 633 2952 talia
661 2922 687 2951 r
717 2907 788 2951 ed.
945 2912 998 2952 19
1030 2909 1220 2952 navium
1251 2908 1339 2951 LR
1375 2923 1421 2951 n.
1454 2909 1676 2952 damnum
1714 2907 1786 2952 ed.

184 2970 241 3010 26
273 2966 533 3012 deliberatis
562 2966 650 3010 LR
680 2967 1021 3012 deliberationis
1052 2967 1122 3011 ed.
