2014 3226
865 168 1164 212 AEN-moos
1197 171 1237 213 v
1793 174 1899 224 453

132 341 135 343 >
217 305 460 367 puniceis,
514 305 606 354 hoc
662 310 736 355 est
791 309 929 354 vittis
982 311 1177 357 russeis.
1257 311 1387 371 quod
1434 310 1558 357 dixit
1605 327 1790 370 omnes,
1841 313 1899 359 ad

217 380 307 427 tris
361 380 574 427 refertur
628 381 714 441 qui
768 384 1050 441 praesentes
1103 383 1331 444 aderant,
1385 400 1480 431 non
1538 385 1597 432 ad
1653 388 1900 445 quattuor,

219 455 336 514 quia
375 454 591 500 nondum
632 457 838 502 venerat
871 455 1138 519 Sergestus.
1204 472 1310 504 cum
1341 473 1482 505 sace-0
1512 459 1705 518 scopulo
1736 459 1990 506 multa270

217 529 300 574 vim
345 530 448 574 arte
493 529 714 575 revulsus
763 531 956 576 amissis
1002 533 1148 578 remis
1194 534 1334 590 atque
1379 532 1546 579 ordine
1592 533 1760 579 debilis
1807 547 1903 579 imo

174 617 194 649 5
221 602 426 648 inrisam
471 602 575 648 sine
619 603 797 649 honore
843 606 994 649 ratem
1041 603 1287 663 Set-aestus
1337 606 1529 664 ayebat:
1590 606 1747 652 multa
1794 621 1902 653 con—

218 676 371 736 gessit
419 691 544 736 quae
591 676 879 723 tarditatem
929 676 1063 724 illius
1111 678 1532 740 ludibriosumque
1571 679 1784 726 reditum
1824 679 1903 726 de-

216 751 562 796 monstrarent.
621 751 705 810 sic,
737 752 916 811 inquit,
949 766 1093 798 saevo
1127 752 1407 800 inhaeserat
1439 768 1571 813 saxo,
1602 756 1658 799 ut
1688 752 1904 815 plurima

218 824 324 870 arte
371 824 455 870 vix
501 823 642 871 navis
697 823 900 871 liberari
953 825 1153 872 valeret.
1232 826 1461 874 veniebat
1509 829 1675 874 autem
1722 828 1902 875 inrisus

215 896 413 957 perdita
458 897 612 945 totius
662 899 945 946 certaminis
987 900 1173 960 grati-<13
1228 901 1405 962 agebat
1446 902 1575 947 enim
1614 915 1790 947 navem
1829 917 1902 947 re-

150 987 193 1018 10
217 987 411 1018 morum
450 987 651 1019 suorum
692 973 955 1019 amissione
988 972 1267 1020 deformem.
1328 974 1458 1035 quod
1491 974 1615 1020 dixit
1647 973 1902 1036 Sergestus

218 1045 420 1107 agebat,
476 1061 587 1092 cum
640 1061 799 1093 remos
855 1062 954 1094 non
1008 1046 1232 1107 haberet,
1283 1048 1506 1110 intellegi
1552 1048 1712 1095 voluit
1756 1050 1903 1108 poeta

216 1118 347 1179 quod
389 1117 607 1182 Sergesti
645 1120 873 1167 manibus
915 1120 1188 1182 duceretur,
1231 1123 1286 1167 ut
1325 1123 1393 1169 sic
1433 1121 1607 1168 saltem
1647 1122 1901 1182 pervenire

213 1193 472 1253 potuisset.
550 1195 710 1252 qualis
748 1208 892 1253 saepe
937 1196 1044 1241 viae
1091 1195 1352 1255 deprensus
1393 1197 1443 1242 m
1482 1210 1650 1255 ayqere
1693 1209 1902 1253 serpens,

215 1281 359 1314 aerea
427 1282 537 1314 uem
573 1269 779 1316 oblicum
809 1271 918 1315 rota
949 1270 1144 1316 transiit
1174 1272 1262 1316 aut
1286 1270 1452 1330 ⁸qravis
1484 1270 1579 1316 ictu
1611 1270 1886 1316 seminecem
1905 1271 1990 1311 275

149 1355 190 1388 15
215 1340 357 1400 liquit
398 1282 518 1389 {awo
565 1340 872 1401 lacerumque
916 1344 1086 1395 viator,
1134 1345 1450 1403 ‘nequicquam
1497 1343 1658 1402 lonyos
1710 1342 1902 1402 sufflans

216 1415 303 1461 dat
349 1429 544 1475 corpore
591 1419 767 1464 torius:
827 1417 990 1464 tortus
1038 1418 1374 1465 accusativum
1425 1417 1666 1478 pluralem
1721 1417 1900 1476 posuit,

214 1491 272 1536 ut
310 1505 410 1537 non
450 1505 649 1550 serpens
689 1489 917 1538 videatur
955 1493 1132 1551 tortus,
1172 1490 1270 1551 sed,
1310 1506 1421 1538 cum
1460 1506 1509 1537 se
1548 1491 1801 1550 torqueret
1843 1504 1901 1535 ex

215 1562 434 1611 vulneris
482 1578 654 1625 causa,
702 1566 863 1612 tortus
911 1566 1129 1625 corporis
1176 1565 1382 1612 lacerati
1434 1564 1630 1611 fecisset
1683 1562 1773 1610 hoc
1828 1565 1901 1610 est

215 1636 519 1698 inflexioneS‚
551 1640 608 1684 ut
627 1633 712 1686 'sit
752 1638 842 1686 hos
881 1639 1056 1686 tortus.
1110 1642 1257 1698 parte
1286 1640 1423 1698 ferox
1454 1638 1721 1696 ardensque
1751 1637 1902 1684 oculis

147 1725 190 1769 20
216 1713 259 1758 et
295 1712 440 1759 sibila
478 1712 601 1760 eolla
634 1713 823 1760 arduus
855 1711 1087 1768 attonem,
1111 1728 1238 1772 pars
1268 1713 1464 1759 vulmre
1494 1711 1672 1758 clauda
1702 1712 1902 1758 retentat

212 1786 461 1833 rimantem
505 1787 648 1834 nodis
693 1800 834 1846 seque
871 1787 925 1834 in
962 1801 1056 1834 sua
1093 1787 1307 1834 membra
1337 1785 1612 1845 plicantem.
1689 1785 1776 1831 tali
1814 1797 1886 1830 re·
1903 1785 1990 1827 280

213 1859 358 1918 miqio
396 1862 541 1908 navis
570 1874 621 1908 se
652 1861 798 1908 tarda
835 1861 1073 1907 movebat:
1112 1862 1195 1920 sic,
1226 1860 1407 1920 inquit,
1438 1857 1729 1906 movebatur
1759 1858 1900 1905 navis

215 1935 470 1981 exarmata
514 1950 763 1982 remorum
811 1933 1067 1994 subsidiis,
1115 1932 1358 1995 quomodo
1402 1933 1526 1980 solet
1564 1947 1662 1979 uno
1702 1932 1753 1977 in
1791 1930 1899 1978 loco

214 2022 468 2055 remanere
515 2023 715 2070 serpens
762 2008 996 2056 volubilis
1034 2010 1174 2056 rotae
1211 2007 1428 2055 transitu
1468 2005 1642 2053 debilis
1680 2003 1900 2052 redditus

148 2095 189 2128 85
216 2083 304 2128 aut
342 2082 549 2130 viatoris
588 2083 695 2130 ictu
732 2097 1010 2144 percussus,
1042 2097 1156 2129 cum
1195 2081 1473 2144 exagitatus
1504 2078 1722 2127 vulneris
1753 2092 1902 2126 causa.

213 2155 267 2201 in
314 2170 508 2203 cassum
553 2156 715 2205 saevit
760 2158 810 2204 et
854 2157 907 2203 in
958 2171 1061 2204 sese
1114 2155 1334 2204 volvitur
1386 2168 1474 2201 nec
1529 2167 1733 2213 usquam
1788 2166 1900 2213 pro-

214 2228 452 2291 greditur.
529 2231 636 2279 vela
681 2232 802 2292 facit
846 2233 1007 2278 tamen
1049 2232 1092 2278 et
1128 2229 1246 2278 velis
1284 2229 1412 2276 subit
1449 2229 1572 2275 ostia
1601 2226 1787 2286 plenis:
1838 2239 1901 2271 ne

213 2305 383 2351 tamen
437 2305 612 2353 ceteris
662 2303 1004 2366 voluptatibus
1051 2302 1262 2351 maiores
1308 2302 1494 2349 faceret
1539 2314 1724 2359 morsm,
1777 2298 1900 2346 velis

213 2379 442 2438 pervenit
479 2377 680 2427 flatibus
719 2380 960 2440 oportune
1000 2376 1302 2436 iuvantibus,
1344 2375 1530 2423 faciens
1571 2375 1742 2421 contra
1778 2387 1900 2420 nau-

144 2465 190 2499 so
214 2451 366 2500 ticam
406 2451 724 2514 disciplinam
769 2451 1077 2500 necessitatis
1125 2466 1296 2512 eausa3
1357 2447 1523 2496 nullus
1570 2447 1700 2494 enim
1747 2447 1901 2493 nauta

13 2629 23 2676 j
335 2627 357 2664 1
392 2622 584 2678 punicis
620 2621 708 2664 LR
745 2622 905 2678 (supra.
941 2622 1096 2678 recte).
1156 2621 1163 2677 Ι
1219 2620 1387 2664 russeie
1417 2617 1452 2661 L
1491 2617 1629 2661 roseis
1658 2614 1699 2658 R
1737 2628 1760 2656 r
1782 2634 1837 2651 -·=
1862 2611 1900 2656 L

0 2699 2 2703 ·
213 2680 365 2725 rubeis
396 2680 467 2726 ed.
599 2685 625 2724 3
656 2694 788 2726 saevo
819 2679 906 2723 LR
934 2693 968 2724 e.
994 2693 1016 2723 e
1047 2678 1119 2727 ed.
1251 2682 1306 2722 10
1337 2682 1523 2722 seceetus
1553 2674 1601 2718 L.
1739 2676 1792 2716 13
1824 2671 1898 2715 de·

115 2791 117 2793 ¹
205 2739 457 2795 prehensus
487 2739 559 2784 ed.
690 2743 744 2783 17
777 2743 830 2784 ut
858 2753 953 2783 mm
983 2738 1070 2782 LR
1099 2752 1157 2782 ne
1188 2737 1260 2781 ed.
1389 2740 1446 2779 20
1476 2734 1592 2780 colla
1623 2731 1659 2775 L
1689 2730 1828 2777 eorda
1860 2729 1900 2773 R·

211 2811 236 2840 ι·
259 2819 316 2835 =
339 2797 390 2842 L.
426 2800 432 2855 Ι
473 2798 626 2844 cauda
657 2798 692 2841 L
723 2799 862 2843 tarda
891 2797 946 2841 R.
1069 2802 1124 2841 21
1155 2801 1397 2841 nexantem
1426 2793 1480 2838 R.
1515 2794 1523 2850 Ι
1561 2791 1646 2836 tali
1676 2789 1762 2833 LR
1793 2788 1900 2834 talne

213 2857 286 2901 ed.
408 2861 464 2901 23
497 2857 716 2914 quomodo
748 2856 834 2900 LR
863 2857 937 2901 uti
967 2856 1038 2899 ed.
1154 2859 1209 2900 25
1240 2865 1572 2900 cum—cauea
1602 2863 1691 2894 om.
1715 2847 1759 2892 R
1782 2846 1895 2917 add.

212 2915 262 2959 in
293 2929 440 2974 marg.
473 2916 524 2961 r‘.
647 2921 702 2961 29
730 2916 936 2973 pervenit
962 2914 1050 2958 LR
1070 2915 1313 2971 praevenit
1343 2911 1414 2958 ed.
1537 2913 1593 2955 80
1623 2910 1901 2953 ’secessuum

0 2987 2 3011 υ
211 2989 355 3020 eausa
384 2975 420 3019 L
451 2977 710 3021 necessitate
739 2979 919 3033 coyente
946 2973 990 3018 R
1017 2988 1043 3018 r
1066 2994 1123 3011 =
1146 2973 1196 3018 L.
