2014 3226
781 162 1137 213 AENEIDOSI
1190 184 1193 186 ·
1241 183 1244 185 >
1736 163 1806 215 33

113 306 391 365 civitatem3
454 305 558 366 ipse
621 305 752 351 enim
807 303 1001 352 Aeneas
1056 318 1284 365 campos,
1338 319 1436 351 non
1491 301 1808 357 altitudinem

112 378 314 427 dimisit.
378 393 495 426 nam
532 380 586 424 in
624 379 775 426 tertio
815 377 942 425 libro
982 393 1093 426 cum
1132 378 1326 442 ingenti
1357 379 1547 441 gemitu
1579 378 1652 424 ait
1684 367 1804 442 (11)

113 455 193 514 „et
232 467 429 514 campos
478 451 562 499 ubi
603 452 754 500 Troia
793 450 933 498 fuit“.
1001 453 1050 499 et
1091 453 1208 512 quia
1246 451 1503 513 pathetica
1542 451 1654 510 fuit,
1693 466 1806 499 con-

111 527 256 574 tinua
296 526 448 575 dictio
487 541 802 588 perseverare
841 541 940 573 non
980 527 1168 587 potuit,
1217 541 1329 572 cum
1368 525 1618 574 dicturum
1656 524 1807 573 fuisse

50 619 89 654 ‚5
112 601 460 664 intellegamus
495 600 628 661 quod
661 599 873 660 dolebat,
898 599 951 646 id
983 601 1057 650 est
1089 615 1179 663 ego
1213 602 1380 646 autem
1413 600 1594 647 amissa
1626 600 1807 660 patria,

112 676 164 722 in
203 674 450 734 fiuctibus,
482 674 682 735 perdita
721 674 896 736 gloria,
929 674 1200 722 moriturus
1241 689 1364 721 sum.
1434 675 1582 735 atque
1620 674 1678 720 ut
1716 673 1807 721 hoc

113 748 440 808 confirmaret,
481 749 553 796 ait
592 762 619 795 o
658 747 899 795 Danaum
937 749 1199 807 fortissime
1234 750 1417 808 yemis,
1459 747 1572 795 inde
1611 762 1808 795 rursum

114 822 176 870 ad
216 822 356 870 aliud
394 825 568 883 raptus
608 824 682 869 est
722 821 889 869 dicens
925 822 1124 881 Tydide,
1157 836 1294 870 mene
1324 822 1500 870 Iliacis
1535 822 1809 870 occumbere

113 898 299 956 campis
336 911 435 943 nou
465 897 683 956 potuisse
723 899 899 955 tuaque
938 898 1157 943 animam
1187 896 1312 944 haue
1346 897 1592 955 effundere
1623 897 1807 949 dextra,

46 989 90 1023 ιο
112 985 285 1018 saevus
331 971 415 1017 ubi
452 969 699 1018 Aeacidae
745 971 833 1017 telo
878 971 1002 1018 iacet
1038 970 1232 1025 Hector,
1280 970 1364 1017 ubi
1402 972 1572 1030 iuyeus
1609 969 1787 1029 Sarpe-
1815 975 1898 1016 100

28 1063 33 1068 ·
113 1045 222 1100 dou,
254 1045 338 1092 ubi
370 1047 436 1091 tot
463 1043 644 1092 Simois
674 1042 923 1104 [correpta
954 1044 1043 1091 sub
1073 1045 1222 1092 undis
1253 1047 1392 1092 scuta
1422 1046 1585 1091 virum
1620 1044 1810 1104 yaleas-

112 1133 202 1178 que
235 1122 278 1166 et
306 1116 485 1179 fortia]
515 1132 718 1178 corpora
749 1119 922 1166 volvit!
972 1133 1030 1165 ex
1053 1118 1130 1167 his
1155 1118 1404 1166 infelicem
1428 1134 1478 1166 se
1504 1119 1809 1176 existimans,

31 1223 39 1228 -
113 1194 200 1255 qui
252 1192 383 1240 hunc
438 1193 622 1240 exitum
679 1193 813 1240 vitae
868 1191 1049 1240 habere
1103 1207 1204 1240 non
1258 1193 1443 1240 meruit
1497 1194 1546 1240 et
1599 1191 1813 1255 ignobih‘

113 1266 288 1314 mortis
328 1282 504 1330 genere
537 1267 616 1313 vir
654 1267 799 1314 fortis
839 1267 891 1313 in
930 1267 1108 1330 pelago
1152 1267 1319 1314 fuerat
1357 1267 1641 1315 moriturus.
1718 1265 1811 1313 hoc

45 1358 91 1394 15
115 1357 175 1388 ne
230 1341 484 1402 conpleret
540 1340 672 1402 quod
726 1339 1011 1389 coniectura
1067 1340 1371 1404 colligimus,
1425 1339 1605 1389 fluctus
1659 1340 1811 1388 inter-

115 1416 253 1464 venit
294 1416 380 1476 qui
419 1429 590 1462 vocem
629 1414 881 1476 loquentis
922 1414 1228 1476 obcluderet3
1285 1416 1413 1462 esset
1453 1414 1583 1462 enim
1630 1413 1812 1462 vitium

115 1491 314 1552 poetae,
362 1490 406 1536 si
451 1488 606 1537 finitis
661 1489 893 1550 querellis
933 1489 1131 1537 Aeneae
1171 1488 1378 1536 fluctum
1417 1489 1603 1537 faceret
1641 1504 1811 1551 super-

114 1563 321 1612 venisse.
399 1563 611 1624 denique
666 1562 851 1611 similia
906 1564 1056 1611 etiam
1106 1563 1219 1612 aliis
1265 1563 1388 1611 locis
1434 1565 1585 1625 poeta
1630 1564 1810 1625 posuit.

115 1638 190 1686 ait
237 1638 422 1699 quippe
471 1630 631 1703 (494)
680 1638 832 1698 „haec
879 1637 999 1685 dum
1044 1636 1300 1686 Dardanio
1339 1636 1538 1686 Aeneae
1585 1636 1814 1685 miranda

29 1729 94 1769 ,ao
115 1709 376 1760 videntur“
425 1713 475 1759 et
523 1705 597 1777 (3,
632 1704 764 1777 344)
811 1712 967 1772 „talia
1013 1711 1254 1760 fundebat
1298 1708 1608 1760 lacrimans“.
1695 1710 1814 1758 dum

117 1785 248 1833 enim
302 1785 637 1834 consideraret
682 1785 875 1834 Aeneas
929 1787 1152 1847 picturas
1198 1785 1397 1847 templi,
1452 1785 1570 1833 dum
1619 1783 1814 1834 Andro-

117 1860 292 1908 macha
346 1861 633 1921 loqueretur
687 1859 881 1907 dolores
936 1875 1073 1922 suos,
1128 1860 1416 1922 inperfectis
1462 1859 1525 1907 iis
1570 1858 1701 1907 Dido
1752 1858 1815 1907 ad

117 1934 359 1996 templum
388 1935 631 1996 processit
662 1936 712 1982 et
743 1933 961 1982 Helenus
1002 1936 1142 1982 extra
1180 1933 1366 1982 urbem.
1425 1949 1562 1997 ergo·
1582 1933 1655 1981 ait
1693 1934 1814 1981 talia

50 2012 55 2020 '
116 2009 334 2063 iactanti,
358 2008 451 2055 hoc
477 2010 551 2056 est
582 2007 743 2055 adhuc
773 2008 1014 2069 loquenti,
1045 2008 1315 2056 intervenit
1346 2009 1420 2056 vis
1452 2007 1693 2056 fluctuum
1724 2022 1814 2054 nec

45 2093 96 2140 *25
119 2082 238 2131 sivit
275 2083 480 2130 Aenean
519 2082 766 2144 explicare
807 2098 932 2143 quae
964 2083 1139 2130 voluit.
1198 2084 1418 2130 ceterum
1448 2083 1491 2131 si
1523 2082 1814 2144 conplesset,

120 2156 306 2204 diceret
360 2156 525 2205 felices
575 2155 662 2218 qui
706 2157 760 2203 in
808 2155 958 2204 Troia
1004 2157 1282 2218 perierunt,
1330 2171 1380 2204 se
1427 2156 1677 2203 infelicem
1727 2156 1815 2217 qui

84 2229 86 2231 ’
121 2232 248 2279 esset
286 2229 538 2292 periturus
575 2232 630 2277 in
668 2230 914 2279 fiuctibus.
977 2232 1186 2279 stridens
1226 2231 1452 2290 aquilone
1482 2230 1699 2289 procella
1738 2243 1814 2277 ve-

121 2303 222 2352 lum
267 2305 478 2352 adversa
515 2305 631 2364 ferit
666 2306 960 2364 fluetumque
998 2305 1066 2352 ad
1109 2306 1274 2352 sidera
1323 2303 1465 2360 tollit,
1512 2305 1814 2364 frauquutur

121 2379 262 2434 remi,
310 2381 411 2425 tusm
447 2393 657 2438 proram
703 2380 879 2427 avertit
922 2382 966 2428 et
1010 2379 1159 2427 undis
1205 2380 1291 2426 dat
1329 2379 1479 2434 latus,
1529 2379 1800 2437 insequitur
1818 2384 1902 2425 105

241 2566 266 2605 3
298 2564 396 2618 fuit
417 2563 504 2606 LR
535 2563 569 2617 f.
603 2569 645 2607 et
674 2578 716 2608 r:
749 2563 913 2620 inepta
938 2563 1243 2607 distinctione
1266 2562 1424 2606 locum
1448 2562 1657 2618 corrupit
1681 2561 1753 2605 ed.

122 2624 149 2664 ‘1
189 2621 296 2666 iude
334 2621 423 2665 LR
460 2627 613 2666 tamen
652 2621 745 2667 ed.:
790 2621 907 2666 Don.
949 2623 1203 2680 o—yeutis
1241 2622 1300 2666 de
1339 2621 1524 2666 Achille
1562 2620 1814 2678 intellegit.

85 2724 97 2734 ,Α
213 2684 268 2724 11
301 2683 410 2737 post
440 2681 608 2726 Simois
639 2681 854 2737 sequitur
882 2695 1024 2737 usque
1054 2695 1246 2738 corpora
1277 2682 1415 2726 volvit
1438 2681 1479 2724 R
1509 2694 1648 2737 usque
1670 2693 1815 2736 prope

89 2738 374 2783 ›eva-nidum
405 2739 455 2783 in
487 2739 537 2794 L,
570 2739 785 2797 supplevi
817 2754 925 2784 cum
955 2740 1027 2784 ed.
1061 2739 1119 2783 cf.
1155 2744 1254 2784 118.
1409 2744 1463 2783 12
1494 2740 1586 2783 hiis
1615 2739 1658 2782 R
1689 2739 1749 2783 iis
1779 2738 1814 2781 L

92 2797 194 2843 lais
222 2812 260 2843 τ.
337 2823 346 2842 t
443 2803 498 2842 18
530 2800 667 2850 etiam
697 2800 807 2844 aliis
839 2800 948 2844 loeis
972 2805 1110 2856 poeta
1134 2800 1293 2856 posuit
1323 2799 1410 2842 LR
1447 2800 1508 2843 al.
1541 2799 1570 2842 1.
1602 2798 1740 2842 etiam
1766 2812 1814 2854 p.

91 2862 307 2912 ,μαθηται
337 2858 407 2902 ed.
533 2862 589 2903 20
620 2864 663 2903 et
693 2859 809 2904 talia
840 2858 924 2902 LR
957 2859 1073 2903 alibi
1103 2858 1326 2915 interpos.
1360 2857 1430 2902 ed.
1463 2886 1467 2890 -
1540 2862 1597 2900 21
1630 2857 1814 2902 Andro-

103 2916 276 2967 macha
307 2917 379 2960 ed..
482 2921 537 2961 22
570 2918 746 2969 dolores
775 2931 881 2963 suos
911 2917 998 2961 LR
1027 2931 1250 2963 sermones
1272 2930 1379 2962 suos
1401 2921 1485 2961 aut
1508 2916 1682 2963 dolores
1704 2915 1776 2959 ed.
1806 2916 1811 2974 Ι

83 3015 101 3042 ἡ.
123 2973 287 3019 iisLR
309 2975 381 3020 his
404 2975 475 3020 ed.
546 2980 603 3019 26
626 2990 672 3021 se
687 2976 775 3020 LR
798 2981 841 3021 et
863 2977 935 3021 ed.
1006 2980 1062 3021 28
1085 2977 1336 3033 fluctusque
1359 2976 1426 3021 ed.
1498 2979 1552 3027 29,
1573 2988 1719 3033 prora
1742 2973 1813 3019 ed.

213 3056 312 3090 Don.
336 3057 493 3096 interpr.
516 3058 629 3099 vorg.
667 3059 742 3092 vol.
765 3059 796 3091 Ι.
1430 3053 1456 3092 3
