2014 3226
759 166 1062 211 AENEmos
1094 167 1114 209 1
1680 170 1781 220 129

83 310 204 370 pido
235 321 331 368 pro
370 306 499 354 dulc-i
539 304 755 354 Ascanio
796 308 958 354 >veniat
995 308 1227 367 donisque
1266 309 1505 367 furentem
1543 309 1871 356 incendatsssso

91 384 309 444 reyinam
349 384 490 440 atque.
528 381 716 428 ossibus
756 380 948 440 inplicet
988 382 1156 441 iqncm.
1220 383 1397 441 quippe
1435 382 1625 428 domum
1658 384 1783 429 idme!

92 456 367 515 ambiyuam
430 455 692 515 Tyriosque
753 455 1004 515 bilmynis,
1067 456 1169 501 urit
1222 459 1361 502 atrox
1414 455 1545 502 Iuno
1601 459 1643 503 et
1695 456 1784 503 sub

91 533 268 578 noctem
308 543 429 576 cura
466 532 698 576 recursat.
769 543 951 592 magna
991 530 1041 575 et
1079 530 1356 577 necessaria
1395 529 1658 577 metuentis
1691 529 1785 576 Ve-

0 631 1 653 1
48 621 68 653 5
92 604 221 651 neris
268 602 581 663 deliberatio,
633 602 770 649 cuius
820 605 983 650 aestus
1033 602 1249 666 augebat
1296 602 1626 652 consideratio
1674 604 1786 662 loci,

91 678 327 739 temporis
368 679 517 738 atque
556 692 810 738 personae.
868 681 1060 724 Aeneas
1094 677 1278 738 quippe
1310 676 1535 725 Achaten
1568 678 1785 735 miserat,

91 751 327 799 mandata
376 752 480 798 eius
529 750 699 797 debuit
744 750 957 812 inplere,
1005 750 1370 798 sollicitabatur
1408 751 1598 811 Venus,
1654 751 1786 813 quod

90 827 193 873 iam
232 828 484 872 teneretur
522 825 730 885 Aeneas,
772 823 1039 871 credendus
1081 841 1137 873 eo
1178 829 1228 872 et
1267 825 1648 873 committendus
1689 841 1786 873 non

93 903 200 947 erat
231 914 396 961 nepos.
458 899 686 960 quamvis
729 898 861 945 enim
899 899 1110 946 fuissent
1150 899 1301 947 Troes
1341 898 1552 947 libenter
1591 903 1639 946 et
1678 902 1787 947 tota

27 990 70 1022 ιο
91 973 403 1020 humanitate
451 974 688 1035 suscepti,
737 973 1050 1020 metuebatur
1096 975 1265 1020 tamen
1311 973 1568 1021 hominum
1607 977 1787 1021 natura

91 1046 303 1094 infidelis
351 1049 401 1094 et
446 1046 623 1107 fallax,
667 1046 958 1094 stimulabat
998 1046 1201 1095 Iunonis
1242 1048 1511 1108 pessimum
1551 1046 1787 1106 studium,

92 1137 151 1169 ne
198 1122 439 1183 temporis
486 1123 826 1183 oportunitate
874 1123 1098 1182 captata,
1145 1123 1400 1169 occasione
1449 1137 1644 1183 quoque
1690 1121 1791 1169 loci

91 1195 342 1255 suadente,
383 1195 469 1257 qui
508 1195 749 1243 Troianos
788 1197 841 1242 111
880 1212 1034 1242 111111111
1070 1197 1398 1258 congesserat,
1431 1211 1552 1257 quos
1586 1195 1788 1243 naufra-

93 1269 231 1333 gium
277 1268 562 1332 extinguere
610 1285 708 1318 non
754 1268 920 1331 potuit
967 1270 1155 1317 faceret
1192 1270 1244 1316 in
1283 1271 1429 1317 terris
1471 1268 1788 1333 Carthaginis

27 1360 70 1393 15
92 1344 308 1391 interire.
387 1345 714 1405 exquiruntur
759 1343 915 1407 igitur
962 1346 1093 1392 artes
1140 1359 1298 1392 novae
1347 1346 1396 1391 et
1443 1344 1650 1392 consilia
1690 1343 1787 1391 ela-

91 1417 269 1466 borata
316 1418 606 1479 capiuntur,
654 1419 711 1464 ut
757 1417 1001 1466 Ascanius
1052 1434 1152 1466 non
1198 1419 1426 1482 pergeret
1477 1420 1526 1464 et
1572 1417 1788 1465 Achates

91 1494 259 1539 tamen
308 1493 442 1539 iussa
482 1491 748 1554 conpleret.
826 1494 1015 1553 quanta
1054 1491 1332 1540 subtilitate
1373 1507 1463 1539 usa
1502 1494 1576 1539 est
1606 1491 1789 1551 Venus,

92 1568 150 1613 ut
188 1565 506 1614 deductorem
545 1567 710 1628 ipsum
748 1567 982 1628 primitus
1021 1566 1242 1627 falleret,
1282 1565 1459 1613 dehinc
1498 1567 1685 1614 ceteros
1726 1565 1789 1613 ad

94 1655 216 1702 quos
255 1640 420 1688 fuerat
454 1638 646 1702 Cupido
685 1642 941 1701 venturus,
973 1639 1198 1702 sequenti
1230 1640 1382 1688 etiam
1412 1640 1627 1702 patrem!
1697 1639 1789 1687 hoc

24 1729 72 1764 πο
94 1716 426 1763 commentum
478 1714 770 1776 proficiebat
824 1716 874 1762 et
927 1715 1006 1762 illi
1059 1716 1215 1776 parti,
1272 1713 1402 1775 quod
1450 1713 1789 1762 sollicitabant

92 1786 337 1836 Venerem
374 1789 614 1850 temporis
652 1789 783 1837 ratio
823 1790 874 1836 et
913 1790 1118 1851 exiguae
1158 1787 1488 1848 substantiae,
1538 1789 1656 1849 quia
1702 1803 1789 1835 nec

94 1862 356 1910 resistendi
394 1861 538 1925 copia
577 1863 675 1910 fuit
714 1879 804 1926 per
838 1877 1026 1925 paucos
1057 1878 1146 1910 nec
1178 1861 1417 1926 fugiendi,
1450 1861 1584 1924 quod
1614 1861 1790 1909 hiemis

95 1951 244 1984 causa
291 1939 341 1984 et
386 1937 590 1985 navium
638 1937 774 1986 vitiis
813 1936 1178 2000 inpedirentur,
1218 1951 1344 1998 quas
1386 1935 1647 1985 constabat
1686 1951 1790 1983 esse.

95 2010 370 2059 convulsas.
431 2010 509 2059 his
548 2010 719 2072 itaque
760 2026 872 2058 cum
910 2012 1089 2059 merito
1122 2013 1400 2074 angeretur,
1431 2009 1792 2072 providendum

30 2098 75 2133 2⁵
96 2084 195 2133 fuit
231 2101 293 2132 ne
332 2084 418 2132 ubi
455 2084 587 2133 filius
627 2086 732 2133 eius
772 2101 883 2133 cum
921 2085 1144 2147 periculo
1186 2088 1233 2133 et
1271 2085 1372 2133 levi
1404 2083 1627 2132 amicitia
1657 2085 1791 2131 tene-

95 2157 244 2207 batur
289 2159 574 2207 mitteretur
621 2162 671 2207 et
716 2174 893 2223 nepos,
946 2175 1030 2220 ne,
1086 2160 1129 2206 si
1182 2159 1310 2207 forte
1359 2157 1552 2220 aliquid
1598 2157 1794 2206 adversi

75 2230 350 2293 existeret,
397 2234 557 2282 omnis
602 2235 865 2298 progenies
903 2234 1145 2281 interiret.
1223 2249 1461 2297 magnum
1499 2233 1673 2294 itaque
1714 2247 1791 2279 ex-

96 2306 266 2370 igebat
304 2307 588 2357 sollicitudo
627 2307 727 2356 ista
764 2308 1060 2368 tractatum,
1106 2309 1164 2354 ut
1201 2322 1360 2369 neque
1400 2306 1643 2355 Ascanius
1682 2322 1792 2368 per-

38 2446 41 2447 ⁷
99 2383 238 2444 geret
277 2382 326 2428 et
364 2380 562 2429 Aeneae
601 2382 879 2444 praeceptis
918 2397 1019 2430 non
1058 2384 1326 2446 negaretur
1365 2380 1588 2441 effectus,
1635 2379 1791 2428 nihilo

33 2453 78 2514 ’φο
99 2453 261 2502 minus
307 2455 461 2503 etiam
504 2455 663 2518 ipsius
701 2456 900 2504 Aeneae
947 2456 1080 2504 salus
1127 2470 1226 2502 uno
1273 2454 1542 2516 eodemque
1586 2453 1791 2503 consih'o

99 2528 440 2577 conlocaretur
476 2530 530 2577 in
569 2532 693 2579 tuto.
771 2529 952 2578 statuit
990 2545 1107 2593 ergo
1147 2528 1417 2578 secundum
1455 2527 1792 2577 definitionem

51 2725 58 2731 „
219 2689 246 2728 5
279 2685 474 2742 augebat
503 2685 539 2728 L
571 2686 733 2744 ayebat
762 2685 804 2728 R
834 2682 1031 2744 anyebat
1061 2685 1133 2729 ed.
1238 2689 1264 2728 6
1295 2686 1482 2729 miserat
1513 2683 1599 2727 LR
1630 2697 1688 2726 m.
1713 2683 1795 2738 qui

46 2755 55 2759 ’
101 2741 173 2787 ed.
266 2748 292 2787 8
325 2750 550 2789 teneretur
573 2744 642 2788 Lr
672 2749 838 2790 teneret
859 2744 901 2788 R
931 2749 1109 2790 tenetur
1133 2744 1204 2788 ed.
1298 2749 1324 2788 9
1357 2747 1456 2788 erat
1477 2742 1564 2786 LR
1593 2743 1688 2797 fuit
1720 2741 1791 2784 ed.

49 2811 58 2838 3
192 2806 248 2846 19
273 2808 451 2859 patrem
483 2803 570 2847 LR
592 2805 728 2861 parti
756 2818 780 2847 r
811 2802 976 2848 addito
1007 2803 1058 2847 in
1087 2816 1235 2861 marg.
1257 2815 1444 2859 quaere.
1537 2804 1593 2844 20
1623 2805 1734 2845 esset
1759 2799 1793 2843 L

45 2913 54 2920 ·
101 2866 164 2906 eet
194 2860 236 2904 R.
266 2867 309 2906 et
337 2876 421 2907 nos
452 2876 543 2908 esse
572 2862 654 2907 edI
685 2877 774 2908 om.
808 2862 916 2907 edF.
1070 2867 1126 2906 23
1158 2862 1481 2919 inpederentur
1510 2859 1546 2903 L
1577 2860 1792 2916 inpende-

49 2923 54 2925 “
102 2923 262 2965 rentur
290 2919 332 2963 R
361 2922 693 2978 impedirentwr
722 2937 747 2965 r
776 2921 847 2966 ed.
942 2925 997 2965 26
1029 2923 1126 2966 ‘nisi
1154 2921 1196 2964 R
1234 2935 1291 2965 ne
1320 2922 1366 2965 si
1393 2935 1417 2963 1·
1440 2940 1495 2956 =
1522 2918 1571 2962 L.
1665 2923 1720 2962 29
1752 2923 1794 2963 et

104 2992 270 3023 —mm
299 2979 386 3023 LR
414 2995 557 3038 neque
585 2981 658 3026 ed.

44 3058 62 3104 (μ’
193 3060 290 3094 Don.
315 3061 471 3102 interpr.
495 3063 607 3104 Verg.
646 3063 722 3096 vol.
745 3063 775 3095 Ι.
1410 3056 1436 3095 9

43 3106 69 3226 l
