2014 3226
103 994 162 1024 ·10

118 1362 160 1393 15

118 1731 162 1764 20

29 2083 163 2144 {25

122 2471 166 2504 80

823 168 1127 213 AENEIDOS
1159 169 1220 212 III
1765 170 1868 221 301

183 311 408 369 cibusque
453 310 616 356 iubent
662 323 908 368 exposcere
945 324 1141 367 pacem:
1194 325 1348 371 usque
1396 309 1518 356 adeo
1559 309 1871 356 conciderant

185 386 341 443 metu,
394 385 451 430 ut
506 383 705 430 adfectu
759 382 978 430 bellandi
1030 385 1211 431 reiecto
1268 384 1545 430 censuerint
1598 382 1872 430 fundendas

186 472 352 519 preces
401 457 598 504 offensis
639 459 688 503 et
727 461 845 504 vota
885 457 1110 503 facienda
1149 458 1239 504 hoc
1282 460 1354 504 cst
1394 456 1657 521 sacrificia,
1698 457 1872 518 quibus

184 531 373 592 placari
427 531 705 592 potuissent
759 533 808 577 et
862 532 1059 577 veniam
1114 531 1243 578 dare.
1321 533 1420 578 sive
1473 532 1590 578 deae
1643 545 1729 577 sen
1778 533 1876 577 sint

185 607 323 653 dirae
369 605 687 664 obscenaeque
725 605 962 652 volueres:
1016 620 1104 651 nec
1145 605 1462 668 cogitandum
1501 606 1553 651 in
1592 605 1686 652 tali
1726 619 1875 652 causa

187 695 311 740 quae
345 682 507 726 essent
539 681 762 726 auctores
794 678 1039 726 dictorum
1070 679 1246 725 talium
1272 679 1350 726 vel
1376 679 1561 740 quales,
1586 679 1670 726 sed
1704 678 1874 739 qualia

186 753 318 800 dicta
351 754 452 800 sint
483 752 916 812 considerandum3
958 754 1060 800 sive
1094 755 1224 799 enim
1257 756 1419 800 essent
1453 753 1570 799 deae
1603 753 1705 800 sive
1736 768 1874 799 mon-

185 830 406 875 struosae
438 828 677 888 volucres,
708 826 1070 888 respiciendum
1105 842 1202 873 non
1243 842 1360 886 esse,
1399 826 1663 874 dummodo
1702 826 1876 874 fierent

187 917 243 949 ea
300 901 475 962 quibus
529 900 826 948 inminentia
879 901 1014 947 mala
1066 901 1307 947 removeri
1353 903 1564 962 possent.
1643 904 1694 948 at
1730 903 1875 960 pater

186 972 421 1022 Anchises
451 977 619 1034 passis
658 975 716 1021 de
755 976 890 1022 litore
920 975 1106 1034 palmis
1143 977 1348 1021 numina
1387 989 1568 1035 mayna
1606 978 1743 1022 vocat
1780 989 1874 1022 me-

184 1052 394 1108 ritosque
438 1050 610 1096 indicit
651 1049 878 1096 honores:
940 1048 1165 1096 omnibus
1219 1048 1339 1096 locis
1387 1049 1634 1111 Vergilius
1687 1049 1875 1110 primas

186 1122 272 1170 dat
311 1123 558 1170 Anchisae
597 1123 916 1170 consiliorum
956 1123 1179 1170 omnium
1210 1124 1368 1183 partis
1398 1124 1592 1183 ipsique
1625 1138 1875 1170 sacrorum

186 1197 444 1245 scientiam
482 1197 681 1258 plenam
718 1197 870 1245 fuisse
903 1199 1268 1244 commemorat.
1329 1196 1538 1257 denique
1572 1196 1691 1257 quid
1723 1197 1875 1259 signi-

184 1271 355 1318 ficaret
399 1271 668 1332 procedens
717 1287 773 1318 ex
822 1271 982 1332 capite
1020 1270 1225 1318 Ascanii
1271 1270 1471 1318 flamma
1512 1272 1617 1331 ipse
1655 1269 1877 1330 prodidit

186 1347 236 1393 et
288 1344 703 1407 quemadmodum
756 1345 992 1407 Polydori
1053 1345 1307 1406 piaculum
1364 1345 1567 1408 purgari
1630 1345 1876 1406 potuisset

184 1420 291 1482 ipse
329 1420 643 1478 monstravit,
680 1420 839 1482 ipsius
880 1419 1098 1467 consiliis
1138 1421 1379 1466 steterunt
1423 1418 1666 1466 desideria
1705 1418 1875 1465 Troia-

184 1509 373 1540 norum.
432 1493 688 1541 videamus
721 1495 770 1541 et
799 1493 880 1541 hic
912 1493 1033 1555 quid
1066 1493 1262 1541 consilii
1291 1492 1534 1552 habuerit,
1566 1508 1676 1539 cum
1708 1507 1876 1539 omnes

186 1567 391 1615 Troiani
451 1567 668 1615 dicerent
729 1567 831 1616 sive
889 1567 1008 1615 deae
1059 1583 1143 1614 seu
1198 1567 1297 1614 sint
1351 1566 1486 1613 dirae
1541 1565 1876 1626 obscenaeque

187 1642 433 1702 volucres,
486 1642 756 1704 placandas
803 1657 908 1690 esse
953 1642 1085 1689 votis
1133 1644 1182 1688 et
1227 1640 1467 1703 precibus.
1544 1640 1648 1694 ille,
1696 1640 1877 1700 inquit,

185 1716 647 1778 providentissimus
701 1731 799 1763 non
853 1719 1051 1764 secutus
1106 1718 1180 1763 est
1234 1731 1446 1762 errorem
1492 1715 1736 1773 omnium,
1791 1714 1877 1774 qui

185 1790 471 1838 tractabant
516 1789 786 1851 superflua,
839 1805 899 1837 ne
947 1790 1142 1839 omissis
1189 1788 1317 1837 veris
1365 1788 1611 1849 obsequiis
1656 1788 1878 1835 facerent

186 1880 246 1912 ea
293 1880 419 1926 quae
463 1864 674 1912 instanti
719 1864 1006 1912 necessitati
1057 1863 1287 1925 prodesse
1342 1878 1439 1910 non
1492 1863 1716 1923 possent:
1778 1877 1877 1908 non

186 1941 332 2002 rogat
376 1938 662 2000 harpyiam,
706 1954 858 2000 quam
904 1937 1164 1986 constabat
1202 1953 1305 1985 esse
1343 1938 1731 1995 monstruosam,
1778 1951 1877 1983 non

186 2016 333 2076 rogat
379 2029 488 2061 eam
536 2028 665 2075 quae
711 2028 762 2060 se
809 2013 1022 2060 aliorum
1067 2013 1310 2060 iussiones
1352 2010 1616 2072 pertulisse
1654 2010 1878 2071 professa

189 2090 285 2147 est,
330 2102 430 2135 non
474 2088 623 2149 rogat
667 2102 777 2134 eam
825 2103 954 2148 quae
1001 2087 1350 2134 auctoritatem
1391 2083 1703 2146 praeferebat
1739 2085 1878 2144 pote-

187 2162 333 2210 statis
373 2162 580 2221 alienae,
617 2160 842 2224 rogabat,
881 2161 1060 2222 inquit,
1098 2174 1280 2223 magna
1320 2159 1546 2218 numina3
1598 2159 1709 2219 ipsa
1747 2157 1878 2205 enim

187 2235 432 2296 placanda
485 2235 705 2294 fuerant,
765 2234 945 2296 quibus
1001 2235 1139 2298 origo
1194 2233 1364 2280 feralis
1410 2233 1576 2280 nuntii
1622 2231 1879 2279 dicebatur

190 2312 371 2358 exorta.
448 2309 751 2371 meritosque
789 2308 968 2356 indicit
1004 2308 1236 2356 honores:
1285 2307 1487 2354 meritos
1527 2305 1759 2354 debemus
1799 2320 1877 2353 ac-

189 2383 351 2445 cipere
389 2399 489 2432 non
527 2383 718 2431 delatos
756 2383 960 2444 harpyis
998 2382 1200 2442 frustra,
1238 2382 1296 2428 ut
1334 2380 1485 2428 ceteri
1519 2379 1763 2438 dicebant,
1794 2379 1878 2428 sed

189 2456 283 2504 diis
321 2458 636 2519 potissimum
674 2456 1009 2505 convenientis
1039 2471 1130 2518 pro
1144 2480 1147 2481 ⁷
1161 2453 1505 2517 magnitudine
1533 2453 1791 2516 petitionis
1829 2455 1880 2500 et

190 2547 358 2579 eorum
420 2545 633 2593 persona
690 2532 776 2592 qui
836 2545 950 2578 vere
1006 2531 1209 2577 fuerant
1258 2527 1470 2592 rogandi
1530 2530 1617 2576 aut
1676 2526 1878 2575 meritos

312 2692 334 2730 1
368 2688 491 2732 iubet
522 2686 608 2730 LR
639 2700 754 2730 corr.
785 2700 822 2729 r.
999 2689 1027 2727 4
1052 2685 1242 2741 placare
1273 2684 1359 2727 LR
1390 2683 1487 2728 edF
1512 2684 1694 2740 plaeere
1724 2681 1767 2725 H
1798 2681 1878 2726 edi

184 2747 371 2804 placari
400 2760 498 2791 nos.
548 2748 555 2803 Ι
612 2745 724 2790 dare
752 2745 840 2788 LR
876 2743 951 2788 vel
980 2745 1222 2800 impetrare
1251 2742 1303 2787 τ’.
1456 2747 1482 2786 6
1512 2743 1580 2787 vel
1609 2741 1742 2798 quale
1770 2745 1880 2786 esset

191 2805 278 2850 LR.
307 2806 386 2850 sed
414 2806 550 2862 quale
579 2810 689 2850 esset
713 2805 822 2860 pati
847 2802 887 2846 r'
915 2804 985 2848 vel
1014 2804 1148 2859 quale
1177 2808 1287 2847 esset
1314 2803 1392 2847 sed
1423 2801 1494 2845 ed.
1527 2802 1596 2845 vel
1625 2801 1781 2856 quales
1801 2799 1879 2844 sed

190 2879 290 2909 nos.
381 2870 437 2909 21
469 2878 551 2909 nee
579 2864 666 2907 LR
695 2877 752 2907 ne
782 2877 806 2906 r
828 2862 900 2907 ed.
992 2866 1050 2906 25
1074 2862 1333 2919 perferebat
1354 2860 1441 2904 LR.
1464 2859 1536 2904 ed.
1629 2863 1683 2902 27
1715 2859 1880 2915 quibus

191 2922 280 2967 LR
310 2923 382 2968 ed.
414 2939 446 2969 a
475 2927 581 2980 qus?
638 2925 644 2979 Ι
701 2922 970 2966 dicebantur
998 2920 1085 2964 LR-
1115 2933 1229 2965 corr.
1255 2921 1327 2965 ed.
1493 2923 1549 2963 29
1580 2919 1763 2974 filu-ebra
1791 2917 1880 2961 LR

190 2983 371 3038 frustra
399 2998 423 3026 r
453 2982 638 3038 offensis
666 2981 739 3026 ed.
854 2984 911 3024 30
937 2981 1190 3037 potissimis
1217 2995 1253 3023 r.
1369 2983 1423 3022 31
1456 2992 1611 3023 venere
1641 2977 1683 3021 R
1712 2990 1811 3023 vere
1840 2991 1876 3020 r.
