2014 3226
761 180 1064 224 AENEIDOS
1095 181 1137 224 Π
1690 181 1796 234 209

109 325 322 372 clamore
369 323 555 382 vocati,
604 323 699 368 erit
742 338 895 368 unum
935 324 1085 382 atque
1125 323 1464 381 coniunctum,
1511 323 1569 368 ut
1608 323 1674 368 sit
1711 337 1800 382 per

108 399 307 445 illorum
339 398 549 443 mortem
581 398 631 442 et
662 394 844 442 Panthi
876 397 1103 456 protinus
1135 396 1249 443 inde
1282 395 1579 456 divellimur,
1603 395 1799 457 Iphitus

109 474 159 519 et
197 471 360 518 Pelias
409 468 705 518 clamoribus
754 469 918 516 vocati
967 485 1158 516 mecum
1206 469 1291 531 qui
1332 486 1388 516 ex
1429 470 1573 517 domo
1612 469 1800 516 Priami

108 544 447 592 mittebantur.
506 543 634 590 unde
665 544 777 604 post
815 543 1161 590 iusiurandum
1193 559 1293 591 non
1325 545 1476 605 caput
1506 544 1625 591 fecit
1658 545 1801 605 quasi

65 639 84 671 5
109 634 265 666 novae
304 618 584 676 relationis,
629 617 714 663 sed
752 618 995 664 remeavit
1034 617 1098 664 ad
1135 634 1192 664 ea
1233 633 1263 664 a
1302 618 1480 679 quibus
1518 620 1801 675 recesserat,

108 696 165 740 ut
202 694 402 740 iuraret.
466 691 691 752 protinus
733 691 796 738 ad
835 690 973 738 sedes
1012 691 1201 738 Priami
1240 707 1431 739 mecum
1471 692 1684 739 clamore
1715 707 1800 739 vo-

109 767 230 827 cati,
276 782 376 814 non
424 765 707 826 specialiter
753 764 919 812 vocati
968 765 1030 812 ab
1080 766 1272 826 aliquo,
1328 766 1411 812 sed
1463 766 1650 814 clamor
1695 767 1801 828 ipse

109 841 404 904 suggerebat
459 839 847 887 subveniendum
903 854 1006 887 esse
1054 839 1223 886 domui
1271 841 1401 902 regis
1450 839 1649 887 Priami.
1726 841 1803 887 hic

109 930 218 962 vero
271 916 509 974 ingentem
546 928 792 973 puynam,
839 927 924 961 ceu
971 916 1125 960 cetera
1169 928 1414 974 nusquam
1461 913 1583 962 bella
1629 916 1801 974 forent,

43 1008 86 1042 ιο
109 989 236 1036 nulli
273 992 372 1036 tota
409 991 710 1035 morerentur
746 989 799 1034 in
838 988 971 1042 urbe,
1010 989 1081 1034 sic
1110 988 1328 1035 Martem
1365 988 1649 1035 indomitwm
1680 989 1786 1036 Da·
1806 991 1893 1031 440

108 1077 320 1122 naosque
360 1063 426 1109 ad
464 1064 584 1109 tecta
623 1063 808 1108 ruentis
846 1063 1089 1109 cernimus
1127 1062 1462 1122 obsessumque
1509 1066 1616 1110 acta
1662 1066 1804 1110 testu-

109 1137 222 1184 dine
260 1136 429 1184 limen:
478 1136 573 1196 hic,
613 1136 793 1196 inquit,
833 1137 1088 1199 ingentem
1126 1151 1351 1199 pugnam
1391 1137 1634 1184 cernimus
1673 1136 1803 1184 Mar-

109 1214 307 1272 temque
352 1210 652 1258 indomitum
699 1209 944 1257 cernimus
983 1210 1283 1271 Danaosque
1330 1209 1394 1257 ad
1438 1212 1574 1258 tecta
1614 1212 1804 1258 ruentis

30 1327 36 1332 .
112 1287 355 1333 cernimus
417 1284 767 1346 obsessumque
829 1286 943 1332 acta
1010 1284 1259 1332 testudine
1330 1285 1483 1332 limen
1546 1284 1804 1332 cernimus.

39 1378 88 1412 '15
106 1361 255 1407 tanta
293 1358 398 1406 illic
437 1360 605 1406 autem
642 1358 718 1405 vis
756 1375 955 1421 pugnae
994 1359 1158 1406 fuerat
1196 1360 1438 1420 tantaque
1470 1358 1556 1407 illo
1587 1359 1805 1407 hostium

112 1432 378 1481 multitudo
435 1432 761 1492 confluxerat,
818 1434 962 1493 quasi
1013 1448 1104 1494 per
1157 1435 1344 1480 ceteras
1398 1434 1623 1496 regiones
1669 1432 1805 1480 urbis

111 1516 363 1568 nusquam
388 1509 716 1570 pugnaretur,
756 1507 885 1554 nulli
923 1506 1154 1554 caderent
1193 1507 1337 1555 ferro.
1414 1523 1475 1554 ne
1523 1507 1807 1568 frequenter

112 1582 595 1644 poneret-cernimus
629 1582 680 1628 et
708 1583 937 1642 turparet
968 1581 1236 1628 dictionem
1267 1596 1423 1641 suam,
1456 1581 1607 1628 semel
1637 1582 1805 1642 posuit

116 1655 372 1715 cernimus,
404 1655 503 1715 sed,
535 1655 683 1703 sicuti
722 1670 874 1716 supra
912 1656 1243 1718 exposuimus,
1273 1671 1365 1717 pro
1397 1656 1683 1716 frequenter
1719 1671 1806 1717 po-

25 1748 90 1782 seo
114 1731 210 1778 sito
250 1729 393 1777 debet
431 1729 668 1793 intellegi.
729 1744 878 1778 causa
917 1731 1087 1777 autem
1127 1745 1252 1791 quae
1290 1729 1445 1776 fuerit
1480 1729 1612 1776 tanti
1652 1732 1807 1777 certa—

112 1803 260 1852 minis
298 1804 351 1851 in
391 1806 563 1865 aperto
603 1806 700 1864 est3
740 1803 812 1850 ibi
851 1805 985 1851 enim
1022 1804 1122 1851 fuit
1159 1820 1259 1864 rex,
1298 1819 1424 1850 uxor
1463 1818 1519 1850 ac
1557 1802 1716 1865 liberi,
1754 1803 1808 1850 hi

112 1880 315 1940 propter
359 1879 597 1926 maiorem
643 1879 883 1926 victoriae
930 1877 1142 1941 gloriam
1190 1880 1276 1925 aut
1316 1877 1571 1926 occidendi
1608 1878 1807 1925 fuerant

114 1954 203 2000 aut
241 1952 491 2013 capiendi,
538 1954 796 2014 praeterea
837 1952 969 2014 quod
1008 1951 1112 1999 illic
1150 1954 1466 2014 sperarentur
1502 1951 1694 2016 regales
1735 1951 1806 1999 di-

114 2026 266 2074 vitiae
305 2026 600 2074 aviditatem
631 2026 917 2088 expleturae
948 2027 1166 2074 victoris.
1227 2025 1489 2074 obsidebat
1518 2025 1670 2073 limen
1703 2027 1807 2074 eius

71 2118 92 2151 5
113 2095 334 2160 testudO,
378 2101 579 2148 haerent
613 2101 892 2160 parietibus
937 2101 1100 2148 scalae
1137 2104 1392 2161 postesque
1436 2101 1526 2148 sub
1563 2102 1695 2160 ipsos
1732 2102 1807 2148 ni-

44 2197 54 2204 «
116 2177 283 2222 Μηίων
317 2173 570 2234 yradibus',
601 2175 868 2235 clipeosque
899 2190 957 2222 ac
986 2175 1083 2222 tela
1111 2176 1326 2222 sinistris
1347 2176 1552 2234 protecti
1580 2175 1807 2230 obiciunt,

43 2245 55 2308 ’ᾗ
82 2252 349 2308 ‘prensant
382 2249 587 2310 fastigia
624 2250 830 2297 dextris.-
866 2249 1135 2296 manifesta
1173 2248 1464 2311 descripti03
1504 2248 1592 2296 alii
1624 2249 1809 2311 quippe

50 2337 89 2374 .·
117 2321 408 2371 obsidebant
447 2326 562 2370 ante
598 2323 746 2383 fores,
785 2338 874 2385 per
911 2338 1035 2385 quas
1073 2323 1244 2386 fugere
1282 2324 1487 2384 possent
1525 2323 1615 2384 qui
1653 2323 1810 2371 clausi

49 2415 57 2418 ·
116 2395 431 2457 tenebantur,
478 2397 567 2444 alii
612 2413 703 2459 per
748 2397 909 2446 scalas
957 2396 1021 2444 ad
1067 2412 1259 2445 summa
1307 2395 1599 2456 tendebant,
1654 2398 1810 2456 scuta,

37 2473 97 2532 {u
117 2469 302 2533 inquit,
349 2473 399 2518 et
444 2471 639 2534 gladios
687 2470 904 2519 sinistris
949 2470 1178 2519 manibus
1224 2473 1449 2518 tenentes
1490 2485 1547 2518 ac
1583 2472 1809 2535 tegentes

40 2546 62 2604 ’ζ
117 2555 325 2607 corpora
355 2559 446 2593 sua
475 2547 682 2607 propter
712 2561 771 2593 ea
801 2561 928 2607 quae
960 2545 1019 2592 de
1050 2560 1241 2593 summo
1272 2544 1597 2606 iaciebantur,
1625 2543 1809 2592 dextris

41 2609 63 2655 &²
74 2614 84 2679 j
117 2633 234 2667 vero
271 2617 574 2680 nitebantur,
611 2621 670 2667 ut
706 2621 954 2667 tectorum
989 2619 1196 2683 fastigia
1234 2622 1546 2681 occuparent.
1604 2618 1811 2681 fastigia

41 2707 43 2717 ²
84 2726 89 2747 ÷
120 2693 209 2739 aut
242 2693 502 2754 tectorum,
543 2694 599 2740 ut
637 2693 865 2754 diximuS,
903 2695 1071 2756 posuit
1109 2695 1198 2741 aut
1240 2694 1500 2755 superiora
1545 2693 1810 2754 parietum,

95 2830 112 2875 f
241 2822 295 2862 15
326 2824 477 2864 autem
505 2819 604 2864 illic
631 2834 668 2862 r.
788 2823 843 2862 16
875 2819 1157 2864 concluserat
1186 2819 1229 2862 R
1257 2820 1543 2875 confluxerat
1570 2833 1594 2861 r
1618 2839 1674 2854 =
1698 2817 1748 2860 L.

77 2878 178 2921 2³³2ss
215 2890 272 2921 ac
306 2878 397 2922 tela
424 2877 514 2922 L'R·
548 2879 763 2922 finnatur
800 2878 1192 2935 interpretatione
1229 2878 1293 2923 ad
1322 2883 1353 2922 t.
1385 2892 1420 2921 r.
1602 2881 1659 2920 28
1689 2877 1812 2932 fores

179 2993 223 3038 Π
244 2935 454 3039 {Julian-elil.
477 2951 567 3014 per
594 2951 710 2994 quas
738 2937 813 2982 vel
843 2951 936 2994 qua
966 2935 1017 2982 τ’.
1166 2942 1222 2982 81
1253 2937 1548 2992 ΐαοίεῢαηῠων
1575 2935 1664 2979 LR
1694 2949 1809 2980 corr.

210 3075 307 3110 Don.
329 3077 487 3118 interpr.
502 3078 615 3120 Vei-g.
652 3079 728 3112 vol.
751 3078 784 3112 1.
1398 3073 1455 3113 14
