2014 3226
755 185 1059 230 AENEIDos
1091 187 1153 229 111
1701 190 1804 240 277

115 326 334 385 positum
382 328 476 385 est,
517 325 804 386 Apollinem
851 341 1044 386 semper
1091 327 1417 374 Troianorum
1456 329 1607 376 fuisse
1647 329 1810 376 fauto-

0 331 2 456 1
115 414 241 459 rem3
281 413 446 459 preces
487 400 618 446 enim
658 399 761 446 illic
795 402 910 446 sunt
941 401 1245 448 necessariae
1277 401 1362 448 ubi
1395 402 1706 450 concih'anda
1738 405 1813 449 est

36 486 37 496 ¹
116 471 451 520 benivolentia
490 474 595 520 eius
637 474 723 534 qui
763 472 952 533 aliquid
991 474 1292 535 postulatur,
1325 490 1436 522 cum
1471 491 1587 523 vero
1619 477 1723 523 iam
1754 492 1812 523 ex

37 550 42 639 ἰ
120 546 231 593 aliis
278 546 562 593 benivolum
610 549 804 594 constat
852 563 978 607 esse,
1025 552 1214 595 remoto
1263 549 1525 597 circumitu
1568 549 1812 597 desideria

37 636 92 678 2⁵
116 622 227 681 ipsa
274 623 472 681 oportet
522 622 714 681 exponi.
791 622 873 668 vix
921 635 977 668 ea
1022 623 1157 681 fatus
1205 638 1359 678 eram,
1409 627 1606 671 tremere
1644 625 1810 671 omnia

36 689 40 743 ἒ
117 695 224 741 visa
262 698 453 754 repente
491 695 756 754 liminaque
794 695 1060 754 laurusque
1099 696 1175 743 dei
1215 700 1430 756 totusque
1461 698 1644 745 moi-eri
1673 712 1813 745 mons

20 779 29 866 s
117 769 297 816 circum
337 771 381 816 et
415 771 603 828 ‘muyire
634 769 796 829 adytis
828 770 1016 816 cortina
1046 771 1270 817 reclusis:
1309 787 1436 834 mox,
1471 773 1556 831 ait,
1589 774 1647 818 ut
1678 771 1813 819 dicta

118 843 367 903 conplevi‚
414 844 581 890 omnia
627 842 751 889 mihi
797 843 906 890 visa
952 845 1070 889 sunt
1114 847 1345 892 tremere:
1409 861 1438 892 a
1485 845 1812 908 generalitate

117 918 319 964 transiit
367 915 429 964 ad
476 916 685 978 species,
733 916 859 963 dixit
906 918 1038 963 enim
1085 917 1357 979 liminaque
1411 918 1678 980 laurusque
1734 919 1815 965 dei

51 1005 92 1037 ιο
116 992 350 1052 totusque
396 992 587 1038 moveri
634 1006 773 1038 mons
825 992 1010 1038 circum
1058 994 1106 1038 et
1153 994 1344 1055 mugire
1401 992 1564 1054 adytis
1621 994 1814 1041 cortina

117 1065 336 1112 reclusis.
414 1064 536 1111 haec
582 1064 654 1112 sic
700 1067 837 1112 mota
892 1067 1008 1112 sunt
1061 1065 1141 1112 vel
1195 1067 1501 1129 mugierunt,
1555 1070 1612 1114 ut
1666 1067 1814 1114 deum

116 1139 284 1199 ipsum
329 1140 644 1199 praesentem
698 1139 851 1187 fuisse
897 1142 1254 1201 monstrarent,
1308 1141 1555 1188 sum-missi
1599 1142 1814 1200 petimus

117 1215 310 1267 terram,
350 1226 442 1260 vox
479 1215 638 1272 fertur
676 1214 742 1260 ad
781 1214 943 1260 auris:
997 1229 1204 1274 pavore,
1243 1213 1429 1275 inquit,
1469 1214 1622 1262 nimio
1663 1215 1813 1262 vesti-

27 1318 33 1321 -
117 1286 211 1350 giis
250 1286 403 1334 firmis
444 1303 542 1334 non
580 1288 836 1348 potuimus
877 1289 1007 1334 stare
1049 1287 1347 1349 demissique
1389 1287 1452 1335 ad
1489 1291 1677 1336 terram
1723 1289 1813 1335 has

51 1375 92 1407 16
117 1375 261 1407 voces
302 1360 603 1409 audivimus:
643 1360 973 1409 Dardanidae
1012 1362 1142 1415 duri,
1175 1361 1267 1408 hoc
1299 1364 1374 1409 est
1407 1362 1469 1409 ad
1501 1361 1816 1410 tolerandum

116 1433 338 1482 laborem
378 1435 555 1495 fortes,
601 1450 725 1494 quae
762 1449 846 1482 vos
886 1436 947 1483 ab
994 1437 1144 1495 stirpe
1181 1439 1447 1495 parentum
1485 1438 1656 1495 prima
1703 1437 1814 1483 tulit

117 1509 255 1556 tellus
312 1509 478 1556 eadem
529 1523 614 1556 vos
666 1510 812 1556 ubere
864 1509 987 1557 laeto
1042 1510 1240 1569 accipiet
1284 1510 1505 1565 reduceS,
1562 1511 1815 1568 antiquam

117 1585 348 1643 exquirite
391 1586 620 1631 matrem:
675 1583 797 1645 quid
842 1582 1076 1631 brevius?
1125 1583 1248 1645 quid
1295 1583 1571 1632 evidentius
1609 1584 1703 1631 hoc
1740 1600 1813 1631 re-

118 1655 332 1719 sponso?
380 1659 520 1704 cuius
564 1660 709 1704 tanta
751 1657 1090 1705 benivolentia
1129 1661 1224 1717 est,
1263 1659 1320 1705 ut
1359 1673 1470 1705 cum
1508 1657 1604 1705 fine
1643 1657 1814 1705 verbo·

51 1744 95 1777 πο
116 1746 226 1778 rum
266 1731 568 1778 consulentis
607 1732 859 1793 prolatum
891 1731 957 1780 sit
988 1733 1039 1779 et
1069 1732 1272 1779 Aenean
1305 1731 1491 1778 dudum
1522 1746 1816 1793 suspensum

118 1808 269 1866 atque
308 1805 552 1853 incertum
589 1807 904 1866 instructum,
945 1821 1172 1853 securum
1209 1805 1497 1867 laetumque
1543 1804 1818 1853 reddiderit

118 1879 380 1928 ostendens
420 1879 662 1927 Troianos
711 1879 844 1942 apud
882 1879 1034 1927 Ilium
1071 1878 1359 1942 peregrinos
1398 1879 1550 1927 fuisse
1589 1878 1814 1941 perinde-

118 1969 215 2015 que
254 1968 354 2000 non
390 1955 629 2000 iniuriam
667 1970 726 2001 ex
765 1953 970 2002 deorum
1007 1953 1213 2013 invidia,
1247 1953 1332 2000 sed
1371 1951 1663 2001 beneficium
1703 1968 1816 2000 con-

118 2030 324 2088 secutos,
349 2029 408 2075 ut
438 2027 767 2090 originalibus
795 2027 942 2076 terris
967 2030 1017 2075 et
1041 2027 1142 2075 suis
1166 2026 1456 2088 parentibus
1480 2027 1815 2075 redderentur.

51 2114 95 2148 25
117 2103 176 2149 ut
206 2102 374 2149 autem
411 2101 666 2164 propriam
706 2101 907 2149 domum
946 2101 1052 2150 fore
1092 2103 1143 2149 et
1181 2116 1335 2164 genus
1377 2101 1526 2162 atque
1557 2099 1734 2148 urbem
1763 2101 1816 2148 in

119 2178 374 2223 aeternum
413 2191 652 2224 mansura
697 2175 966 2223 manifesta
1009 2177 1204 2223 ratione
1251 2176 1574 2236 monstraret,
1623 2173 1819 2222 addidit

116 2249 194 2297 hic
231 2250 403 2297 domus
439 2248 636 2298 Aeneae
670 2251 853 2298 cunctas
884 2250 1216 2297 dominabitur
1246 2250 1347 2296 oris
1379 2252 1423 2297 et
1451 2250 1558 2297 nati
1587 2252 1817 2297 natorum

120 2326 164 2370 et
199 2325 283 2382 qui
319 2327 582 2371 nascentur
619 2325 681 2372 ab
719 2323 844 2372 filliis:
883 2338 993 2371 ecce
1026 2326 1075 2370 et
1107 2323 1269 2370 altera
1299 2321 1546 2405 Pergama
1575 2324 1817 2384 perpetuo

44 2451 47 2453 ,
118 2411 352 2445 mansura
381 2397 650 2461 ,dignanter
678 2397 898 2446 ostendit
921 2398 973 2444 et
996 2396 1265 2444 Troianam
1286 2397 1576 2460 progeniem
1599 2396 1817 2443 maxima

24 2458 97 2517 2³⁸0
118 2471 424 2520 incrementa
447 2474 776 2533 sumpturam.
814 2472 931 2519 haec
945 2470 1188 2518 Phoebus:
1211 2473 1325 2532 post
1349 2469 1595 2518 eiusmodi
1616 2485 1818 2532 respon-

243 2645 266 2684 1
307 2642 473 2696 fuisset
502 2646 731 2686 auctorem
762 2640 850 2684 LR
884 2641 1030 2696 fuisse
1061 2655 1103 2684 α.
1136 2655 1159 2683 r
1190 2640 1262 2685 ed.
1301 2641 1336 2695 f.
1368 2640 1597 2694 fautorem
1627 2652 1726 2684 nos,

34 2697 50 2743 κ’
121 2703 150 2742 4
187 2700 431 2746 circumitu
468 2700 557 2744 LR
593 2701 791 2744 circuitu
829 2714 852 2743 1·
890 2699 963 2744 ed.
1145 2703 1172 2742 9
1211 2700 1305 2744 diei
1340 2713 1427 2755 pro
1465 2699 1541 2744 dei
1576 2697 1614 2742 L
1657 2699 1819 2755 (supra

120 2758 284 2827 recte).
461 2764 516 2803 13
546 2773 636 2804 vox
665 2758 753 2802 LR
782 2764 826 2804 et
854 2772 895 2803 v.
928 2759 1000 2803 ed.
1040 2761 1047 2814 Ι
1097 2773 1242 2803 auras
1271 2757 1360 2800 LR
1397 2771 1533 2802 awres
1571 2757 1644 2803 ed.
1683 2770 1818 2803 aune

122 2816 287 2875 scripsi
318 2819 511 2887 propter
540 2819 817 2863 audivimus.
942 2821 998 2861 16
1030 2818 1088 2862 ab
1119 2817 1206 2861 LR
1236 2832 1267 2861 a
1298 2817 1370 2862 ed.
1502 2820 1559 2860 18
1589 2816 1817 2872 exquemte

122 2875 158 2919 L
202 2878 493 2934 exquaeritae
528 2877 571 2921 R
617 2891 732 2922 corr.
771 2891 808 2921 r.
938 2881 992 2920 21
1041 2877 1327 2922 reddidem'nt
1363 2874 1451 2919 LR
1497 2889 1612 2920 corr.
1652 2874 1725 2919 ed.

37 2956 39 2958 ·
122 2938 179 2979 26
210 2949 434 2981 mamm-a
455 2936 544 2980 LR.
575 2950 696 2981 -ram
727 2935 799 2980 ed.
923 2939 980 2980 29
1011 2936 1259 2994 dignanter
1281 2934 1369 2978 LR
1398 2934 1636 2993 siquanter
1666 2933 1777 2978 edF.
1805 2935 1817 2991 Ι

122 2994 327 3039 maxima
356 2994 444 3038 LR.
473 3010 645 3054 mayna
676 2994 747 3039 ed.

1843 628 1899 667 90

1844 1439 1901 1479 95
