2014 3226
191 182 257 233 10
647 178 877 221 DONATI
909 177 1188 219 INTERPR.
1223 174 1401 218 VERG.

168 326 330 381 reique
377 322 486 367 deos
525 319 694 373 Latio,
738 331 890 377 9011113
932 317 1063 364 unde
1102 316 1343 363 Latinum
1381 313 1659 374 Albanique
1690 319 1872 374 patres

168 399 308 455 atque
356 395 484 441 altae
531 395 721 440 moenia
770 391 970 444 Romae,
1019 392 1075 436 ut
1124 389 1275 436 etiam
1322 392 1439 436 tunc
1485 388 1615 436 bello
1664 389 1871 436 Aenean

167 469 453 529 Δ(111110113301,
494 482 604 513 011111
646 465 907 512 civitatem
945 465 998 510 in
1038 463 1189 511 Italia
1230 463 1474 522 conderet,
1515 477 1625 510 cum
1664 463 1871 510 inferret

165 542 285 589 deos
319 542 540 588 Romano
573 539 784 600 imperio
826 540 876 584 et
914 539 1074 585 statui
1111 536 1311 598 publico
1352 537 1655 598 profuturos,
1696 539 1869 584 contra

170 631 296 676 quae
339 616 381 661 si
420 614 718 661 obtinuisset
749 611 891 671 Iuno,
931 627 1020 659 nec
1051 610 1288 657 Latinum
1330 625 1485 673 genus
1526 625 1615 657 nec
1647 609 1869 658 Albanos
1916 626 1935 658 5

167 689 415 751 principes
455 703 613 748 neque
655 688 818 747 ipsam
857 685 1068 732 Romam
1109 699 1408 732 emersuram
1450 685 1603 731 fuisse
1642 683 1869 745 perinde-

169 779 266 824 que
313 778 400 809 nec
441 763 604 823 ipsum
646 759 907 807 Caesarem
954 758 1168 806 Romani
1221 759 1421 819 imperii
1481 758 1675 805 culmen
1730 757 1870 804 habi-

167 839 348 882 turum.
410 835 526 881 dum
570 833 804 881 conderet
842 832 1036 880 urbem:
1077 832 1136 879 de
1175 832 1269 879 hac
1303 832 1492 879 dictum
1525 834 1599 879 est
1638 824 1713 897 (7,
1741 828 1868 893 290)

168 910 364 969 „moliri
403 910 504 955 iam
543 910 676 954 tecta
716 907 867 966 videt,
907 908 1007 953 iam
1047 906 1196 953 fidere
1236 904 1443 953 terrae“.
1522 906 1660 953 cuius
1701 905 1869 953 dolore

169 986 414 1031 commota
463 982 585 1028 Iuno
643 982 883 1028 excitavit
936 996 1025 1042 per
1075 980 1279 1026 Furiam
1333 979 1533 1027 bellum.
1610 980 1868 1041 proposito
1894 998 1937 1030 ιο

170 1072 299 1104 nova
345 1057 631 1103 inventione
679 1055 920 1114 themate,
967 1056 1019 1100 in
1069 1069 1165 1115 quo
1214 1069 1315 1100 non
1362 1054 1522 1100 solum
1571 1069 1697 1114 quae
1741 1056 1870 1100 esset

168 1130 388 1177 dicturus
445 1128 663 1176 ostendit
716 1144 887 1175 verum
943 1129 1096 1175 etiam
1150 1127 1449 1175 multiformi
1499 1129 1692 1174 ratione
1744 1126 1869 1174 divi-¹

168 1205 321 1252 sionis
362 1219 478 1250 usus
520 1205 607 1262 est,
642 1202 1009 1250 commendavit
1043 1216 1241 1249 carmen
1274 1217 1416 1248 suum
1450 1204 1499 1248 et
1530 1201 1727 1248 Aeneae
1759 1216 1869 1262 per-

167 1293 339 1326 sonam
372 1278 508 1324 omni
538 1276 749 1323 liberam
783 1276 987 1323 crimine
1020 1275 1396 1335 demonstravit⁷
1427 1274 1684 1334 Iunonem,
1718 1291 1868 1336 quam

170 1367 226 1398 ex
274 1350 467 1398 diverso
515 1351 710 1412 posuit,
757 1350 929 1398 multis
980 1349 1139 1396 modis
1196 1350 1340 1412 gravi
1393 1349 1617 1410 perfudit
1660 1348 1868 1396 invidia.
1894 1367 1937 1398 15

168 1427 334 1486 ipsum
367 1424 657 1487 adgreditur
682 1423 743 1470 ab
775 1425 1091 1470 invocatione
1120 1423 1292 1472 Musae
1325 1424 1404 1471 sui
1436 1424 1670 1470 carminis
1704 1425 1868 1484 caput,

175 1500 253 1545 cui
291 1498 388 1545 nisi
427 1498 704 1545 instruendi
743 1498 941 1545 lectoris
983 1512 1132 1544 causa
1171 1498 1340 1544 thema
1371 1498 1727 1558 praemisisset,
1759 1512 1868 1558 per-

172 1572 376 1619 didisset
421 1571 643 1632 profecto
693 1573 909 1634 gratiam
957 1571 1141 1619 laboris
1190 1571 1289 1631 3111,
1338 1586 1450 1618 cum
1492 1570 1612 1632 quid
1649 1571 1868 1618 lecturus

172 1648 299 1693 esset
348 1645 502 1692 lector
541 1645 644 1706 ipse
684 1644 906 1693 nesciret.
983 1645 1174 1693 interea
1213 1645 1471 1707 proposito
1511 1645 1723 1692 themati
1769 1660 1870 1692 non

171 1718 453 1766 mirandum
514 1723 588 1766 est
649 1720 703 1765 in
763 1719 988 1766 omnibus
1042 1735 1143 1766 non
1196 1718 1507 1780 respondisse
1563 1717 1867 1781 Vergilium3
1892 1735 1936 1766 20

173 1808 285 1840 cuin
334 1793 464 1839 enim
510 1792 662 1840 libros
710 1807 823 1840 suos
871 1793 1115 1855 disposita
1162 1793 1476 1840 ordinatione
1523 1792 1867 1854 perscriberet,

171 1866 267 1913 fine
322 1865 522 1913 vivendi
575 1867 937 1914 circumventus
991 1868 1321 1914 intentionem
1375 1866 1696 1928 professionis
1749 1881 1867 1914 suae

175 1939 402 2001 conplere
448 1955 547 1986 non
593 1941 782 2001 potuit3
837 1955 952 1987 nam
992 1940 1275 2002 Albanique
1322 1942 1489 2002 patres
1539 1943 1690 2002 atque
1735 1941 1866 1988 altae

175 2014 373 2060 moenia
411 2012 596 2060 Romae
635 2029 734 2061 non
775 2014 986 2075 scripsit.

286 2086 615 2148 Exposuimus
661 2087 895 2135 thematis
942 2090 1156 2148 textum,
1202 2089 1305 2135 iam
1351 2103 1481 2135 nunc
1522 2087 1585 2135 ad
1625 2086 1868 2151 originem
1892 2105 1934 2137 25

178 2160 408 2208 carminis
463 2162 709 2221 caputque
763 2161 1044 2223 redeamus,
1105 2164 1163 2209 ut
1217 2161 1533 2210 ostendamus
1587 2161 1867 2224 Vergilium

178 2235 436 2295 poetarum
476 2249 620 2300 more!
643 2234 775 2296 quod
808 2237 913 2282 erat
945 2237 1220 2298 scripturus
1253 2235 1315 2284 ab
1347 2237 1663 2284 invocatione
1697 2235 1867 2283 Musae

178 2307 409 2368 coepisse.
471 2307 640 2362 Musa,
679 2309 859 2370 inquit,
897 2310 1017 2357 mihi
1055 2323 1232 2358 causas
1269 2323 1498 2365 memora,
1539 2323 1630 2370 quo
1668 2299 1868 2358 numine

177 2380 306 2428 laeso
367 2381 541 2440 quidve
601 2382 765 2430 dolens
817 2385 986 2442 reyimz
1043 2383 1185 2431 deum
1239 2385 1304 2431 tot
1356 2384 1542 2431 volvere
1597 2398 1741 2431 casus
1793 2384 1868 2430 in-

92 2457 147 2498 10
177 2455 362 2514 siyne‘m
390 2456 571 2514 pietate
607 2457 783 2511 virum,
815 2459 881 2520 tot
918 2457 1057 2505 adire
1095 2458 1282 2505 labores
1319 2457 1585 2517 inpulerit?
1659 2459 1867 2521 rogatur
1890 2474 1934 2508 30
1967 2500 1969 2510 2

176 2526 333 2587 Musa,
373 2529 609 2589 quoniam
647 2528 791 2576 deam
828 2529 954 2576 nihil
991 2531 1148 2578 latere
1188 2532 1506 2591 convenerat,
1545 2532 1603 2578 ut
1641 2530 1868 2578 odiorum
1942 2572 1948 2576 .

177 2599 380 2648 Iunonis
435 2601 669 2650 adversus
724 2601 929 2650 Aenean
982 2603 1167 2652 diceret
1229 2619 1402 2652 causas
1466 2598 1683 2670 (nullum
1736 2606 1868 2652 enim

177 2674 365 2721 iustum
396 2673 564 2722 odium
596 2677 671 2723 est
701 2677 797 2724 nisi
821 2676 951 2737 quod
977 2676 1310 2739 delinquentis
1334 2679 1658 2740 praecesserit
1681 2671 1867 2743 culpa),

298 2804 324 2842 2
355 2805 407 2844 ut
436 2802 572 2844 etiam
602 2800 689 2843 LR
721 2799 801 2843 edI
831 2802 951 2856 quod
981 2803 1118 2846 etiam
1149 2803 1258 2846 edF.
1397 2807 1528 2846 4—5
1559 2808 1722 2847 contra
1751 2818 1868 2859 quac

180 2856 267 2901 LR
297 2862 539 2915 convraque
570 2858 641 2903 ed.
764 2863 790 2903 8
822 2861 931 2904 dum
963 2861 1170 2906 conderet
1201 2876 1290 2907 om.
1323 2861 1395 2906 ed.
1527 2866 1582 2906 13
1614 2867 1656 2906 et
1686 2863 1866 2907 Aeneae

182 2941 236 2948 —
257 2920 312 2960 15
342 2917 523 2962 invidia
553 2919 727 2962 temere
757 2918 960 2963 mutavit
991 2919 1062 2964 011.
1228 2925 1282 2965 18
1314 2922 1512 2966 lecturus
1542 2921 1629 2964 LR
1660 2922 1868 2966 dicturus

181 2974 251 3018 ed.
373 2980 428 3019 21
457 2977 750 3032 perscriberet
780 2976 867 3021 LR
891 2992 1091 3034 praescr.
1125 2978 1196 3022 ed.
1321 2984 1376 3023 23
1408 2994 1517 3024 nam
1549 2993 1639 3023 om.
1673 2979 1744 3023 ed.
