2014 3226
210 148 313 199 108
674 144 903 188 DoNATI
933 142 1212 186 INTERPR.
1245 142 1424 186 VERG.

208 303 477 348 paucorum
520 289 684 332 autem
723 284 907 331 idcirco
947 282 1247 330 mentionem
1287 283 1419 343 fecit,
1460 284 1517 328 ut
1554 281 1774 329 firmaret
1809 281 1898 329 Di·

209 361 347 408 donis
397 361 636 418 animum,
687 358 816 426 quod
862 357 1052 404 nullam
1098 358 1360 418 parassent
1397 356 1700 404 violentiam.
1778 355 1900 416 quid

209 436 337 482 enim
372 435 551 480 audere
584 434 784 493 possent
817 431 993 492 quibus
1026 446 1115 477 nec
1149 432 1341 477 animus
1373 430 1472 476 fuit
1501 445 1591 476 nec
1619 429 1898 477 substantia

208 506 577 555 multitudinis?
657 521 763 552 ecce
812 521 1005 552 omnem
1055 521 1152 565 qua
1198 503 1461 551 laborabat
1504 503 1744 551 invidiam
1794 505 1898 552 vio-

208 584 390 629 lentiae
444 581 672 643 purgatis
729 579 791 626 ad
843 579 1046 640 plenum
1099 578 1326 639 partibus
1381 579 1482 626 suis
1535 578 1795 638 retorquet
1846 579 1899 624 in
1943 594 1969 634 a

208 658 401 718 partem
441 654 852 701 calumniantium
892 668 1008 700 usus
1050 653 1422 714 anticategoria.
1487 651 1608 698 dicit
1647 652 1779 699 enim
1811 667 1900 714 ego

209 746 305 776 non
348 730 442 775 feci
483 730 568 774 aut
607 727 727 787 mei,
769 726 853 773 sed
890 728 970 773 tui
1007 725 1060 772 in
1098 727 1326 773 innoxios
1368 726 1641 772 extiterunt
1678 725 1898 773 violenti.

211 803 419 864 denique
469 803 693 862 sequitur
740 802 866 860 quod
909 814 1063 860 qc-nus
1108 801 1193 846 hoo
1237 800 1508 854 hominum,
1558 813 1738 858 quaeve
1774 800 1902 846 huno
1940 804 1943 809 '

122 880 323 924 5401‘am
364 877 578 923 barbara
615 889 796 921 morem
827 875 1066 934 permittit
1094 874 1302 933 patria?
1359 874 1565 936 hospitio
1587 874 1903 932 prohibemur

208 952 433 1004 harenae,
475 949 598 996 bella
639 951 763 996 cient
789 949 1052 1008 primaque
1089 950 1253 995 veiam
1290 949 1544 994 consistere
1590 950 1734 994 terra.
1811 946 1900 994 sub
1925 962 1972 1006 150

210 1040 308 1071 una
363 1023 696 1084 querellarum
752 1022 1005 1069 occasione
1069 1023 1118 1069 et
1173 1022 1583 1069 deformationem
1637 1021 1902 1083 Tyriorum

207 1100 344 1145 tenet
399 1100 448 1144 et
501 1112 640 1144 suam
692 1096 915 1157 laudem3
984 1111 1101 1144 nam
1156 1097 1236 1143 cui
1288 1095 1628 1142 inhumanitas
1692 1095 1903 1142 aliorum

211 1171 438 1232 displicet
484 1171 659 1231 utique
705 1172 812 1231 ipse
858 1171 1104 1218 humanus
1153 1171 1228 1217 est
1275 1171 1324 1216 et
1372 1171 1458 1230 qui
1504 1169 1691 1216 alienos
1742 1184 1901 1216 mores

211 1245 429 1309 graviter
481 1244 799 1307 reprehendit
861 1244 921 1291 ab
983 1244 1061 1292 his
1124 1259 1174 1292 se
1227 1243 1490 1305 profitetur
1543 1243 1773 1291 alienum.
1850 1243 1904 1290 hi

210 1335 364 1380 usque
412 1318 532 1366 adeo
582 1318 934 1380 displicebant,
981 1320 1038 1366 ut
1083 1334 1261 1366 nomen
1309 1317 1413 1365 illis
1459 1318 1683 1365 invenim
1730 1317 1903 1378 nequi·
1926 1330 1973 1375 ιβ

208 1394 339 1452 verit
392 1393 596 1440 dicendo
654 1393 785 1453 quod
839 1407 993 1455 genus
1026 1392 1140 1440 rhoc
1192 1389 1486 1439 hominum?
1562 1392 1720 1439 omnis
1772 1392 1905 1438 enim

211 1468 338 1515 feros
370 1467 667 1514 inmanitate
699 1468 925 1514 vicerant
957 1467 1110 1528 Tyrii.
1173 1481 1360 1527 quaeve
1392 1466 1523 1513 hunc
1553 1467 1660 1512 tam
1690 1464 1904 1512 barbara

211 1557 395 1588 morem
427 1541 677 1603 permittit
714 1539 915 1603 patria?
976 1541 1069 1588 hoc
1109 1542 1184 1588 est
1224 1556 1350 1601 quae
1389 1541 1469 1587 vel
1509 1539 1647 1587 cuius
1685 1538 1903 1602 regionis

209 1617 260 1661 in
300 1617 498 1662 tantum
538 1630 686 1663 saeva
723 1613 976 1663 barbaries
1014 1615 1063 1662 et
1094 1616 1238 1662 tanta
1269 1615 1469 1661 feritate
1503 1614 1682 1674 extitit,
1716 1614 1904 1674 quanta

210 1689 285 1736 tui
331 1691 409 1737 usi
456 1690 572 1736 sunt
618 1689 854 1737 adversus
898 1687 1023 1737 nos?
1098 1704 1277 1736 nomen
1318 1703 1433 1751 ergo
1475 1703 1570 1749 quo
1612 1702 1693 1735 eos
1734 1686 1904 1749 appel·
1936 1708 1976 1726 1>-

210 1763 339 1810 laret
376 1778 475 1810 non
512 1764 720 1824 invenit,
753 1763 1031 1825 exemplum
1069 1779 1170 1811 non
1206 1763 1441 1824 repperit,
1475 1761 1607 1823 quod
1646 1763 1755 1808 erat
1792 1776 1903 1824 gra—

211 1838 342 1898 vius3
382 1839 653 1898 potuerunt
691 1839 823 1884 enim
863 1836 1061 1884 defendi
1099 1836 1426 1886 similitudine
1473 1836 1679 1883 alterius
1726 1835 1903 1899 gentis.

210 1910 429 1971 hospitio
475 1910 793 1972 prohibemur
838 1911 1075 1959 harenae:
1127 1910 1360 1973 probatio
1403 1909 1722 1972 plenissimae
1759 1909 1903 1956 inhu-
1966 1971 1970 1975 ι

211 1985 490 2031 manitatis:
551 1984 871 2046 prohibemur
916 1986 970 2032 in
1015 1985 1213 2032 harenis
1263 1985 1551 2044 consistere,
1593 1982 1712 2044 quid
1749 1981 1903 2043 fieret,

213 2059 256 2106 si
308 2059 523 2105 humano
577 2073 712 2106 more
764 2060 1011 2107 tectorum
1062 2058 1339 2121 hospitium
1385 2054 1696 2120 peteremus?
1771 2056 1903 2104 bella
1933 2077 1972 2093 --1

213 2132 365 2179 cient:
427 2147 525 2179 non
572 2132 750 2179 saltem
795 2132 975 2180 leniter
1019 2133 1307 2195 prohibent,
1363 2131 1448 2180 sed
1496 2147 1633 2180 more
1681 2129 1904 2178 bellandi
1947 2123 1969 2165 ⁴1

213 2206 426 2252 utuntur
463 2205 726 2254 hostilibus
767 2207 961 2255 animis.
1036 2206 1170 2254 bella
1209 2207 1364 2255 cient:
1401 2205 1548 2265 bella,
1586 2205 1766 2266 inquit,
1804 2220 1903 2252 non
1946 2243 1955 2268 4

213 2278 488 2341 patiuntur,
520 2279 605 2326 sed
642 2280 876 2328 inferunt.
939 2280 1198 2342 primaque
1237 2282 1412 2329 vetant
1450 2281 1716 2328 consistere
1747 2280 1902 2342 terra3

215 2353 406 2400 dixerat
445 2354 575 2399 enim
613 2354 775 2402 ventis
813 2356 974 2402 maria
1012 2355 1179 2403 omnia
1215 2356 1348 2402 vecti
1383 2369 1595 2413 oramus,
1626 2355 1684 2400 ut
1714 2353 1902 2400 miseri·

214 2426 383 2474 cordia
422 2426 598 2490 dignos
639 2428 919 2475 ostenderet
957 2429 1009 2476 in
1047 2428 1139 2476 illa
1176 2430 1325 2489 terra,
1366 2443 1510 2489 quae,
1551 2428 1670 2474 licet
1708 2425 1901 2475 inutilis
1954 2448 1956 2451 ⁴

334 2543 359 2581 3
393 2539 556 2582 audire
579 2538 621 2581 R
645 2551 758 2581 corr.
775 2553 810 2581 r.
905 2543 931 2582 5
955 2541 1052 2583 suis
1076 2553 1165 2583 om.
1185 2539 1255 2583 ed.
1351 2543 1403 2582 11
1429 2553 1528 2583 urta
1550 2538 1638 2581 LR
1661 2538 1761 2582 iure
1786 2537 1855 2580 ed.
1893 2514 1983 2596 1³·

215 2598 447 2642 occasio‘ne
477 2597 564 2640 LR
595 2598 882 2642 accusatione
913 2598 984 2641 ed.
1015 2600 1020 2656 Ι
1054 2599 1382 2653 deformatione
1412 2597 1448 2640 L
1481 2597 1552 2640 ed.
1662 2601 1716 2639 13
1747 2597 1903 2652 utique
1935 2592 1965 2654 3

213 2657 310 2712 ipse
340 2655 428 2699 LR
459 2661 499 2700 et
529 2657 624 2712 ipse
654 2671 698 2700 u.
733 2656 803 2699 ed.
929 2661 984 2699 14
1015 2658 1106 2702 hiis
1136 2657 1223 2700 LR
1253 2658 1371 2701 hisce
1403 2657 1473 2701 ed.
1521 2659 1527 2713 Ι
1576 2657 1626 2700 hi
1656 2669 1744 2699 om.
1771 2654 1841 2699 ed.
1976 2671 1981 2693 Α.

217 2719 272 2759 15
304 2715 416 2759 adeo
446 2714 533 2758 LR
564 2730 604 2759 a.
632 2721 783 2760 autem
815 2715 922 2758 edF.
954 2716 960 2774 Ι
987 2716 1083 2760 illis
1106 2716 1193 2759 LR
1223 2717 1408 2760 illorum
1431 2715 1503 2759 ed.
1598 2719 1653 2759 18
1685 2713 1904 2770 permittit
1927 2722 1969 2795 ξ

209 2775 372 2830 patria
403 2787 491 2817 om.
517 2774 588 2819 ed.
699 2778 752 2817 19
783 2773 947 2828 feritas
977 2775 1048 2820 ed..
1153 2780 1209 2819 20
1241 2776 1373 2820 uisus
1402 2774 1490 2818 LR
1519 2775 1625 2818 ausi
1654 2773 1690 2816 L
1713 2773 1757 2816 H
1778 2785 1901 2816 man.
1943 2796 1958 2806 2

214 2833 290 2876 usi
319 2847 343 2874 r
373 2833 443 2877 ed.
538 2838 591 2877 21
625 2837 722 2877 erat
751 2832 820 2875 Lr
850 2833 922 2877 ed.
955 2835 1042 2877 erit
1070 2834 1124 2878 R.
1226 2838 1282 2877 22
1307 2838 1558 2890 potuerant
1588 2833 1658 2876 ed.
1688 2835 1695 2889 Ι
1728 2832 1904 2890 ymerio

215 2890 252 2933 L
283 2896 301 2935 t
331 2905 556 2948 superscr.
589 2891 631 2935 11
661 2904 783 2935 man.
815 2894 1068 2948 yenenetris
1097 2893 1140 2936 R
1168 2894 1316 2951 yentz's
1346 2893 1417 2936 ed..
1530 2896 1584 2935 27
1617 2891 1788 2936 animis
1817 2889 1903 2933 LR

216 2951 360 2995 armis
390 2950 460 2996 ed.
584 2954 640 2994 29
673 2964 857 2995 oramus
887 2964 974 2994 om.
1001 2951 1072 2995 ed.
1195 2955 1251 2996 30
1283 2952 1469 2996 inu-silis
1497 2951 1597 2995 LR.
1939 2950 1955 2966 ⁷·
