2014 3226
212 178 326 231 540·
681 178 911 222 DONATI
943 178 1221 223 INTERPR.
1255 178 1433 223 VERG.

216 319 404 367 scilicet
442 322 498 366 ut
537 318 751 366 universi
802 319 886 379 qui
933 318 1181 380 obsequiis
1232 319 1561 366 interfuerant
1611 326 1742 380 aqua
1781 335 1906 380 pura

214 393 305 440 hoc
347 396 421 440 est
459 393 643 439 munda
675 393 832 439 felicis
866 391 1025 439 olivae
1051 391 1306 439 frondibus
1348 395 1708 455 spargerentur.
1786 394 1905 440 haec

215 468 311 514 fuit
351 468 582 515 lustratio
624 466 781 513 omnis
823 468 872 512 et
912 466 1150 526 expiatio,
1196 467 1452 513 hominum
1500 468 1688 515 scilicet
1735 468 1799 514 et'
1823 467 1904 514 do—

215 557 422 588 morum.
502 544 550 588 at
582 542 702 600 pius
741 539 935 587 Aeneas
981 542 1163 600 inyemi
1208 541 1330 587 mole
1375 541 1682 599 sepulchrum
1720 542 1908 600 iwpom't

215 630 400 675 suaque
433 630 574 661 arma
606 617 711 660 viro
742 628 1019 672 remumque
1051 615 1331 673 tubamque:
1364 630 1488 674 quae
1523 616 1749 675 superius
1775 613 1908 662 dicta
1950 629 1972 664 ⁶

217 691 331 735 sunt
372 688 459 735 alii
503 688 865 749 conpleverant.
938 687 1060 734 dicit
1089 703 1220 734 nunc
1254 688 1372 748 quid
1406 687 1598 736 Aeneas
1630 690 1736 749 ipse
1769 704 1909 735 cura-

215 762 343 810 verit
381 762 748 823 perficiendum.
826 763 960 823 pius,
1006 763 1192 822 inquit,
1233 761 1446 809 Aeneas:
1499 763 1591 809 hoc
1638 763 1746 809 loco
1785 762 1907 809 bene

216 838 383 898 posuit
422 836 584 898 pium,
641 837 876 896 quoniam
923 836 1094 883 comiti
1141 851 1198 882 ac
1245 836 1482 883 familiari
1531 852 1618 883 suo
1667 835 1910 883 condebat

214 912 518 957 memoriam.
589 909 661 957 ait
692 908 884 973 ingenti
915 910 1045 957 mole
1076 911 1274 971 inponit
1305 910 1641 971 sepulchrum:
1683 909 1910 956 aedificat

217 985 349 1045 quod
404 987 461 1031 ut
510 1000 694 1046 magna
748 984 875 1031 mole
929 986 1248 1047 consurgeret
1299 983 1653 1045 contemplatio
1694 983 1910 1031 faciebat
1933 999 1976 1038 10
1992 1007 2004 1046 ¹»

214 1058 393 1105 Miseni
433 1058 724 1105 meritorum
759 1063 883 1118 quae
916 1057 968 1104 in
999 1057 1106 1105 vita
1139 1059 1470 1119 quaesiverat.'
1528 1060 1743 1105 ceterum
1782 1074 1908 1104 mor-

216 1136 330 1180 tuos
364 1147 512 1194 supra
546 1132 673 1178 dixit
702 1131 830 1178 nihil
862 1132 1058 1192 sentire,
1093 1147 1202 1178 cum
1237 1131 1420 1179 diceret
1453 1125 1610 1198 (213)
1639 1134 1718 1193 „et
1757 1132 1910 1179 cineri

214 1208 413 1269 ingrato
447 1214 677 1267 suprema
710 1205 980 1266 ferebant“,
1015 1207 1146 1267 quia,
1189 1222 1296 1253 cum
1331 1207 1457 1252 nihil
1490 1207 1713 1254 sentiunt
1747 1206 1908 1267 perin-

216 1281 371 1342 deque
411 1296 500 1327 nec
538 1282 696 1328 vicem
744 1280 980 1340 reddunt,
1026 1282 1158 1328 recte
1205 1280 1390 1327 mortui
1439 1280 1671 1327 dicuntur
1709 1281 1909 1342 ingrati.

218 1370 334 1417 ergo
383 1354 578 1401 Aeneas
630 1356 796 1401 animo
847 1370 933 1402 suo
975 1354 1098 1401 satis
1137 1354 1324 1401 faciens
1365 1353 1699 1402 constituebat
1737 1355 1910 1416 ingens
1934 1366 1977 1410 ιι

217 1428 546 1491 sepulchrum,
588 1427 722 1490 quod
753 1428 984 1488 faciebat,
1015 1444 1115 1475 non
1146 1430 1344 1475 tantum
1374 1430 1431 1474 ut
1478 1443 1587 1476 ossa
1629 1430 1912 1491 contegeret

216 1519 388 1550 verum
439 1505 590 1550 etiam
635 1505 693 1549 ut
741 1518 865 1564 opus
904 1502 1029 1549 illud
1079 1502 1287 1550 saeculis
1328 1502 1557 1549 omnibus
1605 1501 1909 1564 perduraret.

218 1593 356 1624 arma
404 1578 572 1624 autem
613 1578 717 1624 eius
758 1578 808 1624 et
847 1575 968 1624 artis
1008 1576 1227 1639 insignia
1264 1593 1363 1624 non
1402 1577 1634 1624 inmerito
1677 1575 1910 1636 addebat3
1988 1566 1989 1569 Ἴ

218 1652 441 1713 oportuit
488 1652 620 1698 enim
667 1666 726 1698 ea
773 1666 883 1698 cum
929 1651 1039 1712 ipso
1089 1652 1326 1698 constitui
1379 1667 1468 1712 per
1523 1666 1651 1712 quae
1704 1651 1757 1697 in
1803 1651 1910 1697 vita

216 1725 388 1773 floruit
427 1727 477 1772 et
515 1725 722 1772 Hectori
758 1726 1000 1786 primum,
1048 1724 1224 1772 dehinc
1262 1724 1460 1772 Aeneae
1507 1725 1606 1786 ipsi
1645 1724 1910 1772 adhaerere
1933 1738 1978 1791 a,

218 1802 268 1847 et
314 1799 649 1847 commendari
688 1799 991 1847 commeruit.
1070 1798 1197 1845 dixit
1245 1799 1364 1860 quid
1403 1798 1565 1860 fieret,
1613 1799 1736 1847 dicit
1781 1806 1910 1845 nunc
2000 1807 2001 1810 ’

220 1889 316 1934 quo
357 1873 488 1921 loco:
527 1877 699 1929 monte,
737 1873 917 1935 inquit,
956 1873 1045 1920 sub
1084 1870 1250 1928 Aerio,
1291 1874 1374 1933 qui
1413 1887 1544 1920 mmo
1582 1873 1810 1920 Misenus
1849 1873 1909 1919 ab
1953 1866 2003 1922 ’,ἓξ

128 1950 214 1990 235
233 1948 317 1995 illo
356 1949 557 1996 dicitur:
606 1947 695 1995 sub
735 1947 902 2008 Aerio,
942 1948 1030 2007 ait,
1069 1948 1259 1994 monte:
1306 1947 1399 1994 hoc
1437 1963 1616 1994 nomen
1658 1945 1792 2008 apud
1830 1962 1910 1994 ve·
1951 1941 1971 2002 ξ’

220 2024 350 2069 teres
382 2022 481 2069 suit
511 2023 710 2082 montis,
744 2021 826 2069 sed
853 2023 973 2083 quia
997 2020 1210 2084 Vergilii
1241 2021 1546 2082 temporibus
1573 2021 1719 2068 aliter
1743 2020 1908 2081 appel-
1953 2021 1968 2076 ἶ

217 2096 430 2155 labatur,
469 2095 716 2143 brevitate
751 2095 962 2142 mirifica
994 2097 1045 2142 et
1075 2095 1319 2156 superiori
1341 2094 1554 2157 tempori
1573 2097 1628 2142 'et
1658 2095 1911 2156 praesenti
1940 2099 1969 2159 ’

217 2169 486 2231 respondit,
510 2172 568 2217 'ut
590 2171 860 2218 instrueret
882 2169 1148 2217 nescientis
1175 2171 1224 2216 et
1247 2169 1446 2216 doceret
1474 2169 1910 2216 commutationem
1952 2168 1983 2190 ²

217 2244 432 2291 nominis
465 2245 749 2303 occurrisse,
788 2246 846 2290 ut
877 2243 1095 2291 Misenus
1136 2243 1382 2290 diceretur
1413 2259 1472 2290 ex
1502 2242 1680 2291 Miseni
1711 2243 1909 2292 nomine

219 2319 306 2380 qui
338 2317 598 2365 dicebatur
621 2317 816 2365 Acrius.
880 2321 1220 2376 aeternumque
1244 2321 1367 2365 tenet
1379 2331 1474 2376 per
1495 2317 1692 2364 saecula
1715 2329 1908 2366 women:
1959 2326 1978 2383 j,

217 2393 416 2439 tantum
455 2391 591 2439 illius
630 2391 726 2440 viri
765 2390 1001 2439 meritum
1039 2391 1200 2438 valuit
1237 2391 1356 2439 licet
1393 2390 1577 2438 mortui
1615 2392 1910 2452 tantumque
1935 2411 1980 2473 §2
1994 2415 1996 2423 ν

219 2465 322 2513 eius
372 2465 642 2512 auctoritas
681 2467 849 2527 potuit
888 2466 974 2526 qui
1012 2465 1104 2512 hoc
1150 2465 1312 2512 voluit
1351 2466 1558 2529 servari,
1604 2466 1662 2511 ut
1701 2463 1909 2511 saeculis

218 2535 446 2587 omnibus
485 2538 704 2586 Misenus
742 2540 984 2587 manserit
1023 2541 1073 2586 et
1109 2538 1203 2586 hoc
1240 2540 1439 2586 nomine
1479 2539 1724 2586 vocitetur
1755 2553 1785 2586 a
1823 2553 1908 2601 po·
1977 2579 1979 2586 ,

218 2614 375 2661 steris.
469 2613 672 2660 Aerium
712 2615 929 2662 montem
968 2612 1191 2674 plerique
1238 2628 1335 2660 non
1387 2628 1565 2660 nomen
1612 2613 1718 2660 eius
1757 2605 1909 2660 fuisse
1941 2590 1995 2694 ξι,

339 2760 362 2798 1
396 2755 707 2809 interfuerunt
730 2753 800 2798 ed.
895 2759 920 2796 2
948 2754 1029 2797 hoe
1054 2758 1114 2797 est
1139 2753 1314 2797 munda
1338 2766 1426 2798 om.
1443 2758 1485 2797 et
1508 2751 1752 2796 substituit
1776 2752 1847 2796 ed.
1934 2692 1988 2870 ἓ

219 2818 245 2857 9
270 2814 407 2870 ponit
439 2813 510 2856 ed.
636 2817 688 2856 11
722 2813 978 2868 quaesierat
1009 2812 1079 2856 ed.
1198 2817 1252 2856 12
1284 2817 1328 2856 et
1356 2812 1502 2856 cineri
1529 2811 1572 2855 V
1603 2817 1646 2856 et
1675 2825 1763 2855 om.
1790 2810 1860 2858 ed.
1981 2833 1991 2863 ς·

220 2877 275 2915 13
308 2879 399 2929 qua
430 2871 591 2916 cumV
622 2872 732 2928 quia
763 2885 865 2915 cum
895 2885 979 2914 nos
1011 2871 1119 2927 quin
1153 2871 1223 2915 ed.
1306 2875 1358 2914 18
1392 2869 1565 2915 artisv
1597 2869 1804 2926 corrupit
1834 2869 1906 2915 ed.
1935 2911 1962 2929 Α

308 2935 364 2974 22
397 2945 525 2976 aereo
557 2931 628 2974 ed.
723 2934 778 2974 27
809 2931 1060 2975 cucurrisse
1082 2929 1123 2974 V
1148 2929 1218 2973 ed.
1245 2931 1490 2974 occurrisse
1512 2942 1596 2973 nos
1621 2928 1906 2987 (cf.10‚499).
1950 2939 1966 2965 4
1991 2933 1992 2948 ³

309 2994 365 3034 30
397 2991 477 3047 qui
506 2990 548 3034 V
578 2991 699 3046 quod
729 2990 800 3034 ed.
1949 2998 1961 3007 ”
