2014 3226
753 193 1058 239 AENEIDOS
1090 194 1132 234 V
1691 195 1800 247 483

105 339 212 383 erat
265 335 541 397 pulchrius,
598 335 699 383 ales
752 335 914 395 ipsam
978 335 1216 397 sagittam
1262 334 1529 382 revocavit.
1616 337 1799 382 amissa

102 410 234 457 solus
257 410 433 468 palma
463 410 729 468 superabat
758 406 965 463 Acestes,
998 411 1082 468 qui
1114 411 1273 456 tamen
1306 410 1468 455 aerias
1500 408 1645 454 telum
1676 423 1785 456 con-
1804 415 1889 453 520

103 485 254 531 tendit
302 485 356 530 in
400 497 553 530 auras
600 486 843 530 ostentans
887 486 1038 530 artem
1074 485 1268 542 pariter
1316 497 1577 541 arcumque
1621 496 1801 530 sonan-

103 562 220 605 tem:
269 555 566 604 novissimus
606 557 810 604 Acestes
850 557 901 602 in
942 557 1085 620 galea
1125 555 1435 615 subsederat,
1484 571 1592 603 ecce
1633 558 1683 603 et
1720 556 1801 603 hic

59 642 78 674 5
102 631 321 692 perdidit
345 632 651 678 occasionem
676 630 929 690 mittendi3
972 630 1101 691 quod
1136 630 1265 677 enim
1292 630 1541 691 expectari
1564 631 1799 691 potuerat

101 720 256 767 usque
297 704 360 752 ad
398 706 601 752 tertiam
648 707 830 752 sortem
876 704 1022 751 finem
1072 706 1295 766 sumpsit.
1373 704 1490 751 licet
1527 703 1684 766 igitur
1722 719 1799 752 so-

101 779 260 826 lutum
303 781 430 827 esset
461 778 587 826 illud
619 781 882 838 certamen,
922 780 1090 826 tamen
1123 778 1284 826 voluit
1316 778 1465 824 etiam
1498 778 1605 839 ipse
1638 780 1800 826 osten-

100 852 307 901 tationis
333 868 482 900 causa
505 855 558 899 in
583 868 794 900 vacuum
819 854 1057 914 sagittam
1084 852 1344 911 destinare,
1378 854 1435 898 ut
1458 851 1796 913 spectantibus

101 926 462 975 demonstraret
501 930 550 974 et
587 942 730 988 posse
771 942 821 974 se
861 926 1054 987 aliquid
1092 926 1144 973 in
1192 942 1250 974 ea
1297 928 1403 972 arte
1451 927 1522 985 et,
1571 927 1613 973 si
1661 926 1796 973 locus

33 1011 77 1044 ιο
102 1003 360 1061 extitisset,
385 1000 578 1063 aliquid
602 1001 791 1063 inplere
824 1000 1056 1062 potuisse.
1115 1001 1192 1047 hic
1222 999 1373 1048 oeulis
1403 1000 1560 1047 subito
1592 1000 1798 1048 obicitur

97 1090 367 1136 magnoque
411 1076 637 1134 futurum
685 1076 894 1135 auqurio
944 1078 1240 1132 monstrum;
1284 1075 1446 1121 docuit
1482 1077 1597 1133 post
1642 1075 1796 1121 exitus

97 1151 268 1210 inqens
297 1163 500 1208 seraque
531 1151 732 1207 terrifici
763 1151 1037 1197 cecinerunt
1066 1151 1232 1196 omina
1255 1151 1415 1196 vates:
1454 1163 1565 1194 cum
1590 1147 1792 1195 Acestes

97 1225 335 1286 sagittam
373 1224 582 1283 iecisset,
623 1222 791 1271 subito
830 1222 985 1270 o'culis
1019 1223 1239 1270 omnium
1277 1237 1514 1284 magnum
1547 1220 1794 1269 obiectum

25 1327 40 1335 -
98 1301 173 1345 est
211 1299 512 1358 monstrum,
553 1297 684 1358 quod
723 1296 1059 1359 praevidendo
1106 1311 1195 1344 nec
1233 1295 1461 1358 intellegi
1500 1297 1668 1356 potuit
1705 1312 1794 1343 nec

30 1381 72 1416 ιο
99 1371 268 1434 aliqua
306 1372 719 1432 interpretatione
759 1371 986 1431 dissolvi,
1025 1369 1259 1432 probavit
1296 1372 1464 1418 tamen
1502 1369 1594 1416 hoc
1634 1370 1794 1418 exitus

94 1461 260 1493 rerum
315 1447 366 1493 et
417 1447 590 1493 vatum
648 1444 795 1492 tarda
845 1460 1084 1506 responsa
1138 1444 1425 1492 docuerunt.
1517 1443 1598 1491 hic
1652 1445 1792 1491 vates

94 1519 544 1582 reprehenduntur,
586 1519 719 1580 quod
757 1535 846 1566 nec
884 1519 1173 1582 intellegere
1212 1519 1486 1580 potuerunt
1523 1533 1613 1565 nec
1654 1533 1791 1565 aver-

30 1595 37 1657 }
94 1595 214 1654 tere,
252 1608 409 1654 usque
449 1593 572 1641 adeo
604 1595 662 1640 ut
701 1593 851 1641 etiam
887 1592 1023 1655 ipsos
1057 1593 1177 1654 quid
1209 1591 1337 1640 illud
1370 1592 1499 1639 esset
1530 1606 1672 1640 casus
1706 1591 1791 1653 qui

24 1655 39 1699 Ὗ
96 1669 385 1715 consecutus
426 1669 501 1715 est
540 1667 799 1716 docuisset.
861 1682 1072 1727 namque
1103 1667 1274 1714 volans
1305 1666 1506 1726 liquidis
1544 1666 1598 1712 in
1635 1666 1776 1714 nubi·
1794 1670 1880 1710 525

21 1743 71 1791 ’.ο
94 1742 183 1789 bus
222 1744 347 1789 arsit
383 1742 636 1789 harundo:
682 1756 791 1789 ecce
837 1741 967 1788 unde
1007 1743 1283 1788 monstrum
1330 1743 1380 1787 et
1418 1739 1702 1787 mirandum
1741 1742 1793 1788 et

26 1814 38 1888 ζ,
93 1831 267 1879 grave3
306 1832 422 1863 nam
461 1816 636 1863 volans
674 1814 901 1862 harundo
941 1815 1065 1863 arsit
1095 1815 1227 1862 inter
1264 1813 1480 1875 liquidas
1513 1812 1667 1861 nubes
1698 1813 1790 1862 hoc

27 1890 39 1958 ἦ»
93 1891 168 1937 est
213 1889 447 1950 mundas,
499 1905 610 1937 cum
663 1905 823 1950 neque
870 1889 1071 1952 fulgura
1119 1890 1344 1936 extarent
1391 1889 1441 1936 et
1488 1888 1615 1935 aeris
1663 1891 1792 1935 esset

28 1971 41 2022 sq
91 1963 232 2011 nulla
269 1963 505 2012 turbatio.
582 1965 887 2024 siynavitque
910 1965 1043 2011 viam
1074 1964 1288 2022 flammis
1319 1963 1568 2021 tenuisque
1598 1963 1790 2010 recessit

91 2041 376 2097 consusmpta
413 2039 468 2085 in
505 2041 692 2085 ventos:
731 2036 850 2084 dum
881 2036 1050 2097 currit,
1088 2036 1358 2100 vestigium
1387 2036 1542 2083 traxit
1572 2035 1789 2084 incendii

36 2175 38 2177 Ι
93 2113 145 2159 et
196 2111 445 2173 paulatim
498 2111 808 2159 vanescendo
855 2113 1148 2172 consumpta
1199 2112 1274 2159 est
1326 2110 1548 2170 flamma,
1599 2109 1790 2158 scilicet

92 2186 280 2248 sagitta
321 2201 518 2247 quoque
556 2186 656 2233 iam
698 2186 990 2247 consumpta
1031 2200 1184 2247 quam
1221 2186 1464 2233 tenuerat.
1542 2184 1672 2232 caelo
1703 2198 1789 2232 eeu

28 2251 41 2318 (²
90 2273 234 2319 saepe
270 2261 428 2319 refixa
458 2262 807 2308 transcurrunt
836 2261 1109 2318 crinemque
1139 2259 1357 2306 volantia
1385 2258 1550 2306 sidera
1581 2257 1764 2306 ducunt
1772 2275 1788 2305 .-

28 2328 42 2405 }
91 2333 162 2381 sic
202 2334 389 2396 sagitta
426 2334 628 2396 igneam
667 2334 804 2381 viam
852 2332 1039 2382 faciens
1095 2333 1311 2380 cucurrit
1362 2334 1412 2380 et
1460 2332 1635 2394 postea
1687 2347 1787 2380 non

212 2478 237 2516 2
270 2473 501 2518 contendit
523 2473 611 2517 LR
641 2474 858 2518 contorsit
880 2473 952 2517 ed.
1045 2478 1070 2516 3
1104 2478 1245 2518 artem
1270 2474 1451 2529 pariter
1473 2471 1515 2515 R
1537 2486 1579 2516 a.
1593 2477 1728 2528 pater
1749 2457 1785 2514 L

91 2537 319 2588 artemque
335 2538 472 2589 pater
494 2533 613 2576 edFI
638 2533 709 2576 ed.
734 2535 855 2589 post.
874 2554 931 2570 =
948 2531 1003 2576 R.
1098 2536 1121 2575 7
1155 2537 1306 2576 tamen
1330 2546 1416 2576 om.
1438 2531 1509 2575 ed.
1603 2537 1628 2574 9
1656 2544 1787 2587 posse

91 2589 180 2633 LR
211 2591 282 2635 ed.
309 2606 359 2648 p.
383 2606 430 2636 se
458 2606 544 2636 nos
576 2591 652 2649 (cf.
671 2594 789 2647 467).
819 2594 825 2647 Ι
852 2606 906 2636 ea
938 2604 1027 2636 om.
1046 2591 1117 2635 ed.
1220 2595 1275 2635 10
1302 2592 1522 2647 potuisset
1552 2589 1639 2633 LR
1669 2603 1783 2634 corr.

92 2649 164 2694 ed.
188 2652 309 2707 post.
449 2656 504 2696 12
536 2653 694 2696 omnia
723 2651 773 2695 L.
913 2654 967 2694 17
1000 2657 1197 2695 avertere
1227 2650 1264 2694 L
1295 2651 1523 2695 advertere
1552 2649 1595 2692 R
1626 2648 1697 2694 ed.

92 2713 150 2753 24
180 2723 282 2754 cum
311 2711 456 2755 currit
486 2710 576 2754 LR.
606 2711 717 2756 dum
746 2724 782 2756 c.
815 2723 900 2754 nos
931 2723 1072 2766 quum
1102 2711 1307 2755 cucurrit
1336 2709 1406 2753 ed.
1563 2711 1620 2751 25
1650 2708 1783 2753 vani-

90 2768 255 2813 scendo
285 2768 334 2812 L.
370 2770 379 2826 Ι
411 2774 476 2814 est
506 2769 549 2813 R
577 2775 687 2814 esset
716 2769 752 2813 L
782 2769 877 2824 fuit
907 2768 980 2812 ed.
1015 2770 1023 2825 1
1055 2769 1225 2814 scilicet
1252 2773 1296 2813 et
1324 2767 1411 2812 LR
1442 2767 1514 2812 ed.
1546 2772 1588 2812 et
1617 2766 1782 2811 delevi.

181 2831 236 2871 26
278 2829 496 2884 quoniam
533 2828 622 2872 LR
661 2829 732 2873 ed.
773 2841 946 2884 quoque
983 2828 1079 2872 iam
1117 2841 1215 2872 nos.
1272 2829 1279 2885 Ι
1336 2830 1602 2883 consumpta
1646 2839 1784 2882 quam

89 2886 284 2930 tenuerit
321 2885 358 2930 L
399 2901 435 2932 c.
498 2888 771 2933 ‚tenuerint
806 2886 849 2929 R
893 2900 928 2931 c.
962 2901 1003 2942 q.
1036 2890 1243 2931 tenuerat
1288 2900 1372 2931 nos
1418 2883 1783 2942 interpolatione

90 2942 194 2989 loco
227 2948 446 3048 ecgrrupto
477 2946 710 2991 medelam
740 2945 977 3002 quaesivit
1007 2945 1079 2989 ed.
1113 2961 1224 3002 q=
1249 2958 1422 3002 quaere
1452 2944 1504 2988 in
1526 2957 1674 3002 marg.
1700 2942 1781 2987 ad·

49 3018 51 3022 ¹
90 3003 256 3060 scripsi
307 3019 332 3048 r

1337 3077 1425 3122 31*
