2014 3226
175 167 280 219 170
638 166 870 210 DONATI
899 166 1180 209 INTER-PR.
1214 165 1391 209 VERG.

171 309 244 363 ad.
273 310 435 369 ipsam
476 308 730 354 civitatem
769 307 909 366 fecit,
951 322 1049 367 qua
1089 322 1139 353 se
1180 306 1398 354 ostendit
1437 310 1718 368 suspectum
1757 321 1860 354 esse

170 399 230 428 ne
276 383 403 428 forte
451 384 563 442 post
610 381 948 427 narrationem
996 396 1192 427 omnem
1238 379 1492 427 iuberetur
1542 380 1712 428 occidi.
1788 383 1861 439 tu,

168 457 348 516 inquit,
388 456 551 513 Troia,
593 455 931 501 conservatori
968 456 1055 500 tuo
1095 454 1242 501 fidem
1282 470 1446 514 serva,
1500 470 1690 501 mereor
1730 455 1881 501 enim·-

168 531 328 576 vicem
377 530 463 589 qui
508 530 645 589 prior
692 528 868 574 salutis
912 527 1007 574 tibi
1044 527 1337 575 beneficium
1376 528 1587 575 conferO.
1663 530 1707 575 si
1745 542 1867 575 veru

168 604 341 661 seran-e,
379 604 423 648 813
460 617 655 661 rnayna,
696 601 984 660 rependam:
1023 601 1236 663 pendere
1277 602 1485 648 dicimus
1526 617 1729 664 erogare
1770 602 1878 648 ali-⁷
1908 619 1929 649 5

172 676 287 736 quid
328 676 406 722 vel
448 677 714 736 quicquam
753 676 956 722 cuilibet
995 676 1231 723 conferre.
1298 691 1415 723 usus
1449 677 1525 723 est
1555 691 1672 738 ergo
1707 675 1862 722 Sinon

168 751 261 796 1311
307 749 479 809 verbo,
526 749 817 796 11111100101
861 749 1153 810 rependam,
1202 751 1347 810 quasi
1385 751 1583 796 tantum
1620 751 1861 810 reciperet

171 827 412 884 quantum
461 822 687 883 dederat,
733 823 826 870 hoc
873 826 949 870 est
995 827 1052 870 ut
1099 824 1313 870 salutem
1358 826 1630 870 mereretur
1678 824 1764 884 qui
1810 839 1861 870 se

169 897 429 944 adserebat
475 898 652 944 salutis
699 896 992 944 beneficium
1037 899 1307 958 praestare.
1385 897 1570 944 idcirco
1610 898 1779 958 posuit
1818 898 1878 944 81.

168 987 284 1019 vera
331 974 380 1018 et
426 986 610 1033 magna
656 987 745 1032 pro
793 971 1137 1018 incolumitate
1176 974 1265 1018 tua
1305 972 1484 1031 feram,
1524 970 1676 1019 debeo
1716 972 1926 1031 pariam

167 1045 447 1107 rependere.
523 1045 780 1106 respondit
819 1046 976 1107 igitur
1016 1047 1168 1092 etiam
1207 1045 1285 1091 illi
1324 1046 1460 1106 parti
1507 1048 1557 1091 et
1603 1045 1858 1106 pollicitus

169 1123 241 1166 est
275 1134 324 1166 se
357 1134 474 1165 vera
507 1118 769 1179 dicturum,
803 1121 1039 1180 quoniam
1064 1118 1320 1166 Priamum
1351 1120 1647 1169 meminerat
1678 1118 1858 1165 dixisse

168 1193 415 1253 „mihique
454 1193 576 1240 haec
617 1193 828 1240 edissere
875 1209 992 1240 vera
1038 1193 1281 1256 roganti“.
1358 1193 1536 1254 incipit
1587 1194 1860 1253 sequentia,

167 1268 284 1328 quia
333 1268 614 1328 quaesitum
662 1283 718 1314 ex
767 1283 822 1314 eo
870 1268 1037 1314 fuerat
1075 1282 1203 1328 „quo
1242 1267 1423 1314 molem
1470 1267 1597 1313 hanc
1642 1267 1874 1313 inmanis·

167 1342 281 1401 equi
321 1339 576 1389 statuere?
638 1342 748 1402 quis
790 1339 998 1389 auctor?
1064 1341 1244 1402 quidve
1284 1343 1474 1403 petunt,
1517 1357 1642 1401 quae
1680 1340 1857 1403 religio
1887 1357 1926 1388 15

167 1419 253 1462 aut
287 1430 411 1475 quae
443 1415 674 1462 machina
706 1412 889 1461 belli‘?“
957 1414 1042 1462 sed
1084 1416 1202 1475 quia
1241 1417 1291 1461 in
1333 1416 1688 1476 propositionis
1730 1413 1860 1461 ordi·

166 1490 366 1536 natione
415 1491 464 1536 et
509 1490 845 1549 responsionis
892 1490 1075 1536 vitium
1120 1505 1219 1536 non
1269 1492 1365 1548 est,
1413 1489 1455 1534 si
1502 1505 1596 1536 non
1649 1488 1858 1551 singulis

165 1564 239 1609 ita
284 1567 340 1609 111
386 1569 501 1610 811111
547 1564 807 1624 proposita
852 1566 1110 1623 pareatur,
1156 1564 1337 1624 incipit
1380 1564 1477 1610 iste
1518 1561 1579 1609 ab
1620 1578 1678 1609 ea
1716 1565 1859 1623 parte

167 1652 315 1698 quam
339 1638 662 1684 novissimam
688 1638 969 1698 quaesierat
991 1636 1234 1684 Priamus.
1282 1637 1415 1684 idem
1440 1637 1572 1683 enim
1597 1652 1655 1684 ex
1680 1638 1859 1686 eventu

165 1714 467 1771 postremam
505 1712 690 1772 posuit,
731 1709 906 1758 Sinoni
944 1727 1075 1770 vero,
1115 1711 1172 1758 ut
1211 1710 1418 1758 fallendi
1457 1711 1735 1771 promptior
1773 1725 1860 1771 pa·
1886 1726 1927 1758 30
1977 1762 1981 1766 ,

164 1787 292 1831 10101
331 1786 537 1845 occasio,
575 1786 707 1832 inter
744 1785 893 1832 initia
932 1785 1096 1832 fuerat
1135 1786 1426 1832 necessaria.

276 1858 460 1920 Incipit
513 1875 630 1922 ergo
687 1875 812 1920 quae
866 1857 1078 1922 religio?
1162 1861 1320 1906 omnis
1372 1873 1481 1918 spes
1527 1859 1767 1906 Danaum
1818 1861 1874 1904 etr

166 1934 314 1991 coepti
350 1933 535 1990 fiducia
575 1933 684 1980 belli
722 1933 946 1980 Palladis
985 1933 1187 1980 auxiliis
1225 1948 1413 1992 semper
1449 1933 1597 1980 stetit:
1634 1931 1727 1980 hoc
1766 1931 1859 1978 fal-

168 2021 280 2053 sum.
316 2009 404 2067 est,
437 2006 522 2053 sed
558 2006 687 2053 illud
725 2023 902 2054 verum
937 2009 1105 2066 inpius
1147 2021 1333 2066 011130
1367 2007 1579 2066 Tydides
1617 2006 1701 2054 sed
1733 2007 1860 2052 enim

78 2084 162 2122 165
179 2079 502 2140 scelerumque
538 2082 758 2128 inventor
797 2081 963 2129 Ulixes
1001 2081 1154 2140 fatale
1185 2081 1404 2140 adyre'ssi
1433 2083 1624 2127 sacrato
1657 2079 1860 2127 avellere
1884 2095 1973 2151 2Q

167 2154 336 2212 templo
367 2154 654 2202 Palladium
685 2156 836 2202 caesis
867 2169 1086 2203 summae
1117 2155 1393 2202 custodibus
1423 2156 1552 2202 areis
1585 2155 1860 2212 corripuere

166 2241 358 2275 sacram
405 2228 615 2287 efflyiem
659 2229 978 2288 ‘manibusque
1024 2230 1237 2277 eruentis
1283 2229 1529 2288 vimineas
1568 2228 1680 2276 ausi
1717 2227 1860 2274 divae

166 2303 436 2361 eontinyere
479 2302 637 2349 vittas.
713 2303 836 2349 item
883 2302 1141 2366 subiungit
1178 2301 1331 2362 falsa,
1376 2305 1434 2349 ut
1471 2301 1635 2349 media
1671 2301 1859 2353 veritas

167 2374 501 2437 superioribus
548 2378 597 2422 et
643 2375 872 2438 deinceps
919 2375 1191 2424 mendaciis
1229 2377 1408 2437 positis
1449 2375 1652 2424 adderet
1689 2374 1858 2427 fidem:

79 2453 163 2491 170
181 2463 238 2496 ex
289 2449 373 2496 illo
426 2451 578 2508 fluere
630 2464 689 2497 ac
740 2453 867 2498 retro
921 2451 1156 2510 sublapsa
1215 2451 1392 2509 referri
1443 2463 1552 2510 spes
1604 2449 1859 2503 Danaum,
1883 2464 1971 2526 3⁰³²&

164 2523 352 2581 fractae
389 2524 529 2578 vires,
562 2537 738 2571 aversa
768 2525 886 2572 deae
914 2539 1062 2572 mens.
1129 2538 1216 2571 nec
1253 2525 1416 2571 dubiis
1456 2538 1511 2571 eu
1550 2525 1692 2582 siena
1730 2522 1862 2570 dedit

99 2605 102 2627 ²
169 2596 391 2644 Tritonia
427 2598 667 2644 monstris.
745 2599 827 2644 vix
856 2599 1074 2657 positum
1111 2599 1286 2646 castris
1322 2599 1556 2645 srmulaev
1556 2611 1654 2651 um
1695 2609 1863 2648 arsere

285 2742 311 2778 ὁ
339 2737 535 2793 pendere
557 2736 646 2779 LR
675 2738 916 2793 rependere
947 2738 1042 2782 ed.:
1074 2737 1192 2782 Don.
1218 2738 1288 2782 ita
1319 2737 1510 2781 verbum
1543 2736 1762 2793 explicat,
1790 2718 1856 2789 ut,
1873 2707 1875 2710 Α

166 2795 388 2864 quoniam
422 2797 619 2852 pendere
659 2795 723 2839 811
754 2809 968 2854 erogare
1008 2798 1250 2853 rependere
1279 2796 1408 2840 idem
1440 2809 1540 2842 esse
1573 2796 1701 2839 dicat
1732 2795 1858 2850 quod

168 2917 223 2956 10
253 2914 464 2968 ferebam
483 2913 527 2957 R,
557 2927 671 2958 corr.
703 2928 727 2956 r
750 2935 806 2951 =
831 2913 881 2958 L.
984 2918 1038 2957 17
1071 2921 1113 2959 et
1141 2915 1450 2971 responsionis
1479 2913 1567 2957 LR
1597 2919 1639 2958 et
1668 2927 1758 2957 om
1784 2898 1870 2962 ed.

257 2977 311 3016 19
343 2978 385 3017 et
414 2979 574 3018 eventu
604 2973 675 3016 ed.
799 2977 856 3016 20
881 2979 1157 3030 postremam
1175 2974 1230 3018 >R
1262 2988 1403 3018 -mum
1433 2972 1470 3016 L
1502 2973 1573 3016 ed.

164 2855 398 2911 recipere!
459 2856 569 2911 post
598 2869 770 2913 mayna
801 2855 1010 2899 distinxi
1027 2856 1286 2900 secundum
1315 2855 1766 2924 interpretationem.
1708 2740 1966 3226 ἱ
