2014 3226
781 153 1084 197 AENEIDos
1116 154 1158 197 v
1707 157 1813 209 529

125 309 250 342 sona
288 293 484 341 Aeneae
533 293 819 355 accipienda
863 296 1002 352 sunt,
1051 293 1137 355 qui
1177 293 1515 341 arbitrabatur
1553 296 1814 357 deliquisse

0 291 3 430 i
127 367 422 415 Palinurum
462 369 612 428 atque
652 367 807 430 egisse
848 369 1179 431 neglegenter,
1219 367 1364 429 quasi
1395 368 1530 415 caelo
1564 384 1733 416 sereno
1768 374 1815 416 et

125 442 305 505 pelago
346 456 461 489 casu
500 440 725 503 quolibet
763 443 924 502 perire
963 457 1062 488 non
1100 443 1280 503 posset.
1344 442 1606 490 accedebat
1638 443 1701 491 ad
1733 443 1815 491 do-

127 516 283 564 lorem
322 516 564 578 gementis
603 530 762 576 poena
804 531 999 576 quoque
1042 517 1199 564 amico
1231 516 1418 563 inflicta
1449 519 1562 577 post
1592 519 1816 578 mortem,

79 607 102 639 5
127 591 186 636 ut
232 588 518 636 inhumatus
565 590 746 636 iaceret
787 591 837 636 et
875 589 1037 636 nudus
1076 590 1128 636 in
1177 592 1354 637 exteris
1402 590 1547 638 terris
1595 592 1816 653 ignotus-

126 679 220 725 que
267 661 518 723 omnibus‚
564 662 612 709 in
662 662 891 710 litoribus
931 662 1082 710 etiam
1121 680 1247 724 quae
1286 663 1452 711 nullus
1492 665 1729 713 incoleret
1769 667 1817 712 et

124 736 178 783 in
217 736 395 799 quibus
437 737 734 799 sepultorem
774 736 997 784 invenire
1036 751 1134 785 non
1173 739 1351 799 posset.

246 897 272 936 6
304 893 516 937 incoleret
547 891 634 935 LR
665 892 887 936 incederet
918 892 1029 935 edF.
1072 895 1078 949 Ι
1129 898 1168 936 et
1199 906 1286 936 om.
1313 893 1354 936 R
1386 893 1537 950 suppl.
1565 909 1586 936 r
1612 916 1666 931 =
1693 894 1740 938 L.

124 956 151 995 7
184 952 470 1008 sepulchrum
507 952 708 996 inveniri
739 951 809 996 ed.
835 953 954 1008 post.
988 978 1046 984 —-
1086 951 1366 1008 subscriptio
1406 952 1548 1008 plena
1587 954 1737 997 Tiberi
1762 979 1815 985 —

122 1011 311 1068 explicit
350 1010 524 1055 desinit
563 1024 668 1055 cum
706 1010 875 1054 ultimo
914 1025 1048 1054 versu
1087 1010 1191 1054 folii
1220 1015 1302 1055 160
1333 1011 1382 1054 in
1416 1012 1470 1055 L:
1519 1014 1676 1068 potest
1707 1025 1817 1070 ergo

123 1070 174 1114 in
199 1070 414 1125 sequenti
438 1069 552 1114 folio
577 1071 743 1126 incipit
769 1071 839 1114 VI
867 1071 1079 1113 secutum
1111 1083 1226 1122 esse,
1259 1071 1298 1113 si
1331 1071 1671 1115 Laurentianus
1705 1070 1817 1115 olim

122 1129 290 1186 plenus
331 1129 435 1173 fuit.
499 1129 629 1174 extat
666 1129 717 1172 in
755 1129 968 1185 margine
1006 1129 1226 1172 inferiore
1266 1143 1428 1173 rasura
1469 1143 1523 1173 ex
1562 1143 1655 1186 qua
1698 1130 1817 1174 nihil

122 1188 294 1233 elicere
323 1188 472 1245 potui.
536 1189 724 1244 eaeplicit
754 1189 796 1231 R
827 1188 1037 1245 (titulum
1070 1203 1174 1232 cum
1206 1190 1371 1245 incipit
1401 1190 1732 1233 coniuncturus
1764 1192 1817 1232 ut

124 1247 173 1290 in
206 1247 297 1291 fine
327 1247 350 1290 Ι
378 1247 443 1290 ΠΙ
473 1247 576 1304 IV),
616 1247 766 1291 altera
804 1261 915 1304 pars
954 1246 1158 1305 paginae
1190 1246 1268 1291 fol.
1298 1248 1428 1292 168Β
1468 1261 1614 1292 vacua
1653 1248 1818 1292 relicta

123 1320 294 1363 poema
323 1306 482 1361 habet,
516 1307 574 1350 de
605 1321 697 1362 quo
729 1321 768 1350 v.
793 1305 941 1363 praef.

218 3039 319 3074 Don.
340 3040 500 3083 interpr.
514 3041 629 3083 Ἶσις.
662 3040 736 3075 vol.
754 3039 775 3073 Ι
1407 3033 1467 3074 84
