2014 3226
226 188 334 241 562
695 187 926 231 DONATI
956 188 1238 232 INTERPR.
1271 188 1450 232 VERG.

225 328 504 377 veniebant.
567 328 828 376 deturbare
856 331 930 376 est
952 329 1223 376 terroribus
1255 329 1532 390 propellere
1565 344 1622 376 ac
1652 345 1920 378 removere.

226 404 453 462 laxatque
490 405 646 462 foros:
686 404 986 462 oportunum
1027 403 1251 450 ascensui
1282 402 1540 466 navigium
1570 403 1706 450 facit.
1775 405 1922 451 simul

227 478 400 537 accipit
438 476 572 524 alveo
611 477 848 536 inyentem
879 475 1107 524 Aenean:
1148 466 1234 523 aut
1271 492 1447 524 revera
1481 478 1748 540 ingentem,
1789 477 1922 538 quod

227 565 406 614 magno
456 551 584 597 esset
631 565 856 610 corpore,
911 552 999 597 aut
1044 551 1297 613 ingentem
1343 552 1548 612 propter
1594 552 1921 613 capacitatem
1988 605 1989 612 ἵ

227 626 389 684 navis,
430 639 556 685 quae
597 623 693 671 fuit
733 625 932 687 exigua,
979 625 1032 670 in
1078 626 1277 672 tantum
1315 626 1372 671 ut
1418 624 1546 672 hanc
1593 641 1692 672 non
1730 641 1921 687 navem,
1965 625 2000 691 εξ

227 697 309 746 sed
366 698 561 745 alveum
617 698 823 758 dixerit,
877 700 1052 759 utpote
1105 714 1229 760 quae
1280 698 1468 746 umbris
1518 699 1772 759 inanibus,
1822 715 1922 746 non

226 773 354 820 vivis
403 771 690 832 corporibus
731 772 896 820 fuerat
934 774 1250 834 praeparata.
1332 772 1543 834 denique
1585 775 1809 821 secutum
1848 775 1925 820 est

222 848 406 905 yemuit
443 846 531 893 sub
563 846 783 905 pondere
815 847 987 894 cumba
1024 847 1186 894 sutilis
1225 850 1268 894 et
1297 847 1501 894 multam
1532 849 1711 906 accepit
1740 849 1923 894 rimosa
1986 861 1991 903 ς

217 920 467 979 paludem.
554 935 723 981 pressa
779 919 962 982 quippe
1015 919 1218 968 insolito
1273 920 1489 981 pondere
1536 921 1586 968 et
1637 921 1829 984 gemuit
1875 923 1924 968 et

138 999 224 1038 415
243 1010 333 1055 per
370 995 522 1041 rimas
562 994 751 1055 recepit
788 994 987 1055 paludis
1027 995 1215 1042 limum.
1293 995 1487 1042 tandem
1533 997 1671 1042 trans
1715 996 1924 1054 fluvium

226 1068 485 1115 incolumis
532 1070 780 1127 vatemque
824 1070 1079 1127 virumque
1124 1070 1329 1128 informi
1374 1069 1488 1116 limo
1530 1069 1802 1129 ylaucaque
1848 1083 1925 1116 ex-

217 1143 363 1202 ponit
399 1143 452 1189 in
491 1142 633 1189 ulva:
684 1142 886 1189 tandem
926 1142 1058 1204 quod
1097 1143 1192 1203 ait,
1233 1144 1320 1190 aut
1358 1158 1498 1190 mora
1536 1143 1635 1189 fuit
1672 1143 1725 1190 in
1763 1145 1926 1190 trans·
1971 1165 1974 1174 ¹

226 1217 465 1276 vectione,
507 1217 625 1276 quia
663 1216 804 1264 navis
845 1216 979 1263 ultra
1019 1216 1221 1263 solitum
1260 1233 1448 1264 morem
1489 1214 1693 1264 onerata
1731 1217 1926 1264 tardius

227 1289 455 1351 pervenit
495 1289 559 1337 ad
604 1290 893 1338 ulteriorem
939 1291 1125 1352 ripam,
1177 1293 1268 1338 aut
1312 1293 1518 1352 propter
1555 1290 1781 1352 Aenean,
1837 1291 1924 1352 qui
1970 1335 1971 1338 ,

226 1363 531 1425 properabat
571 1364 635 1411 ad
671 1365 880 1425 patrem.

344 1437 581 1486 Cerberus
626 1439 741 1486 haec
786 1440 957 1498 inqens
1005 1439 1188 1486 latratu
1241 1453 1394 1499 reyna
1447 1439 1648 1498 trifauci
1692 1442 1927 1499 personat

229 1513 432 1560 adverso
471 1512 710 1560 recubans
747 1514 965 1560 inmanis
1002 1514 1058 1560 in
1096 1516 1252 1561 antr0.
1330 1515 1408 1562 cui
1446 1517 1580 1561 vates
1624 1514 1819 1562 horrere
1855 1515 1927 1561 vi·
1962 1515 1981 1555 ’ἕ

139 1591 226 1630 420
245 1587 364 1634 dens
401 1587 504 1634 iam
543 1585 667 1634 colla
698 1587 907 1634 colubris
937 1587 1074 1634 melle
1104 1591 1383 1647 soporatam
1416 1591 1459 1635 et
1491 1587 1742 1636 medicatis
1771 1587 1927 1647 fruyi-
1965 1625 1973 1630 .

230 1661 319 1707 bus
351 1662 500 1721 offam
532 1661 694 1708 obicit:
727 1676 834 1708 cum
860 1661 1050 1708 latratu
1074 1662 1227 1708 trium
1251 1661 1474 1708 faucium
1502 1662 1661 1709 omnis
1688 1659 1926 1709 Cerberus
1974 1654 1987 1678 ⁶

228 1734 501 1782 inferorum
531 1736 758 1797 regiones
791 1735 1020 1797 inpleret,
1051 1735 1259 1783 latranti
1292 1735 1441 1784 offam
1475 1734 1670 1797 Sibylla
1699 1736 1926 1797 proiecit,

228 1823 318 1856 nec
357 1808 484 1855 hanc
525 1809 817 1870 simplicem,
856 1808 941 1856 sed
980 1809 1293 1869 medicatam,
1332 1810 1426 1858 hoc
1466 1811 1540 1858 est
1579 1809 1786 1858 diversis
1818 1825 1924 1871 spe·
1963 1839 1966 1844 .

230 1882 395 1930 ciebus
447 1884 496 1930 et
548 1885 654 1931 arte
709 1883 998 1931 confectam.
1091 1883 1171 1931 hic
1224 1886 1375 1945 poeta
1428 1883 1527 1930 mel
1579 1883 1925 1932 tantummodo
1973 1918 1975 1922 ι

231 1956 516 2018 specialiter
552 1958 735 2019 posuit,
775 1957 970 2019 reliqua
1009 1957 1171 2006 noluit
1210 1957 1424 2019 aperire,
1464 1973 1526 2004 ne
1567 1957 1630 2005 ad
1669 1958 1925 2006 conficien-

230 2029 345 2077 dam
392 2031 606 2092 speciem
650 2030 862 2094 legentis
909 2032 1192 2079 instrueret.
1281 2031 1361 2078 ille
1412 2033 1544 2092 fame
1597 2032 1776 2080 rabida
1829 2033 1926 2079 bria

225 2107 428 2164 yuttura
456 2105 688 2164 pandens
726 2107 927 2165 corripit
964 2106 1194 2154 obiectam
1232 2110 1373 2166 atque
1410 2107 1638 2154 inmania
1681 2109 1816 2166 terya
1853 2121 1925 2154 re-

229 2178 371 2226 solvit
421 2179 566 2237 fusus
618 2179 754 2226 humi
804 2182 989 2239 totoque
1044 2181 1216 2240 ingens
1273 2180 1542 2227 eaetenditur
1596 2184 1737 2228 antro
1746 2197 1762 2227 .·
1815 2195 1926 2228 ecce
1958 2173 1964 2178 ’

230 2253 474 2314 quantum
522 2253 691 2314 potuit
740 2254 815 2301 vis
876 2253 1002 2301 offae
1051 2254 1398 2302 transvoratae
1447 2253 1671 2318 ingluvie
1721 2251 1983 2316 triplici,

232 2341 358 2387 quae
405 2326 474 2375 sic
523 2343 634 2374 eum
679 2327 885 2388 pressit,
938 2329 997 2375 ut
1050 2328 1236 2375 iaceret
1289 2343 1378 2389 pro
1431 2329 1643 2375 mortuo.
1726 2331 1978 2388 occupat.

138 2405 228 2444 425
247 2399 440 2448 Aeneas
487 2400 675 2448 aditum
723 2402 914 2449 custode
957 2402 1141 2462 sepulto
1197 2402 1448 2461 evadi-tque
1493 2403 1614 2450 celer
1650 2404 1814 2461 repam
1850 2403 1924 2449 ‘im-

230 2473 504 2522 remeabih's
562 2474 748 2522 undae:
810 2475 1184 2524 inremeabilem
1222 2476 1422 2538 proprie
1468 2476 1639 2537 posuit
1689 2477 1739 2524 et
1787 2490 1924 2538 verer,

230 2563 349 2595 nam
386 2547 592 2595 Aenean
637 2549 802 2609 ipsum
849 2548 1048 2611 scripsit
1095 2549 1194 2597 alio
1243 2564 1443 2613 egressu
1489 2549 1590 2597 luci
1636 2551 1686 2597 et
1732 2549 1923 2611 superis
1969 2587 1971 2591 .

230 2621 494 2671 redditum.
564 2621 774 2669 celerem
813 2621 940 2670 dixit
970 2622 1172 2670 Aenean
1202 2624 1442 2671 transisse
1481 2624 1674 2684 sepulto
1707 2615 1965 2684 custodes,

352 2766 375 2805 1
402 2775 573 2806 movere
596 2762 667 2806 ed..
757 2767 783 2805 2
817 2763 1026 2808 ascensui
1050 2763 1091 2807 V
1114 2777 1349 2808 ascensum
1373 2763 1436 2808 ad
1459 2763 1531 2808 ed.
1624 2768 1650 2807 3
1675 2764 1847 2820 accepit
1867 2762 1942 2821 V.4
1963 2770 1983 2814 5·

353 2825 377 2864 ’1
407 2821 566 2874 fuerat
587 2827 874 2878 praeparata
903 2821 946 2865 V
971 2836 1043 2878 pr.
1070 2827 1182 2867 esset
1211 2823 1282 2866 ed.
1376 2827 1404 2867 8
1433 2823 1615 2868 subtilis
1644 2821 1700 2866 V.
1794 2826 1820 2866 9
1851 2823 1923 2865 in·

230 2880 377 2924 solido
406 2879 460 2923 V.
490 2882 497 2936 1
531 2885 573 2924 et
600 2882 771 2938 yemuit
799 2880 843 2924 V
871 2882 1040 2938 yemuit
1071 2881 1142 2925 ed.
1265 2886 1320 2925 21
1353 2882 1431 2926 sed
1460 2882 1731 2926 medicatam
1761 2881 1804 2925 V
1835 2895 1922 2926 om.

161 2971 163 2974 -
231 2937 277 2982 H
308 2938 390 2983 edI
418 2939 497 2984 sed
525 2940 762 2984 medicatis
789 2940 1006 2997 frugibus
1035 2946 1077 2984 et
1106 2941 1232 2988 melle
1270 2940 1380 2985 edF.
1533 2944 1588 2984 27
1620 2941 1691 2985 vis
1719 2954 1852 2997 saepe
1881 2938 1980 2983 V'f'

231 2998 302 3042 vis
332 2998 449 3052 offae
480 2997 552 3042 ed.
674 3002 730 3042 30
761 2998 1094 3044 ina-emeabilem
1122 2999 1166 3044 V
1196 2999 1257 3044 -le
1287 2999 1359 3043 ed.

1984 723 1991 766 ἓξ

1983 774 1990 858 Ξ
