2014 3226
791 170 1093 214 AENEIDOS
1125 169 1145 212 Ι
1743 171 1811 222 57

124 312 291 375 pelagi
330 312 704 359 demonstraret.
774 312 964 358 interea
1005 313 1122 371 quia
1164 311 1314 358 3011101
1354 312 1573 372 positum
1614 318 1687 358 est
1727 328 1812 371 po-

123 387 244 445 tuit,
293 401 383 433 nos
429 401 528 432 non
573 384 665 432 hoc
713 385 884 446 semel,
933 384 1017 432 sed
1065 386 1260 445 saepius
1309 384 1540 432 debemus
1593 386 1811 446 accipere

123 461 216 507 hoc
253 459 423 507 modo:
474 458 711 519 Antenor,
751 458 931 519 inquit,
971 459 1138 519 potuit
1175 458 1331 507 hostis
1372 458 1600 516 evadere,
1647 460 1813 520 potuit

122 533 350 595 Illyricos
378 534 516 581 3111113
540 534 812 593 penetrare,
838 534 1006 594 potuit
1027 548 1182 595 regna
1207 532 1541 580 Liburnorum
1566 548 1814 594 superare,

81 623 99 656 5
122 608 291 669 potuit
329 608 517 655 fontem
549 606 747 654 Timavi
785 608 1148 666 transmittere,
1189 609 1238 653 et
1269 621 1501 667 superare
1532 622 1632 654 non
1666 607 1815 653 semel

124 680 468 742 accipiendum
499 683 589 740 est,
614 682 671 727 ut
702 681 769 727 sit
800 680 990 727 fontem
1021 695 1252 741 superare
1279 680 1477 727 Timavi
1510 682 1558 727 et
1583 695 1816 741 superare

123 771 276 819 regna
315 754 663 802 Liburnorum.
741 754 821 801 hic
867 757 1035 801 tamen
1082 754 1190 801 ille:
1252 756 1304 801 in
1351 770 1448 801 uno
1489 754 1725 802 adverbio
1765 756 1817 801 et

123 830 413 891 pronomine
453 828 638 891 grande
678 827 872 889 pondus
913 828 1098 876 doloris
1139 828 1335 888 adiecit,
1375 829 1469 889 hic,
1509 830 1689 890 inquit,
1722 828 1816 877 hoc

124 906 197 951 est
242 904 295 950 in
342 902 627 965 regionibus
674 902 939 950 hostilibus
988 904 1037 949 et
1083 918 1172 964 per
1217 906 1293 950 tot
1341 902 1659 950 difficultates
1709 904 1815 950 sine

57 993 99 1026 xo
123 979 419 1038 cuiusquam
456 976 686 1024 molestia
724 978 968 1036 transitis,
1000 976 1102 1036 ille,
1132 977 1224 1024 hoc
1264 979 1339 1023 est
1377 977 1524 1024 homo
1562 976 1816 1024 inferioris

121 1052 289 1098 meriti
343 1052 423 1098 cui
476 1050 728 1097 abundare
783 1051 984 1098 deberet
1037 1050 1169 1111 quod
1216 1052 1268 1096 in
1316 1051 1467 1099 Troia
1515 1049 1816 1099 Graecorum

122 1141 299 1174 manus
348 1128 595 1186 evaserat,
644 1127 844 1172 tantum
883 1124 1141 1172 felicitatis
1181 1129 1255 1172 est
1295 1125 1526 1186 adeptus,
1574 1127 1632 1172 ut
1674 1127 1814 1172 tutus

38 1211 43 1216 ·
121 1201 400 1262 transierit,
448 1201 588 1246 tutus
627 1200 930 1259 pervenerit,
977 1201 1118 1247 tutus
1162 1200 1418 1247 civitatem
1458 1199 1661 1246 Teucris
1702 1214 1815 1246 con-

124 1273 327 1333 diderit,
374 1275 513 1320 tutus
559 1274 758 1321 nomine
800 1273 1016 1321 Troiano
1063 1274 1275 1322 vocitari
1319 1272 1580 1336 indigenas
1627 1274 1816 1332 fecerit,

59 1362 101 1397 ιε
124 1349 263 1395 tutus
318 1362 457 1394 arma
513 1346 728 1394 Troiana
790 1347 883 1394 1100
937 1350 1013 1395 est
1074 1348 1207 1395 victa
1260 1349 1314 1394 in
1365 1362 1534 1394 eorum
1588 1346 1816 1408 partibus

122 1421 286 1468 fixerit
333 1437 455 1482 quos
504 1423 753 1468 constaret
801 1422 1012 1469 victores
1059 1422 1303 1478 extitisse,
1348 1423 1489 1468 tutus
1535 1422 1587 1468 in
1634 1421 1815 1482 plenis-

123 1497 249 1543 sima
297 1497 461 1557 quiete
508 1495 756 1556 perduret.
835 1510 943 1543 ecce
993 1495 1300 1544 ostendimus
1348 1495 1499 1543 semel
1546 1494 1681 1543 dicta
1724 1511 1814 1557 pro

124 1571 321 1631 saepius
367 1570 515 1617 dictis
559 1569 865 1631 accipienda.
945 1569 1007 1617 ab
1057 1571 1427 1617 enumeratione
1466 1571 1814 1631 prosperitatis

123 1644 315 1692 alienae
370 1645 553 1691 transit
606 1643 670 1690 ad
725 1645 1130 1705 conparationem
1183 1659 1422 1705 personae
1485 1658 1601 1691 suae
1664 1646 1815 1705 atque

56 1734 100 1767 20
122 1717 319 1765 Aeneae
354 1719 404 1765 et
433 1718 679 1765 malorum
712 1717 771 1765 de
804 1717 984 1778 quibus
1010 1717 1331 1779 querebatur3
1366 1719 1438 1765 ait
1469 1719 1600 1766 enim
1630 1731 1719 1765 7203
1750 1719 1801 1766 et
1819 1718 1905 1758 250

124 1793 326 1853 exponit
366 1792 487 1853 quid
526 1793 592 1839 sit
624 1807 728 1853 nos,
762 1807 1064 1852 quamquam
1096 1794 1160 1852 et,
1192 1793 1235 1840 si
1266 1807 1365 1839 non
1397 1791 1616 1852 dixisset,
1648 1795 1815 1853 posset

121 1865 372 1930 intellegi,
418 1870 526 1919 tua,
573 1865 762 1928 inquit,
800 1868 1080 1926 prooemio&
1132 1866 1225 1913 1100
1273 1867 1347 1914 est
1393 1867 1499 1913 eius
1556 1867 1643 1927 qui
1696 1865 1813 1914 deos

122 1941 280 1989 omnis
330 1941 379 1987 et
424 1940 648 1988 homines
693 1939 848 1988 habes
893 1941 946 1987 in
986 1942 1258 2002 potestate,
1298 1939 1433 2002 apud
1474 1956 1620 2001 quem
1659 1941 1814 2002 privi-

39 2053 45 2067 1,
121 2013 309 2077 legium
354 2015 506 2075 primi
552 2013 734 2077 gradus
780 2014 960 2062 habere
1008 2013 1279 2062 debuimus,
1357 2014 1477 2062 caeli
1515 2015 1690 2074 quibus
1729 2014 1815 2062 ad-

29 2076 100 2137 ιῖπ
121 2089 235 2136 nnis
285 2103 466 2144 arcem,
519 2089 728 2136 navibus
775 2087 1083 2148 (infandum)
1132 2089 1327 2136 amissis
1371 2090 1522 2136 unius
1568 2089 1632 2137 -ob
1684 2090 1815 2136 iram

38 2140 56 2209 f
113 2162 376 2221 prodimur
429 2165 572 2221 atque
615 2163 763 2210 Italis
815 2163 952 2222 Zonye
1006 2162 1335 2222 disiunyimur
1381 2163 1503 2210 oris:
1565 2162 1681 2210 dum
1729 2178 1814 2224 spe

35 2217 53 2290 ἐ
123 2235 348 2284 ducimur
395 2238 752 2298 promissorum
798 2238 999 2284 tuorum
1049 2239 1099 2284 et
1136 2237 1277 2285 navis
1317 2237 1573 2286 amisimus
1614 2238 1664 2284 et
1701 2252 1812 2298 pro-

36 2295 56 2382 }
122 2311 324 2358 missam
370 2309 574 2358 Italiam
626 2312 793 2358 tenere
838 2326 939 2358 non
984 2326 1260 2372 possumus.
1347 2310 1480 2372 quod
1526 2313 1694 2359 autem
1737 2310 1814 2358 ait

39 2386 58 2444 ’11
123 2385 270 2431 unius
311 2383 373 2432 ob
411 2385 554 2445 iram,
595 2385 782 2446 optime
822 2384 887 2432 ad
924 2383 1073 2433 finem
1112 2385 1346 2433 dictionis
1387 2386 1463 2433 est
1492 2387 1812 2433 reservatum.

33 2438 100 2509 {a
123 2471 232 2505 011111
270 2459 422 2506 omni
474 2460 607 2506 enim
653 2458 850 2506 cautela
897 2461 947 2506 et
993 2458 1163 2507 ordine
1210 2474 1298 2507 suo
1345 2458 1538 2520 debuit,
1586 2460 1813 2520 quamvis

36 2516 57 2554 ⁴‘
123 2531 336 2594 oblique,
375 2531 574 2593 pulsare
604 2531 807 2580 Iunonis
845 2533 1108 2594 malitiam,
1139 2548 1216 2592 ne,
1249 2533 1291 2581 si
1330 2533 1460 2580 inter
1497 2534 1645 2581 initia
1683 2531 1813 2580 dice—

59 2660 61 2662 ,
121 2606 279 2665 retur,
333 2605 545 2654 offensus
590 2605 819 2668 Iuppiter
872 2622 930 2654 ex
985 2606 1204 2654 evidenti
1257 2608 1440 2654 sororis
1491 2608 1541 2654 et
1587 2607 1812 2670 coniugis

123 2692 238 2726 suae
269 2680 456 2727 iniuria
487 2679 733 2728 desideria
766 2682 815 2727 et
846 2679 1162 2729 necessitates
1194 2682 1438 2743 gementis
1470 2695 1571 2729 non
1602 2679 1814 2728 libenter

240 2867 266 2907 6
297 2864 599 2918 fontem—et
629 2877 717 2909 om.
750 2864 839 2908 LR
870 2865 942 2910 ed.
974 2865 1080 2910 add.
1114 2864 1165 2909 r‘.
1289 2869 1346 2909 10
1377 2865 1588 2910 transitis
1619 2864 1706 2908 LR
1735 2879 1810 2910 su·

36 2934 40 2969 1
115 2923 292 2976 peratis
321 2923 393 2967 ed.
546 2927 600 2967 12
633 2929 744 2968 esset
773 2923 860 2967 LR
889 2925 963 2968 ed.
1001 2930 1072 2972 est.
1095 2939 1131 2969 r.
1285 2929 1341 2968 15
1367 2925 1584 2980 partibus
1613 2923 1701 2968 LR,
1738 2922 1812 2969 vel

115 2981 324 3036 postibus
352 2995 377 3024 1
405 2981 456 3025 111
486 2995 632 3040 marg.
756 2987 813 3027 20
844 2997 927 3028 nos
957 2987 999 3028 et
1028 2983 1115 3027 LR
1145 2989 1188 3030 et
1218 2996 1306 3027 om.
1339 2983 1411 3028 ed.
