2014 3226
807 177 1108 222 AENEIDos
1142 180 1183 222 v
1737 187 1842 238 435

164 332 267 363 sese
315 318 613 378 erraturum,
663 319 704 364 si
751 322 1036 379 sequeretur
1089 320 1277 367 factum
1326 323 1480 382 patris
1528 326 1577 369 et
1627 324 1842 371 studium

162 390 493 438 honestorum.
578 393 658 438 *ille
706 407 728 438 c
778 393 973 440 coneilio
1031 394 1190 440 multis
1244 409 1350 440 cum
1396 396 1589 442 milibus
1638 399 1733 443 ibat
1781 399 1844 444 acl

163 465 415 519 tumulum,
453 480 634 523 magma
672 467 860 513 medius
899 469 1149 513 comitante
1188 471 1402 515 caterva:
1443 485 1466 516 e
1500 470 1707 517 concilio
1739 471 1845 518 ibat

163 538 224 584 ad
264 539 513 586 tumulum
553 541 711 601 patris
752 555 862 587 cum
901 541 1092 602 ingenti
1128 558 1328 588 nurnero
1363 542 1694 591 deductorum.
1755 546 1843 592 hic.

118 626 136 657 5
161 612 251 659 hoc
300 615 372 659 est
418 613 503 660 ubi
550 614 863 675 sepulchrum
910 614 1126 674 patrium
1175 616 1293 674 fuit,
1341 615 1435 662 cluo
1482 619 1570 664 rite
1615 632 1742 663 mero
1789 619 1844 665 la·-

162 687 284 733 bans
338 688 582 735 carchesia
629 688 823 736 Baccho
876 685 910 747 [
905 688 1068 745 fundit
1117 687 1305 749 humis-
1373 690 1620 738 carchesia
1667 707 1844 739 nomen

161 763 235 808 est
272 761 576 820 poculorum.
643 762 755 822 duo,
787 763 967 823 inquit,
1000 762 1249 810 carchesia
1286 778 1418 810 mero
1452 763 1643 811 Baccho
1683 765 1845 826 plena,

160 834 253 882 hoc
292 836 368 882 est
406 836 521 882 vino
560 837 862 898 incorrupto,
894 839 1054 882 terrae
1095 836 1368 882 infundens
1432 837 1527 884 duo
1559 839 1677 885 lacte
1708 853 1842 893 novo,

161 908 256 954 duo
293 911 533 968 sanquine
564 924 727 957 sacro:
764 913 925 957 terrae
958 909 1220 956 infundens
1254 913 1301 957 et
1334 910 1395 956 ad
1429 912 1596 958 vinum
1630 913 1845 972 pertinet

0 1007 1 1010 =
94 995 136 1026 10
161 983 210 1029 et
256 981 318 1028 ad
363 983 545 1030 lactem
593 986 642 1031 et
688 983 751 1030 ad
799 985 1110 1046 sanguinem:
1173 984 1335 1030 omnia
1379 986 1508 1031 enim
1549 985 1694 1031 simul
1733 987 1845 1033 fusa

160 1059 288 1103 sunt.
366 1057 486 1104 haec
526 1060 834 1105 mortuorum
874 1057 1126 1105 sacrificiis
1176 1057 1478 1105 exhibentur.
1546 1074 1841 1118 purpureos-

160 1144 249 1188 que
294 1131 410 1177 iacit
461 1133 628 1189 flores:
691 1134 738 1180 et
792 1132 870 1179 hic
927 1131 1062 1179 color
1114 1131 1290 1178 florum
1345 1132 1549 1193 sepultis
1604 1134 1840 1196 congruit.

159 1203 279 1251 iacit
325 1206 375 1251 et
419 1205 585 1252 fundit
638 1206 834 1269 largum
890 1207 1110 1253 animum
1165 1205 1436 1252 exhibentis
1488 1206 1750 1253 ostendunt
1796 1211 1844 1254 et

26 1339 34 1343 α
160 1279 434 1339 specierum
471 1281 739 1327 maximam
780 1281 986 1342 copiam.
1050 1293 1108 1326 ae
1145 1278 1265 1326 talia
1302 1280 1461 1337 fatur:
1499 1279 1643 1331 salve,
1683 1283 1844 1328 sancte

94 1365 135 1398 15
150 1366 353 1410 parens,
392 1355 591 1400 iterum:
644 1355 826 1402 iterum
865 1353 990 1414 ideo,
1035 1355 1153 1415 quia
1191 1353 1311 1400 haec
1349 1353 1445 1399 fuit
1483 1353 1693 1400 secunda
1732 1358 1844 1415 post

158 1425 300 1472 illam
348 1442 467 1488 qua,
522 1443 633 1475 cum
679 1429 992 1489 sepeliretur,
1039 1428 1286 1475 salutatus
1334 1429 1420 1474 est.
1499 1427 1630 1487 quod
1678 1430 1843 1475 autem

160 1500 234 1546 ait
271 1503 439 1548 sancte
479 1503 529 1548 et
567 1518 667 1550 non
706 1502 832 1550 dixit
871 1518 995 1561 care,
1028 1505 1084 1548 ut
1123 1502 1174 1548 in
1215 1500 1425 1549 secundo
1461 1501 1587 1548 libro
1619 1502 1842 1548 memini-

158 1589 268 1621 mus
307 1577 527 1636 positum
559 1569 716 1642 (707)
750 1593 897 1640 „ergo
932 1592 1037 1638 age,
1069 1591 1180 1623 care
1213 1577 1367 1636 pater,
1401 1575 1579 1622 cervici
1610 1574 1843 1636 inponere

158 1647 401 1709 nostrae“,
448 1650 541 1698 hoe
578 1651 969 1714 intellegendum
1009 1652 1104 1710 est3
1157 1649 1263 1696 illic
1302 1650 1432 1695 enim
1472 1664 1581 1696 cum
1620 1648 1733 1696 vivo
1772 1649 1844 1698 1οτ

93 1735 135 1767 20
160 1722 404 1782 quebatur
451 1725 501 1771 et
547 1721 671 1772 cum'
705 1741 761 1772 eo
809 1741 838 1772 a
886 1741 983 1786 quo
1030 1723 1186 1772 nollet
1232 1723 1471 1783 separari,
1517 1722 1597 1769 hic
1637 1737 1746 1769 cum
1786 1738 1842 1770 eo

158 1795 381 1857 loquitur
419 1813 566 1859 quem
603 1799 843 1861 religione
882 1799 1038 1846 nimia
1074 1797 1236 1845 noluit
1272 1799 1522 1844 mortuum
1553 1795 1728 1854 dicere,
1759 1795 1844 1843 sed

158 1873 410 1932 receptum
449 1872 649 1920 volebat
685 1874 818 1920 inter
857 1873 984 1922 deos.
1047 1887 1163 1919 nam
1202 1874 1252 1918 et
1290 1870 1342 1917 in
1380 1870 1505 1917 libro
1537 1870 1701 1928 tertio,
1732 1884 1842 1916 cum

158 1942 302 1991 finem
351 1946 486 1994 vitae
534 1948 639 1995 eius
686 1947 820 2009 apud
858 1946 1106 1995 Didonem
1150 1946 1378 2004 referret,
1426 1944 1499 1990 ait
1539 1936 1695 2008 (710)
1735 1943 1843 2003 ,,1110

157 2033 250 2079 1110,
289 2022 432 2080 pater
471 2022 672 2082 optime,
710 2022 895 2070 fessum
933 2018 1168 2068 deseris“:
1207 2018 1326 2066 duxi
1363 2020 1427 2077 te,
1464 2018 1643 2078 inquit,
1675 2020 1725 2064 et
1763 2016 1841 2064 de·

32 2107 36 2112 ·
91 2104 134 2138 2⁶
159 2093 359 2140 seruisti
389 2110 480 2156 me,
511 2110 611 2142 11011
650 2095 776 2143 dixit
813 2097 1037 2143 mortuus
1077 2109 1140 2142 es.
1208 2094 1257 2140 01
1293 2094 1347 2140 111
1385 2093 1562 2154 quarto
1593 2090 1719 2138 libro
1752 2090 1843 2138 1100

156 2167 334 2224 10111111,
373 2183 486 2216 011111
523 2168 711 2217 diceret
749 2162 823 2235 (5,
851 2171 880 2217 7
886 2162 981 2234 22)
1021 2167 1158 2229 „visa
1197 2166 1374 2214 dehinc
1413 2164 1547 2213 caelo
1579 2163 1729 2211 facies
1761 2162 1840 2211 de-

157 2239 300 2302 lapsa
338 2242 560 2303 parentis
594 2242 882 2292 Anchisae“.
948 2243 1117 2291 sancte
1149 2256 1266 2303 ergo
1298 2254 1409 2288 cum
1440 2238 1534 2286 diis
1566 2238 1842 2298 conveniat,

157 2315 352 2375 patrem
398 2331 542 2364 suum
587 2317 873 2366 numinibus
923 2315 1100 2364 iunxit.
1184 2315 1277 2363 hoc
1322 2312 1442 2361 fecit
1485 2311 1557 2359 fili
1609 2311 1841 2372 religioso

277 2520 303 2558 6
335 2517 560 2561 carthesia
598 2518 664 2574 (01
694 2516 835 2573 infra)
866 2515 954 2559 LR
986 2528 1098 2559 corr.
1130 2529 1166 2557 r.
1217 2516 1223 2570 Ι
1278 2512 1441 2567 fundit
1468 2512 1596 2555 humi
1629 2510 1760 2554 deest
1790 2508 1838 2552 111

157 2573 258 2627 LR,
288 2575 372 2618 sed
404 2574 678 2632 explicatur.
830 2579 856 2620 9
894 2580 1040 2620 terrae
1077 2573 1329 2628 infundens
1364 2571 1523 2628 lapsus
1562 2571 1634 2614 est
1667 2568 1839 2612 Donati

156 2631 594 2690 interpretationem
622 2649 708 2692 pro
738 2633 961 2679 lemmate
991 2632 1246 2690 repetentis
1277 2633 1331 2674 ut
1361 2635 1403 2684 4,
1428 2634 1527 2674 668.
1642 2631 1696 2672 10
1728 2627 1840 2670 lacte

157 2691 245 2735 LR
276 2693 348 2738 lac
376 2708 400 2736 r
430 2693 502 2738 ed.
535 2695 694 2739 lactem
723 2707 822 2739 nos.
964 2697 1018 2736 12
1049 2692 1167 2747 facit
1195 2703 1279 2748 pro
1311 2690 1423 2734 iacit
1452 2688 1538 2732 LR.
1568 2700 1680 2755 corr.
1713 2699 1748 2729 r.

160 2755 217 2795 13
245 2751 355 2806 fecit
387 2758 429 2798 et
463 2753 594 2808 fudit
620 2753 708 2797 LR
745 2753 858 2797 iacit
894 2757 936 2796 et
972 2751 1134 2806 fundit
1168 2763 1253 2793 nos
1289 2749 1417 2803 fudit
1452 2752 1493 2791 et
1529 2747 1641 2791 iacet
1677 2744 1748 2812 effi.

160 2814 216 2854 15
246 2812 355 2867 post
383 2813 583 2857 secwnda
614 2812 908 2857 desideratur
936 2810 1170 2855 salutatio.
1293 2812 1346 2851 19
1377 2808 1460 2851 hoc
1489 2805 1574 2849 LR
1603 2805 1646 2849 h.
1669 2815 1735 2848 stc
1764 2801 1840 2870 ed,

248 2873 303 2913 21
337 2871 540 2928 loquitur
567 2873 787 2930 reliqt’o-ne
816 2870 903 2914 LR
933 2883 1062 2926 quem
1091 2867 1312 2924 interpos.
1335 2880 1362 2910 1·
1391 2865 1470 2933 011..
1531 2922 1541 2932 .
1575 2867 1632 2907 24
1662 2862 1838 2907 dumam

159 2932 200 2972 te
237 2928 326 2972 LR
362 2943 478 2974 corr.
509 2930 582 2975 ed.
763 2933 820 2974 25
858 2933 1021 2986 quarto
1051 2926 1138 2971 LR
1169 2925 1264 2980 ed.,
1304 2927 1354 2969 at
1391 2925 1544 2980 quinti
1585 2921 1715 2966 loeus
1751 2920 1836 2973 est.

159 2986 396 3034 aberravit
422 2988 540 3034 Don.
573 2989 636 3034 ad
666 2993 708 3045 4,
733 2993 833 3034 351.
956 2990 1013 3031 28
1041 2986 1115 3042 fili
1142 2984 1230 3029 LR
1257 2984 1384 3040 filius
1413 2981 1484 3027 ed.

1400 3054 1487 3100 28‘

1878 405 1930 441 75

1875 1286 1930 1325 80
