2014 3226
180 196 285 248 182
642 194 874 237 DONATI
903 193 1183 237 INTERPR.
1217 194 1394 238 VERG.

175 351 317 396 sopor
361 337 512 394 fessos
552 334 860 394 conplectitur
897 337 1060 381 artus:
1113 334 1418 395 necessitate,
1458 335 1638 395 inquit,
1678 334 1862 383 laboris

176 425 233 457 ac
272 410 507 470 temporis
547 409 800 455 silentium
839 408 1030 455 factum
1068 410 1144 455 est
1182 409 1403 456 omnium
1442 423 1706 469 omnesque
1751 408 1862 456 dor-

175 485 389 530 mierunt
428 483 539 542 fusi,
579 481 763 529 laboris
802 485 1008 543 propter
1045 483 1160 543 equi
1198 484 1428 540 tractum,
1467 483 1706 543 temporis
1746 498 1861 530 vero

175 573 271 619 quo
311 558 532 604 homines
570 558 750 603 natura
785 557 991 618 urgente
1024 558 1270 619 coguntur
1302 556 1353 602 in
1386 571 1623 602 somnum.
1687 559 1731 603 et
1759 557 1863 604 iam

85 636 169 675 255
189 628 377 689 Amica
406 630 635 687 phalanx
673 631 924 676 instructis
960 630 1168 677 navibus
1199 630 1302 677 ibat
1332 645 1363 676 a
1399 629 1610 676 Tenedo:
1648 629 1744 677 iter
1774 646 1863 691 per
1909 646 1928 678 5

173 707 356 750 terram
395 703 603 750 dicimus
643 702 763 764 fieri,
802 703 895 751 hoc
933 705 1102 750 tamen
1139 703 1248 751 loco
1279 703 1422 750 ibant
1451 704 1631 764 inquit,
1662 703 1756 751 hoc
1787 705 1863 752 est

172 777 378 824 navibus
420 777 722 836 ferebantur,
754 778 987 838 quoniam
1017 777 1233 824 insulam
1265 776 1456 824 dixerat
1488 777 1753 838 Tenedum,
1785 793 1862 838 ne,

171 853 212 899 si
252 851 454 898 navium
493 867 591 898 non
624 851 821 899 fecisset
851 850 1166 910 mentionem,
1197 852 1462 911 putaretur
1493 852 1735 899 inmemor
1767 852 1861 912 sui,

171 928 227 971 ut
266 927 450 972 terram
489 927 695 986 poneret
734 940 884 986 quam
923 924 1192 973 secundum
1227 924 1607 986 descriptionem
1641 926 1860 987 superio-

170 1014 273 1045 rem
327 998 517 1045 nullam
571 1013 675 1046 esse
731 999 1003 1048 constabat.
1092 1000 1265 1046 tacitae
1309 1013 1402 1057 per
1456 1000 1614 1046 amica
1667 1000 1861 1047 silentia
1887 1016 1929 1047 κο

170 1074 316 1119 lunae
361 1072 505 1119 litora
549 1076 665 1119 nota
702 1076 896 1131 petens:
949 1073 1096 1119 multi
1133 1073 1314 1120 vitium
1358 1075 1540 1134 putant
1587 1073 1860 1135 scribentis,

170 1148 228 1193 ut
267 1146 353 1207 qui
393 1146 518 1193 dixit
550 1148 629 1207 „et
667 1147 770 1194 ruit
801 1144 997 1195 Oceano
1037 1163 1133 1194 nox
1171 1146 1428 1194 involvens
1471 1146 1647 1194 umbra
1679 1163 1861 1209 magna

169 1223 450 1281 terramque
504 1221 772 1282 polumque
818 1220 1285 1282 Myrmidonumque
1332 1219 1500 1268 dolos“
1547 1221 1627 1268 hic
1678 1221 1863 1268 diceret

168 1294 351 1342 tacitae
397 1309 487 1355 per
532 1294 691 1342 amica
738 1294 937 1342 silentia
983 1295 1144 1342 lunae.
1221 1295 1414 1341 nullum
1452 1296 1506 1342 in
1544 1295 1635 1342 hoc
1681 1294 1862 1342 vitium

170 1370 265 1427 est,
320 1369 363 1416 si
418 1368 616 1428 quidem
670 1368 938 1416 nonnullae
992 1370 1160 1416 noctes
1214 1368 1399 1416 habent
1452 1370 1638 1430 primas
1701 1370 1860 1430 partis
1887 1383 1928 1416 15

168 1442 470 1502 tenebrosas,
534 1443 784 1503 sequentis
839 1458 956 1489 vero
1011 1443 1132 1489 luna
1187 1443 1563 1504 superveniente
1619 1442 1859 1491 inlustris.

168 1516 269 1563 tale
316 1531 432 1579 ergo
479 1516 638 1564 noctis
684 1518 879 1578 tempus
927 1517 1179 1579 elegerant
1227 1515 1403 1564 Graeci
1451 1516 1580 1577 quod
1631 1516 1859 1564 tenebras

169 1589 372 1637 haberet
426 1592 694 1651 oportunas
751 1589 1038 1651 conplendis
1091 1589 1286 1637 insidiis
1339 1593 1388 1637 et
1434 1591 1595 1638 somni
1642 1591 1861 1652 quietem

170 1663 310 1711 daret
350 1666 398 1712 et
437 1664 613 1712 dehinc
653 1664 844 1726 aliquid
882 1664 1084 1712 luminis
1132 1680 1189 1711 ex
1234 1664 1389 1711 radiis
1435 1664 1605 1724 lunae,
1651 1666 1709 1712 ut
1755 1664 1859 1712 sine
1963 1724 1966 1726 q

169 1738 387 1798 periculo
442 1738 521 1785 vel
576 1754 739 1786 errore
793 1738 1020 1786 venirent
1076 1754 1103 1785 a
1151 1738 1348 1786 Tenedo
1404 1738 1466 1786 ad
1513 1739 1731 1787 civitatis
1779 1754 1859 1785 ex·
1883 1753 1928 1785 20

170 1810 369 1858 cidium.
446 1812 598 1859 litora
639 1814 759 1860 nota
795 1814 992 1873 petens,
1039 1815 1096 1860 ut
1135 1812 1231 1860 duo
1270 1812 1581 1861 venientibus
1620 1812 1859 1876 suffraga-
1960 1805 1978 1862 3

167 1887 352 1946 rentur,
391 1885 509 1932 luna
542 1888 592 1933 et
620 1886 826 1934 litorum
856 1887 1052 1934 notitia.
1114 1888 1343 1944 stammas
1374 1902 1484 1934 cum
1512 1887 1650 1946 reyia
1669 1888 1860 1946 puppis
1960 1878 1976 1891 ²

170 1960 421 2014 extulerat,
470 1961 610 2021 quia,
655 1961 899 2008 venientis
940 1959 1094 2008 Sinon
1134 1961 1177 2007 si
1215 1960 1382 2008 videre
1421 1959 1682 2022 nequibat,
1721 1959 1859 2008 flam-

170 2047 385 2079 marum·
415 2033 599 2080 lumine
654 2034 923 2082 adventum
975 2049 1179 2082 suorum
1223 2035 1424 2096 poterat
1470 2049 1682 2082 noscere.
1760 2049 1858 2096 quo
1936 2063 1947 2075 ·

170 2108 367 2168 cognito
414 2107 544 2154 idem
586 2106 763 2168 Sinon,
808 2109 1018 2167 fatisque
1064 2109 1208 2156 deum
1246 2109 1473 2167 defensas
1513 2109 1716 2167 iniquis,
1764 2107 1858 2155 hoc
1881 2122 1926 2155 2⁵
1956 2110 1975 2170 „3-

170 2183 245 2227 est
297 2181 552 2227 voluntate
609 2181 812 2229 deorum
867 2182 930 2229 ad
977 2182 1306 2230 Troianorum
1360 2181 1567 2230 adversa
1617 2183 1857 2242 servatus,
1959 2178 1975 2219 ⁴-

170 2254 258 2314 qui
318 2254 450 2302 solus
512 2255 816 2319 pervigilans
878 2257 952 2303 est
1011 2257 1217 2318 propter
1275 2255 1574 2318 conplendas
1637 2254 1858 2316 insidias,
1955 2258 1959 2260 “

169 2325 408 2386 [inclusos
431 2330 564 2375 utero
590 2330 796 2377 Danaos
822 2332 864 2376 et
879 2331 1034 2390 pinea
1057 2328 1260 2391 furttm]
1291 2331 1428 2378 laxat
1449 2330 1665 2377 claustra
1688 2329 1858 2377 Sinon.

288 2473 314 2511 3
347 2469 517 2513 laboris
547 2469 634 2511 LR
666 2470 816 2514 labore
846 2485 870 2512 r
902 2470 972 2514 ed.
1006 2469 1142 2528 (falso
1177 2485 1283 2514 cum
1312 2471 1413 2524 fusi
1442 2469 1810 2526 coniungentes).
1848 2469 1852 2527 Ι

169 2528 381 2582 temporis
402 2541 504 2572 vero
530 2528 616 2571 LR
645 2530 756 2584 (non
779 2531 893 2572 mut.
917 2530 958 2587 r)
989 2534 1197 2586 concepto
1221 2534 1414 2584 tempore
1436 2543 1476 2573 v.
1501 2528 1573 2572 ed.
1668 2532 1694 2571 6
1727 2529 1860 2572 ibant

170 2586 256 2629 LR
287 2586 381 2630 ed.:
425 2589 508 2630 aut
538 2588 733 2631 navibus
765 2587 992 2632 excidisse
1025 2590 1107 2632 aut
1137 2589 1219 2633 hoc
1248 2594 1313 2634 est
1341 2589 1450 2645 post
1479 2586 1676 2631 navibus
1705 2588 1856 2631 trans-

171 2645 436 2702 ponendum
468 2658 568 2689 esse
598 2647 727 2702 puto.
859 2651 882 2689 7
921 2648 1131 2692 Tenedon
1162 2648 1233 2691 ed.
1369 2651 1424 2691 10
1455 2647 1634 2690 nullam
1664 2645 1752 2689 LR
1783 2645 1855 2690 ed.

171 2705 401 2749 insulam?
546 2709 601 2748 15
632 2705 829 2749 habeant
858 2705 945 2749 LR
974 2707 1139 2751 habent
1167 2722 1193 2750 ι·
1223 2706 1294 2751 ed.
1433 2710 1489 2750 18
1521 2710 1563 2750 et
1591 2706 1740 2750 somni
1769 2704 1858 2748 LR

169 2768 213 2806 et
241 2764 374 2819 qnod.
405 2777 440 2807 s.
473 2763 546 2806 ed.
668 2769 723 2807 21
755 2765 1065 2822 suffrayarent
1093 2765 1147 2808 R.
1271 2769 1327 2808 23
1358 2765 1400 2809 si
1429 2766 1659 2821 transpos.
1693 2763 1765 2808 ed.

169 2826 226 2865 27
274 2827 315 2866 et
356 2827 541 2878 propter
586 2822 673 2865 LR
719 2835 890 2878 quaere
937 2824 1134 2868 adnotat
1178 2839 1201 2867 r
1247 2829 1288 2869 et
1305 2850 1360 2856 -
1377 2823 1577 2868 insidias
1622 2824 1731 2866 ante
1777 2823 1859 2878 qui

170 2880 506 2938 transpositum
544 2880 618 2925 vel
655 2885 699 2925 et
727 2886 917 2938 propter
954 2884 1157 2928 timorem
1196 2883 1412 2926 additum
1449 2881 1550 2925 vult
1586 2881 1628 2924 r'
1670 2887 1736 2926 est
1770 2894 1856 2938 pro

168 2943 239 3042 eth
250 2953 363 2983 corr.
397 2940 507 2984 edF.
667 2944 722 2984 28
762 2941 960 2986 inclusos
978 2968 1032 2974 -—
1049 2943 1213 2998 furtim
1251 2941 1385 2986 deest
1421 2941 1471 2984 in
1509 2940 1616 2995 LR,
1657 2940 1741 2984 sed
1779 2953 1856 2999 ex:

170 3013 201 3054 p
225 2997 387 3043 'catut
1020 3032 1023 3034 .
1360 3032 1362 3035 .
1757 3027 1762 3032 -
1853 3019 1857 3022 <
