2014 3226
33 3120 60 3226 &4⁹⁷4
35 3066 51 3077 ι’
47 2982 51 2983 ,

803 164 1106 209 AENEmos
1138 165 1158 207 1
1726 170 1827 220 125

136 310 196 361 et.
224 306 512 355 divitiarum
551 305 751 368 reginae
792 305 1133 353 consideratur
1173 309 1222 354 et
1252 307 1487 354 meritum
1520 308 1828 371 singulorum

139 381 222 444 qui
255 378 666 428 communicaturi
698 380 982 426 convivium
1013 379 1225 427 fuerant.
1289 381 1471 442 omnia,
1503 382 1682 442 inquit,
1716 397 1826 430 con-

136 455 271 503 vivia
310 455 435 501 miro
468 452 727 515 splendore
758 453 1080 514 parabantur,
1114 454 1199 502 sed
1230 454 1328 502 fuit
1357 455 1411 503 in
1441 456 1550 517 ipso
1583 460 1830 517 apparatu

137 529 399 576 diversitas
438 529 642 589 propter
675 526 966 574 distantiam
999 543 1334 589 personarum.
1398 529 1645 591 parabant
1676 531 1832 594 igitur

95 621 113 654 5
138 603 367 651 convivia
399 605 503 649 arte
534 602 783 649 laboratae
812 602 957 648 vestis
988 605 1207 661 ostroque
1237 604 1455 662 superbo.
1508 603 1637 651 hunc
1668 604 1832 651 locum

139 693 196 725 ex
244 675 477 724 subiectis
525 690 845 737 exponemus,
899 678 956 722 ut
1011 679 1252 737 appareat
1306 692 1392 724 cur
1438 680 1572 725 ostro
1621 677 1831 740 superbo

140 751 240 799 alia
270 751 450 812 parata
482 750 596 810 sint,
631 750 733 797 alia
763 764 881 797 vero
914 752 1021 796 arte
1053 750 1310 798 laboratae
1342 753 1506 800 vestis.
1555 767 1670 800 cum
1702 753 1833 799 enim

140 825 299 872 omnis
325 823 659 871 accumbentis
685 822 997 883 describeret,
1023 825 1096 871 ait
1121 817 1278 890 (697)
1305 841 1446 885 „cum
1469 827 1621 887 venit,
1644 827 1835 874 aulaeis

140 900 242 946 iam
273 912 323 945 se
354 899 527 961 regina
560 898 786 959 superbis
820 913 971 945 aurea
1003 900 1268 960 conposuit
1301 899 1490 961 sponda
1522 900 1835 961 mediamque

75 991 117 1023 ιο
140 971 347 1020 locavit:
400 973 504 1019 iam
549 974 694 1033 pater
731 971 926 1019 Aeneas
966 974 1016 1019 et
1053 972 1157 1020 iam
1196 973 1414 1021 Troiana
1451 975 1683 1022 iuventus
1724 990 1837 1022 con-

140 1046 347 1095 veniunt
385 1047 643 1107 stratoque
683 1060 832 1108 super
870 1045 1197 1094 discumbitur
1236 1046 1415 1095 ostr0“.
1479 1063 1587 1096 ecce
1621 1048 1838 1096 ostendit

142 1119 274 1182 quod
314 1120 442 1167 dixit
480 1122 714 1181 ostroque
754 1119 981 1182 superbo.
1053 1121 1176 1168 item
1215 1121 1342 1169 dixit
1382 1114 1540 1188 (707)
1582 1138 1701 1183 „nec
1740 1138 1839 1169 non

142 1198 192 1243 et
231 1194 373 1256 Tyrii
410 1210 500 1256 per
537 1194 714 1242 limina
753 1194 889 1242 laeta
926 1195 1210 1256 frequentes
1251 1210 1520 1244 convenere
1559 1198 1682 1246 toris
1718 1197 1841 1244 iussi

50 1290 58 1294 -
143 1268 447 1317 discumbere
493 1266 690 1330 pictis“,
736 1271 793 1316 ut
837 1268 1159 1331 responderet
1203 1270 1281 1317 illi
1331 1272 1467 1332 parti
1522 1287 1621 1332 qua
1674 1271 1841 1332 posuit

78 1360 119 1394 15
145 1346 250 1391 arte
275 1343 533 1391 laboratae
556 1343 723 1390 vestis.
778 1342 1049 1403 honestius,
1074 1345 1134 1390 ut
1163 1342 1237 1405 fit,
1266 1344 1426 1392 habiti
1458 1348 1575 1392 sunt
1605 1346 1841 1407 hospites,

143 1419 201 1464 ut
246 1416 421 1465 iisdem
469 1417 639 1464 stratis
688 1416 868 1478 quibus
917 1419 966 1465 et
1018 1418 1194 1480 regina
1247 1420 1527 1480 uterentur,
1582 1419 1671 1466 alii
1724 1434 1841 1467 vero

143 1492 267 1539 toris
307 1490 478 1553 pictiS,
517 1491 610 1538 hoc
651 1493 726 1539 est
765 1491 919 1552 Tyrii.
995 1492 1166 1552 inqens
1206 1496 1460 1552 amentum
1497 1494 1700 1542 mensis:
1754 1492 1827 1541 id·
1847 1497 1932 1536 640

145 1566 274 1614 circo
316 1564 498 1613 adiecit
536 1566 735 1625 mensiS,
775 1567 833 1612 ut
872 1565 1152 1614 ostenderet
1191 1568 1433 1615 escarium
1474 1569 1750 1631 argentum,
1782 1583 1843 1614 ne

145 1641 408 1702 putaretur
445 1640 499 1687 in
537 1638 600 1687 iis
641 1639 895 1702 speciebus
937 1655 1040 1688 esse
1081 1656 1208 1702 quae
1247 1641 1395 1705 longe
1434 1644 1597 1690 essent
1643 1641 1705 1689 ab
1753 1655 1846 1689 usu

82 1730 124 1763 20
147 1729 441 1762 mensarum.
519 1714 798 1774 caelataque
834 1714 889 1761 in
927 1729 1051 1762 auro
1089 1715 1240 1775 fortia
1277 1716 1412 1774 facta
1440 1719 1660 1775 patrwm,
1700 1716 1847 1764 series

147 1787 432 1848 lamissima
478 1802 645 1836 rerum
682 1803 778 1848 per
824 1790 891 1836 tot
935 1789 1081 1836 dueta
1118 1790 1251 1837 viros
1290 1791 1521 1848 antiquae
1560 1791 1622 1838 ab
1662 1791 1848 1850 oriyine

145 1862 324 1923 yemis:
376 1861 458 1910 hic
496 1862 760 1924 multiplex
800 1862 996 1926 argenti
1035 1862 1284 1925 laudati03
1338 1880 1456 1912 nam
1494 1864 1594 1912 fuit
1630 1864 1848 1928 ingentis

149 1936 339 1985 formae
392 1935 694 1998 perindeque
749 1938 921 2000 magni
972 1936 1228 1998 ponderis,
1281 1939 1577 2002 insignitum
1631 1954 1752 1986 auro
1800 1940 1850 1986 et

151 2008 323 2059 decore
363 2009 599 2071 mirabili,
637 2026 789 2058 manu
828 2026 945 2059 vero
987 2010 1192 2060 artificis
1233 2014 1482 2074 ornatum,
1522 2015 1579 2060 ut
1619 2027 1698 2061 ars
1738 2027 1851 2060 cum

87 2098 129 2132 25
153 2083 336 2147 speciei
380 2085 542 2146 pretio
591 2086 780 2132 certare
826 2085 1101 2146 videretur,
1149 2087 1347 2148 pictura
1386 2088 1554 2134 autem
1594 2085 1849 2149 speciebus

74 2225 76 2227 q
153 2158 275 2220 ipsis
316 2157 509 2206 adiecta
549 2161 689 2222 gesta
727 2158 974 2207 maiorum
1013 2159 1222 2208 Didonis
1263 2163 1312 2207 et
1351 2162 1594 2224 originem
1630 2161 1851 2210 contine-

154 2231 264 2293 bat,
319 2248 529 2294 quorum
584 2233 1003 2295 contemplatione
1057 2235 1239 2282 meruit
1289 2235 1582 2299 longissimo
1628 2237 1851 2297 tempore

156 2307 415 2366 reservari,
446 2306 849 2369 supplementum
879 2306 1042 2356 laudis
1082 2310 1133 2356 et
1170 2310 1445 2371 specierum
1483 2312 1534 2357 et
1570 2309 1729 2371 ipsius
1767 2307 1851 2356 do-

158 2379 320 2428 minae
372 2395 464 2443 per
514 2383 594 2428 tot
646 2380 796 2429 ducta
848 2381 981 2430 viros
1033 2383 1269 2444 antiquae
1317 2382 1378 2431 ab
1431 2384 1623 2447 origine
1670 2383 1854 2446 gentis:

93 2469 138 2502 ³0
161 2454 340 2519 dignae
379 2454 565 2517 species
606 2470 735 2516 quae
775 2455 1133 2518 antiquitatem
1173 2471 1229 2504 ac
1267 2457 1561 2505 felicitatem
1608 2458 1855 2505 maiorum

160 2527 371 2577 Didonis
409 2529 618 2591 picturis
659 2528 1043 2578 evidentissimis
1081 2533 1399 2579 testarentur.

283 2689 308 2727 2
341 2686 562 2730 conviviis
592 2684 664 2728 ed.
837 2689 864 2728 5
894 2687 1029 2730 vestis
1059 2685 1146 2729 LR
1178 2688 1227 2730 et
1256 2685 1381 2730 infra
1411 2686 1494 2730 ubi
1526 2681 1582 2730 ex
1613 2685 1857 2730 verborum

167 2744 402 2788 structura
434 2745 634 2801 apparet
655 2743 893 2788 Donatum
923 2757 1084 2789 revera
1116 2744 1182 2789 sic
1214 2744 1400 2803 legisse.
1494 2749 1549 2788 13
1579 2746 1735 2790 iussu-i
1757 2744 1855 2787 LR.

258 2806 313 2846 15
344 2804 478 2848 vestis
507 2802 594 2846 LR
631 2815 718 2847 nec
756 2802 1087 2860 interpretatio
1127 2803 1271 2848 aliam
1309 2804 1560 2849 lectionem
1597 2803 1780 2860 patitur
1811 2805 1859 2847 et

168 2861 470 2906 confirmatur
498 2877 539 2905 v.
566 2865 673 2906 708:
704 2866 845 2907 vestes
875 2863 946 2907 ed.
979 2863 1168 2920 ubique.
1197 2866 1204 2920 Ι
1229 2863 1430 2909 habendi
1458 2863 1530 2908 ed.
1623 2866 1680 2906 20
1711 2864 1857 2907 caela-

167 2924 302 2976 taque
331 2920 418 2964 LR
449 2921 719 2978 collectaque
749 2921 820 2965 ed.
937 2926 993 2966 28
1023 2923 1384 2980 supplementum
1415 2921 1570 2967 laudis
1600 2921 1657 2966 cf.
1690 2936 1730 2966 v.
1759 2925 1858 2975 730,

170 2991 314 3034 quare
345 2979 566 3041 similiter,
593 2979 788 3024 distinxi
819 2981 1077 3037 sequentia,
1109 2982 1173 3026 acl
1202 2982 1351 3039 suppl.
1383 2995 1418 3025 r.
