2014 3226
780 189 1089 233 AENEIDOS
1117 189 1157 232 V
1718 189 1825 239 477

134 336 262 382 riam
309 332 580 395 deprimere
629 330 798 378 debuit
844 332 1048 391 propter
1088 330 1235 376 amici
1273 328 1606 376 miserabilem
1647 343 1828 375 casum.

134 409 346 467 dixitque
393 411 435 454 et
471 406 663 466 proelia
712 418 820 451 voce
860 405 1074 451 diremit:
1129 405 1370 464 quantum
1410 404 1575 464 potuit
1613 402 1829 449 iubentis

136 482 422 542 auctoritas,
454 481 561 527 sola
600 478 902 539 diremptum
943 480 1016 524 est
1055 491 1173 524 voce
1215 477 1345 538 quod
1384 492 1565 539 magno
1605 476 1830 523 incendio

135 557 395 602 irascentis
444 556 493 601 et
540 555 704 600 furore
743 551 1108 599 flammaverat!
1187 555 1263 598 ast
1300 551 1440 598 illum
1478 551 1568 609 fidi
1608 551 1832 610 aequales

91 645 112 678 5
133 644 296 690 yenua
327 643 476 688 aeyra
508 628 771 675 trahentem
803 627 1152 684 iactantemque
1183 628 1383 684 utroque
1414 628 1561 684 eaput
1591 639 1830 672 erassum-

137 717 227 763 que
266 717 485 750 eruorem
524 716 604 748 ore
642 702 944 748 reiectantem
982 701 1247 758 mixtosque
1289 701 1339 746 in
1376 701 1617 758 sanquine
1655 699 1818 746 dentes
1835 702 1921 742 470

137 778 321 825 ducunt
359 777 424 824 ad
462 778 607 823 navis
642 776 926 835 galeamque
966 787 1216 831 ensemque
1247 775 1403 821 vocati
1435 773 1693 832 accipiunt,
1718 772 1831 832 pal-

137 866 269 898 mam
323 851 516 898 Entello
579 852 868 907 taurumque
929 847 1231 906 relinquunt:
1294 862 1404 894 011111
1465 847 1586 895 haee
1640 847 1833 894 Aeneas

139 925 365 985 dixisset,
422 940 533 972 011111
578 923 956 983 interposuisset
1002 922 1272 968 terminum
1320 937 1540 983 pugnae,
1590 921 1835 968 duxerunt

73 1016 115 1049 10
139 999 252 1046 inde
301 998 447 1046 amici
494 998 570 1044 sui
616 997 783 1043 Daren
832 995 1107 1054 adflictum,
1163 995 1442 1042 trahentem
1496 1011 1658 1058 genua
1708 997 1834 1042 tam-

141 1089 291 1134 quam
336 1072 507 1119 morbo
557 1087 727 1133 aegra,
783 1086 911 1130 quae
958 1070 1109 1130 paulo
1160 1072 1273 1116 ante
1321 1070 1473 1116 fortia
1520 1070 1738 1129 fuerant,
1787 1071 1836 1116 et

140 1147 343 1194 deiectis
383 1161 512 1192 1111110
550 1146 679 1192 hane
717 1159 847 1190 1111110
886 1145 935 1190 111
979 1144 1132 1190 aliam
1163 1145 1358 1204 partem
1392 1143 1679 1203 cervicibus,
1713 1158 1835 1203 quas

139 1222 192 1268 in
233 1221 421 1268 eaelum
463 1218 694 1281 superbia
734 1218 925 1265 ferebat
967 1219 1016 1264 et
1056 1218 1210 1276 fastu,
1256 1233 1572 1278 crassumque
1614 1233 1836 1264 eruorem

141 1310 252 1343 cum
292 1293 520 1341 dentibus
561 1293 732 1340 fractis
774 1308 831 1339 ex
871 1307 953 1340 ore
993 1291 1294 1339 fundentem.
1365 1291 1426 1339 ad
1467 1293 1609 1338 navis
1651 1291 1838 1338 ducunt

77 1386 117 1419 15
142 1368 284 1428 dixit,
323 1371 378 1415 ut
418 1368 538 1415 ferri
576 1368 743 1429 potius
785 1382 843 1413 ex
881 1368 1024 1427 parte
1061 1368 1110 1413 et
1141 1365 1276 1413 trahi
1308 1382 1366 1412 ex
1397 1368 1538 1426 parte
1571 1365 1836 1412 videretur.

142 1443 308 1490 vocati
354 1458 471 1490 vero
519 1442 813 1503 aeceperunt
858 1441 1135 1501 praemium
1174 1439 1370 1499 Dareti,
1418 1441 1654 1501 quoniam
1700 1439 1837 1486 ultro

142 1517 266 1564 victi
310 1516 523 1565 hominis
572 1517 752 1563 sortem
800 1514 979 1575 puduit
1026 1513 1291 1575 postulare.
1370 1514 1591 1575 palmam
1638 1513 1838 1561 Entello

25 1590 34 1647 ‘J
143 1593 439 1652 taurumque
479 1589 788 1651 relinquunt:
840 1589 1060 1650 palmam
1098 1589 1290 1635 interea
1331 1590 1380 1635 et
1418 1590 1621 1635 taurum
1659 1587 1840 1635 victori

25 1646 37 1706 ’1
145 1665 343 1712 Entello
390 1664 712 1725 reliquerunt.
791 1665 979 1723 quanto
1027 1662 1160 1709 istud
1204 1678 1318 1709 011111
1358 1662 1526 1709 dolore
1566 1663 1840 1709 amicorum

25 1749 41 1782 ’ὲ
77 1756 121 1788 20
145 1738 343 1786 Daretis
382 1738 568 1785 factum
609 1738 702 1786 est!
766 1737 942 1784 ducere
980 1736 1230 1784 hominem
1261 1737 1463 1796 vietum,
1496 1735 1707 1783 debilem
1738 1738 1839 1783 tra-

30 1811 33 1814 ’
143 1813 281 1873 here,
322 1812 542 1873 accipere
582 1811 909 1859 ludibriosum
948 1811 1153 1871 donum,
1193 1810 1428 1874 gloriam,
1469 1810 1690 1872 palmam
1730 1825 1840 1857 eum

145 1889 289 1934 tauro
329 1886 609 1948 relinquere
650 1885 918 1933 commodis
959 1886 1010 1932 et
1040 1885 1206 1933 titulis
1238 1884 1444 1944 inimici,
1475 1885 1618 1931 illam
1649 1884 1841 1932 scilicet

144 1961 364 2022 palmam
411 1976 562 2022 quam
607 1959 820 2020 putabat
869 1974 919 2006 se
968 1958 1263 2022 adepturum
1303 1958 1477 2019 Dares,
1521 1974 1636 2005 011111
1674 1958 1840 2005 nullus

28 2079 37 2101 =·
147 2037 362 2083 certator
400 2034 652 2094 existeret,
701 2035 751 2081 et
789 2035 1011 2094 taurum,
1052 2049 1199 2095 quem
1239 2049 1391 2081 0011111
1429 2034 1681 2093 tenuerat,
1729 2047 1842 2079 cum

28 2101 40 2178 f
81 2125 122 2157 25
148 2125 198 2157 se
237 2110 463 2170 putasset
500 2107 764 2155 invictum!
825 2108 902 2155 hie
938 2109 1089 2156 vietor
1125 2121 1368 2166 superans
1398 2107 1578 2155 animis
1610 2109 1844 2166 tauroque

28 2182 39 2195 ’
146 2183 404 2242 superbus,
460 2181 688 2229 Entellus
735 2181 896 2245 gloria
943 2182 1142 2229 evectus
1190 2184 1240 2228 et
1285 2182 1528 2242 praemiO,
1583 2184 1698 2228 nate
1749 2180 1840 2229 dea

29 2314 39 2333 v
147 2271 322 2315 vosque
359 2257 488 2311 haee,
520 2258 692 2316 inquit,
726 2255 1001 2315 eoynoseite,
1035 2255 1224 2310 Teucri,
1258 2259 1302 2303 et
1337 2256 1458 2303 mihi
1489 2269 1613 2315 quae
1643 2255 1830 2314 fuerint
1844 2259 1900 2299 47
1906 2260 1931 2300 5

28 2333 38 2375 ,²-
72 2339 74 2342 ’
147 2329 364 2378 iuvenali
401 2331 455 2378 in
495 2344 690 2390 corpore
728 2331 856 2378 vires
897 2333 939 2377 et
968 2344 1067 2389 qua
1096 2331 1294 2378 servetis
1324 2332 1598 2376 revocatum
1631 2344 1664 2377 a
1693 2331 1844 2376 morte

28 2364 41 2437 1
149 2405 364 2452 Dareta:
417 2406 467 2452 et
504 2406 583 2464 tu,
622 2403 809 2466 inquit,
848 2403 1041 2464 Aenea,
1085 2406 1134 2451 et
1173 2419 1282 2464 vos⁷
1323 2403 1548 2464 Troiani,
1595 2418 1655 2468 ex
1702 2418 1845 2464 prae-

83 2495 127 2528 30
152 2479 279 2527 senti
333 2479 488 2538 facto,
544 2477 674 2539 quod
728 2493 841 2525 mox
895 2478 1167 2539 proferam,
1228 2478 1507 2541 intellegite
1569 2476 1730 2538 qualis
1791 2477 1845 2523 in

271 2653 296 2692 6
328 2647 716 2693 reiectantemLR
731 2647 803 2691 ed.
830 2646 886 2691 cf.
907 2647 977 2691 ed..
996 2646 1135 2691 Ribb.
1229 2651 1255 2692 8
1279 2648 1475 2692 relieunt
1496 2647 1544 2690 L.
1640 2650 1694 2689 12
1726 2647 1848 2690 hunc

154 2707 194 2751 R
223 2708 310 2752 hue
340 2707 376 2750 L
415 2708 535 2752 hane
564 2707 670 2760 nos3
716 2709 891 2751 temere
921 2708 1037 2750 mut.
1070 2707 1141 2750 ed.
1267 2711 1321 2750 13
1353 2707 1528 2751 eaelum
1557 2705 1644 2749 LR
1673 2706 1847 2750 eaelum

151 2772 290 2811 antea
321 2766 427 2825 ed.1
460 2767 613 2822 fastus
644 2766 715 2810 ed.
818 2770 872 2810 16
904 2765 1095 2810 Daretis
1117 2765 1172 2809 R.
1275 2771 1330 2810 19
1363 2765 1549 2810 Entello
1581 2765 1849 2820 relinquunt

152 2825 196 2868 R
226 2839 339 2869 corr.
364 2839 399 2868 1.
533 2830 587 2869 21
620 2826 814 2895 yloriam
839 2825 1047 2881 palma-m
1079 2825 1114 2868 L
1144 2826 1318 2883 ylom'ae
1339 2825 1548 2882 palmam
1579 2823 1622 2867 R
1651 2824 1848 2881 yloriam

150 2885 332 2941 palmae
363 2884 436 2928 ed.
557 2889 614 2928 25
650 2885 822 2929 animis
858 2884 1121 2928 atramento
1161 2884 1529 2941 superscriptum
1558 2882 1609 2926 in
1641 2882 1676 2925 L
1716 2895 1846 2938 supe-

153 2958 267 2988 rans
304 2945 474 2988 animis
515 2958 603 2988 om.
636 2943 691 2988 R.
852 2947 908 2986 26
945 2943 1097 3001 yloria
1134 2945 1303 2988 evictus
1341 2943 1376 2986 L
1415 2943 1589 3000 yloriae
1626 2942 1770 2987 victor
1807 2941 1849 2984 R

155 3003 304 3061 yloria
334 3008 505 3048 evectus
536 3003 629 3047 ed..
731 3006 786 3046 28
818 3002 1013 3047 iuvenili
1042 3002 1114 3047 ed.
