2014 3226
171 169 281 220 412
641 167 873 211 DONATI
903 167 1182 210 INTERPR.
1217 166 1393 210 VERG.

174 304 284 355 cum
331 309 407 355 his
457 324 583 369 quae
631 307 890 354 mandavit
937 303 986 353 et
1033 307 1279 367 quomodo
1334 306 1604 353 mandavit.
1691 305 1869 367 incipit

173 382 332 430 dicere
379 382 729 429 mandatorum
777 396 971 440 causas,
1026 397 1085 427 ne
1140 396 1238 441 qua
1287 381 1501 441 suspicio
1551 379 1879 442 cogitationis

174 459 420 503 extremae
460 451 667 501 nutricis
709 449 927 501 animum
968 458 1310 502 commoveret.
1372 468 1516 501 saera
1546 455 1658 500 Iovi
1687 453 1867 514 Styyio,

174 545 296 589 quae
335 531 423 577 rite
461 531 650 588 incepta
681 530 882 588 paravi,
914 530 1149 587 perficere
1189 531 1257 575 est
1294 530 1513 574 animus:
1565 529 1754 587 omnia,
1793 529 1866 573 in-

176 606 298 664 quit,
338 603 458 649 haec
497 602 679 649 ideirco
719 603 918 663 praesto
961 618 1062 650 esse
1105 598 1341 661 desidero,
1377 604 1434 648 ut
1466 602 1574 648 Diti
1613 603 1747 662 patri
1787 601 1867 647 de·
1914 617 1934 650 5

175 678 359 725 stinata
400 692 540 723 sacra
579 676 874 737 persolvam.
954 675 1128 722 deinde
1170 675 1425 738 subiungit
1465 691 1589 737 quae
1628 676 1757 722 ratio
1803 675 1869 721 sit

175 750 413 798 eiusmodi
466 765 606 797 sacra
657 749 903 797 solvendi:
965 752 1202 808 finemque
1250 751 1479 808 inpone-re
1525 750 1680 796 euris:
1742 749 1870 807 volo,

174 825 352 885 inquit,
391 824 685 884 interposito
726 838 979 870 sacrorum
1017 825 1118 870 ritu
1159 823 1234 870 his
1275 822 1422 869 finem
1462 823 1698 884 inponere
1744 838 1870 883 quae
1991 873 1993 878 ¹

175 899 397 945 cruciant
436 899 657 944 animum
696 913 873 944 meum.
938 913 1121 960 magna
1161 898 1322 959 caligo
1360 896 1643 944 verborum:
1684 897 1873 943 fatetur
1990 884 1995 963 ἰ

175 972 293 1033 quid
343 971 573 1032 disponat
619 986 709 1018 nec
755 974 924 1018 tamen
967 972 1195 1034 intellegi
1232 972 1411 1032 potuit.
1488 970 1700 1031 putabat
1741 971 1871 1016 enim
1896 987 1939 1018 ιο

174 1047 341 1092 nutrix
394 1046 487 1092 hoc
542 1060 719 1107 genere
774 1047 1128 1106 proventurum
1175 1044 1469 1105 remedium,
1526 1046 1582 1090 ut
1631 1044 1872 1091 incolumi

173 1119 366 1166 Didone
414 1119 634 1167 universi
681 1121 1052 1166 removerentur
1098 1134 1330 1182 angores,
1384 1120 1550 1165 nescia
1603 1118 1735 1179 quod
1782 1117 1872 1164 illa
1989 1143 1994 1239 5

1990 1323 1993 1374 l

1990 1418 1993 1445 1

173 1194 318 1240 malis
374 1194 475 1240 suis
531 1193 704 1240 mortis
759 1193 975 1240 remedio
1031 1194 1208 1240 fuisset
1254 1193 1521 1239 terminum
1569 1193 1870 1253 quaesitura.

87 1271 172 1310 640
190 1267 536 1326 Dardaniique
573 1281 745 1326 royum
784 1269 956 1326 eapitis
989 1269 1264 1326 permittere
1302 1269 1551 1325 flammae,
1599 1268 1659 1313 ut
1701 1266 1754 1312 in
1794 1281 1871 1312 oc-

176 1341 370 1388 casione
410 1341 548 1388 velut
589 1341 942 1388 sacrificiorum
979 1341 1198 1388 aboleret
1231 1342 1382 1387 etiam
1413 1340 1551 1387 illius
1583 1339 1872 1387 memoriam
1897 1356 1940 1388 15
1991 1378 1993 1407 5

177 1431 324 1476 quem
361 1415 537 1462 habuit
575 1414 845 1461 inimicum.
923 1414 1119 1476 paravi,
1168 1415 1299 1475 quod
1339 1414 1489 1462 semel
1537 1414 1726 1476 posuit,
1773 1429 1872 1460 non
1991 1410 1993 1416 ¹

177 1489 327 1536 semel
375 1489 719 1550 accipiendum
768 1491 863 1548 est,
910 1490 970 1536 ut
1017 1489 1081 1535 sit
1121 1504 1260 1536 sacra
1299 1489 1475 1550 paravi
1514 1487 1758 1549 finemque
1799 1487 1872 1533 in-

175 1578 357 1624 ponere
400 1564 529 1610 curis
568 1564 749 1623 paravi
780 1562 1121 1624 Dardaniique
1161 1579 1338 1625 rogum
1378 1563 1554 1623 capitis
1585 1562 1871 1623 permittere

174 1637 402 1684 flammae
450 1637 647 1697 paravi,
694 1639 752 1683 ut
799 1636 1028 1684 videatur
1076 1652 1217 1684 sacra
1263 1637 1354 1684 illa
1403 1639 1451 1683 et
1499 1638 1703 1697 propter
1741 1635 1870 1682 solu-

175 1711 362 1758 tionem
402 1726 543 1758 suam
580 1725 782 1772 parasse
823 1713 872 1758 et
910 1713 1114 1773 propter
1153 1711 1412 1758 delendam
1447 1711 1551 1757 eius
1582 1710 1872 1756 memoriam
1896 1725 1942 1757 20

177 1786 260 1845 qui
303 1779 412 1832 eam
451 1786 556 1831 tam
595 1786 870 1846 perniciose
910 1785 1206 1846 tempsisset.
1284 1787 1354 1832 sie
1394 1786 1485 1832 ait:
1537 1784 1626 1830 itta
1661 1783 1873 1843 yradum

174 1859 334 1906 studio
375 1859 612 1906 celerabat
650 1859 798 1905 anili:
853 1858 1155 1918 ambulabat,
1194 1860 1377 1919 inquit,
1418 1873 1542 1906 anus
1580 1859 1696 1918 post
1734 1853 1872 1904 man—

177 1931 296 1979 data
335 1932 546 1980 Didonis
586 1949 685 1980 non
725 1932 970 1991 celeriter,
1016 1934 1073 1978 ut
1112 1932 1284 1980 debuit
1321 1934 1495 1992 missa,
1536 1931 1618 1978 sed
1659 1930 1872 1993 segnius,

175 2009 232 2052 ut
280 2008 415 2053 aetas
461 2007 702 2067 permisit.
780 2006 986 2067 proinde
1035 2006 1232 2068 quando
1279 2021 1499 2053 remeare
1546 2005 1664 2052 talis
1715 2004 1874 2066 possit

175 2079 254 2127 cui
302 2079 366 2126 ad
412 2079 611 2127 Annam
665 2081 922 2142 pervenire
978 2079 1329 2127 difficillimum
1376 2077 1507 2126 fuit?
1584 2083 1636 2126 at
1681 2079 1870 2138 trfpz'cla
1896 2093 1942 2126 25
1979 2110 1986 2121 η

177 2157 220 2200 et
257 2154 430 2212 coeptis
468 2155 751 2202 inmanibus
792 2155 940 2213 effera
970 2154 1105 2202 Dido
1140 2156 1463 2214 sanquineam
1493 2151 1688 2200 volvens
1719 2154 1871 2200 aciem
1983 2208 1985 2210 ,

174 2227 472 2286 maculisque
503 2229 748 2275 trementis
777 2229 1021 2287 interfusa
1049 2242 1202 2288 yenas
1235 2231 1276 2275 et
1297 2228 1494 2287 pallida
1525 2230 1676 2274 morte
1698 2227 1872 2285 futura
1976 2223 1987 2294 5

87 2305 172 2344 645
189 2303 424 2348 interiora
472 2302 643 2349 domus
689 2303 932 2361 inrumpit
975 2301 1149 2350 limina
1197 2305 1239 2349 et
1277 2303 1398 2349 altos
1438 2301 1710 2349 conscendit
1745 2301 1871 2360 furi-
1980 2299 1982 2301 ’

177 2375 342 2422 buncla
387 2388 526 2434 royos
567 2390 816 2434 ensemque
853 2375 1057 2424 recludit
1092 2376 1428 2430 Dardanium,
1467 2390 1567 2422 non
1602 2375 1688 2422 hos
1727 2385 1889 2433 quae-

175 2450 322 2495 situm
367 2463 549 2496 munus
593 2451 646 2496 in
693 2463 836 2496 usus:
891 2449 1186 2497 describitur
1225 2465 1351 2511 quae
1389 2464 1488 2496 non
1529 2445 1689 2496 adhuc
1729 2447 1871 2495 dubi·
1893 2463 1962 2496 ³0

174 2524 307 2570 taret
338 2523 479 2582 mori,
504 2522 589 2569 sed
621 2538 747 2584 quae
779 2524 881 2570 iam
914 2539 965 2571 se
995 2523 1149 2571 vellet
1180 2523 1420 2571 occidere:
1456 2522 1666 2584 trepida,
1690 2491 1987 2582 1111111113,ἶῖἸ

175 2595 272 2643 fuit
312 2595 498 2657 coeptis
538 2595 834 2658 inmanibus,
874 2597 968 2644 hoc
1008 2599 1083 2644 est
1120 2597 1336 2658 turbata,
1369 2597 1462 2643 hoc
1503 2598 1548 2643 ei
1582 2595 1871 2657 praestabat
1967 2588 1974 2610 ³'

174 2671 354 2718 mentis
400 2669 608 2718 infanda
655 2635 936 2720 destinatio.
1023 2670 1197 2731 effera,
1250 2670 1302 2717 id
1349 2673 1424 2718 est
1474 2670 1765 2730 exasperata
1817 2669 1870 2715 in

298 2801 320 2838 1
363 2810 464 2840 eum
501 2796 573 2839 his
603 2795 690 2838 LR
728 2810 763 2838 e.
795 2796 836 2838 hy.
871 2797 1024 2840 veniat
1062 2796 1131 2839 ed.
1287 2800 1312 2837 3
1353 2809 1487 2839 saera
1524 2795 1620 2839 iove
1658 2795 1793 2863 stiqio
1833 2793 1870 2837 L

175 2855 381 2899 sacrario
413 2855 598 2912 i'estiyio
629 2854 672 2897 R
703 2867 815 2898 corr
841 2869 877 2898 r.
1009 2859 1063 2898 12
1096 2855 1282 2899 Didoni
1313 2854 1384 2897 ed.
1507 2858 1562 2896 21
1589 2854 1870 2911 pernitiosae

176 2912 263 2956 LR
294 2927 406 2957 corr.
434 2914 504 2957 ed.
553 2915 559 2969 Ι
617 2914 948 2970 contempsisset
978 2913 1048 2957 ed.
1172 2919 1228 2957 24
1254 2913 1403 2970 possit
1432 2911 1520 2955 LR
1550 2913 1622 2956 ed.
1649 2917 1803 2968 posset
1830 2925 1866 2955 r

267 2976 323 3016 25
355 2973 591 3028 attrepitat
621 2971 718 3015 LR.
841 2976 897 3015 29
931 2971 1195 3016 dardanum
1225 2971 1312 3015 LR
1343 2985 1457 3015 corr.
1482 2986 1517 3015 r.
