2014 3226
198 192 305 245 382
666 190 897 234 DONATI
927 188 1207 231 INTERPR.
1242 188 1418 231 VERG.

197 348 308 380 cum
346 348 443 379 non
484 333 549 378 sit
588 329 764 377 similis
806 343 975 388 causa,
1024 327 1219 389 quando
1259 327 1344 374 ille
1385 327 1538 375 alieni
1583 329 1890 377 matrimonii

195 407 363 466 rapuit
394 406 644 463 feminam,
677 403 870 450 Aeneas
909 405 1075 449 autem
1115 401 1294 448 viduae
1334 401 1596 449 videbatur
1634 417 1738 450 esse
1777 418 1888 450 con-

195 481 390 526 iunctus
439 481 487 524 et
536 477 580 524 ei
625 493 751 538 quae
791 475 1008 523 nubendi
1047 477 1098 522 et
1137 475 1352 537 eligendi
1391 491 1540 537 quem
1578 477 1730 523 vellet
1766 475 1887 523 libe-

194 570 304 600 rum
327 552 581 599 habuisset
607 551 881 597 arbitrium.
939 549 1023 598 sed
1058 549 1174 610 quid
1207 550 1443 597 faciemus
1467 549 1594 596 mori
1617 549 1887 611 hominum,

197 629 280 687 qui
319 628 370 672 in
409 626 599 672 ultione
641 625 975 672 conviciorum
1015 624 1168 670 etiam
1207 623 1336 671 falsa
1384 621 1704 684 conponunt?
1780 638 1888 671 cwm
1934 643 1953 675 5

195 702 416 746 semiviro
474 700 737 745 comitatus
794 713 902 745 ecce
957 698 1059 744 iam
1111 697 1490 744 maledictorum
1550 698 1736 745 iniuria
1788 713 1887 746 non

195 774 397 820 Aenean
446 773 628 832 solum,
678 772 762 819 sed
801 773 854 818 in
894 771 1052 819 omnis
1093 771 1334 818 Troianos
1375 770 1667 818 extenditur.
1746 773 1889 819 semi-

195 849 325 894 viros
361 847 542 908 quippe
575 846 852 907 appellavit
882 846 1155 905 universos,
1178 845 1271 892 hoc
1304 849 1378 892 est
1410 845 1531 892 duos
1562 845 1888 907 praeferentis

196 936 359 980 sexus⁷
407 920 577 967 ambos
627 936 684 967 ex
732 919 1015 967 semissibus
1063 921 1360 980 constantis,
1415 918 1593 980 quibus
1639 919 1767 966 nihil
1815 921 1889 967 est

195 995 425 1054 deterius⁷
449 996 623 1055 utpote
657 995 744 1054 qui
776 1009 977 1054 corpore
1009 993 1295 1055 praeferant
1324 993 1501 1053 virum,
1527 994 1691 1040 animo
1719 995 1887 1041 tamen
1913 1013 1955 1044 ιο

195 1071 244 1115 et
285 1068 613 1129 corruptione,
648 1068 785 1114 cultu
826 1083 1021 1129 quoque
1060 1068 1270 1114 feminas
1310 1067 1583 1114 imitentur.
1647 1067 1734 1114 dat
1766 1082 1887 1128 quo-

195 1159 288 1204 que
321 1142 651 1189 coniecturale
686 1144 1047 1204 argumentum,
1074 1156 1170 1202 quo
1202 1140 1379 1203 probet
1408 1141 1610 1188 infamis
1644 1143 1694 1188 et
1723 1142 1888 1202 ipsum

191 1216 456 1278 praecipue
490 1215 553 1262 ad
586 1215 827 1263 eiusmodi
859 1217 1043 1262 crimen
1077 1215 1311 1275 detineat⁷
1335 1216 1388 1262 in
1422 1231 1518 1276 quo
1552 1215 1710 1262 omnis
1739 1214 1886 1262 cardo

193 1291 376 1338 doloris
410 1293 459 1337 et
491 1305 641 1337 causa
682 1289 965 1337 constabat:
1004 1290 1256 1345 Blacoma,
1287 1290 1467 1350 inquit,
1498 1292 1710 1336 ‘mentum
1740 1291 1887 1336 mitra

193 1367 463 1423 crz'nemquc
500 1364 769 1410 madentem
795 1365 1068 1410 subnixus:
1108 1379 1255 1425 quem
1295 1378 1408 1409 cum
1439 1363 1625 1423 videas,
1659 1365 1743 1424 ait,
1777 1378 1886 1410 cen-
1912 1383 1952 1415 ιο

194 1453 299 1486 seas
337 1453 440 1485 esse
472 1438 747 1497 mulierem,
779 1439 930 1484 mitra
961 1437 1038 1484 illi
1070 1439 1255 1498 quippe
1288 1438 1339 1484 et
1367 1451 1523 1498 usque
1556 1436 1620 1484 ad
1649 1439 1886 1497 mentum,

194 1513 350 1559 crines
385 1512 491 1560 oleo
523 1511 778 1559 madentes
809 1514 868 1558 ut
898 1512 1109 1559 feminis.
1159 1515 1301 1570 rapto
1318 1513 1518 1570 potitur,
1544 1511 1637 1559 hoc
1669 1513 1743 1558 est
1774 1526 1885 1558 con-

191 1587 444 1634 iunctione
479 1587 705 1646 quaesita
736 1602 826 1647 per
855 1586 1163 1646 violentiam,
1197 1588 1245 1632 et
1275 1589 1459 1645 tamen,
1491 1600 1602 1632 cum
1634 1586 1700 1633 sit
1730 1585 1886 1633 tantis

191 1659 420 1708 ludibriis
468 1660 730 1720 obnoxius,
779 1675 869 1723 ego
916 1660 1165 1721 repulsam
1205 1659 1367 1707 merui
1414 1661 1464 1707 et
1510 1660 1656 1707 cessit
1701 1658 1886 1720 praeda

191 1734 396 1795 raptori.
472 1748 561 1782 nos
606 1749 813 1782 mwncra
852 1734 1040 1794 templis
1078 1735 1256 1793 quippe
1293 1735 1390 1780 tuis
1429 1734 1634 1792 ferimus
1677 1735 1886 1792 famam-
1910 1753 1954 1785 20
1982 1758 1990 1771 2

193 1823 283 1867 que
320 1810 537 1868 fovemus
574 1809 796 1855 inanem:
836 1807 1049 1870 quando,
1088 1807 1266 1868 inquit,
1298 1808 1425 1855 talia
1454 1807 1592 1855 vides
1626 1808 1675 1854 et
1705 1807 1885 1868 probas

192 1897 282 1929 nec
320 1883 420 1930 tuis
462 1882 755 1943 cultoribus,
805 1881 889 1929 sed
929 1882 1219 1944 alienigenis
1259 1881 1458 1943 prodes,
1497 1883 1745 1929 incassum
1785 1883 1885 1929 tuis

191 1955 393 2017 templis
423 1955 627 2004 ferimus
660 1955 790 2004 dona
823 1958 873 2003 et
903 1971 1088 2003 numen
1118 1957 1353 2016 putamus
1386 1971 1488 2004 esse
1518 1955 1649 2016 quod
1672 1970 1771 2003 non
1796 1957 1884 2003 est.

193 2044 301 2077 ecce
341 2032 391 2076 et
427 2031 591 2091 ipsum
633 2046 781 2091 quem
820 2030 884 2077 ad
921 2029 1049 2077 hanc
1083 2031 1280 2091 partem
1311 2029 1642 2078 necessarium
1673 2028 1886 2090 putabat

192 2103 370 2165 laedit,
425 2103 558 2165 quod
603 2103 725 2152 facit
777 2105 1023 2152 amentiae
1069 2103 1262 2150 malum
1309 2106 1359 2151 et
1405 2103 1588 2152 doloris
1634 2103 1884 2166 inpatiens
1908 2104 1987 2166 2⁵?

193 2179 410 2238 animus,
466 2179 547 2225 cui
591 2193 966 2239 nonnumquam
1012 2177 1159 2226 datur
1204 2179 1375 2238 venia,
1422 2179 1659 2239 quoniam
1703 2178 1883 2225 mentis

190 2250 549 2299 interveniente
589 2252 906 2313 corruptione
943 2254 1192 2314 peccatur.

303 2324 530 2386 Denique
574 2326 683 2387 ipse
729 2325 957 2388 Iuppiter
1003 2328 1276 2373 commotus
1322 2340 1423 2372 non
1469 2327 1566 2386 est,
1612 2324 1740 2373 sicut
1776 2326 1883 2387 ipse

192 2401 342 2459 poeta
380 2401 678 2447 monstravit
715 2399 882 2448 dicens
924 2399 1104 2447 talibus
1141 2402 1359 2447 orantem
1397 2400 1536 2447 dictis
1574 2413 1783 2459 arasque
1821 2402 1883 2447 te—

104 2475 190 2514 220
207 2475 395 2519 nentem
441 2473 601 2520 audiit
648 2475 967 2533 omnipotens:
1029 2472 1256 2535 quamvis
1311 2473 1680 2521 contumeliosis
1734 2473 1883 2522 dictis

190 2547 451 2609 rogantem
489 2548 673 2606 tamen,
706 2548 825 2608 quia
861 2546 1074 2596 tenendo
1115 2562 1227 2594 aras
1266 2546 1435 2595 devoti
1474 2546 1692 2595 officium
1730 2548 1881 2595 testa·
1963 2563 1966 2574 ²

191 2619 361 2681 batur,
406 2618 535 2668 hunc
581 2619 808 2682 Iuppiter
853 2621 1028 2669 audiit.
1105 2621 1355 2680 oculosque
1402 2621 1469 2669 ad
1512 2623 1701 2669 moenia
1748 2622 1886 2668 torsit
1951 2620 1955 2621 ⁷

191 2695 328 2753 regia
367 2695 411 2740 et
447 2693 615 2741 obh‘tos
651 2696 817 2754 famae
853 2695 1067 2743 melioris
1104 2696 1330 2743 amantis,
1408 2694 1471 2742 ad
1507 2693 1585 2742 bis
1625 2694 1882 2756 accipitur,

1973 2242 1986 2424 ἒ

311 2823 337 2862 3
369 2819 572 2877 eleye‘ndi
599 2818 698 2863 LR.
833 2825 860 2862 4
892 2821 1009 2864 mori
1037 2820 1126 2863 LR
1154 2834 1276 2865 more
1305 2818 1399 2863 HU
1431 2819 1502 2863 ed.
1634 2824 1658 2863 7
1690 2821 1882 2864 Aenean
1952 2812 1981 2866 33

191 2877 280 2921 LR
310 2879 363 2921 in
392 2878 584 2923 Aenean
614 2877 739 2921 rHU
772 2878 860 2934 ed.‚
892 2878 950 2923 cf.
982 2893 1185 2936 prooem.
1218 2879 1281 2922 in.
1417 2883 1472 2923 14
1502 2879 1655 2936 inquit
1685 2893 1773 2923 om.
1807 2878 1879 2923 ed.
1941 2866 1981 2913 Ἴ

283 2940 337 2980 17
369 2938 464 2982 oleo
495 2951 583 2982 om.
609 2937 682 2981 ed.
726 2940 732 2993 1
781 2939 1045 2983 mandentes
1074 2937 1173 2982 LR.
1220 2940 1227 2996 Ι
1270 2939 1445 2995 potitor
1473 2937 1570 2981 LR.
1695 2942 1749 2981 21
1782 2938 1882 2983 azia
1956 2946 1978 2994 :J

193 2995 277 3038 LR
311 2995 382 3040 ed.
417 2997 534 3041 talia
566 2995 602 3040 Ο
635 3009 733 3040 nos.
841 3001 896 3040 22
929 2998 1068 3042 nectis
1090 2997 1178 3041 LR
1206 3011 1240 3042 u
1271 3011 1495 3054 superscr.
1519 3012 1544 3040 r
1572 3010 1668 3042 non
1690 2998 1784 3042 tuis
1805 2991 1877 3041 ed.
1941 2991 1979 3226 ἔ
