2014 3226
144 170 250 222 368
611 168 842 212 DONATI
873 167 1152 211 INTERPR.
1186 168 1364 213 VERG.

140 312 285 358 tuisti
331 326 391 357 ne
441 308 630 370 aliquid
680 308 801 354 mali
839 307 942 354 filio
982 310 1068 355 tuo
1109 308 1242 369 apud
1283 308 1635 372 Carthaginem
1674 325 1834 357 meam

145 386 466 447 contingeret.
542 383 626 429 sed
665 383 773 440 quis
813 382 902 429 erit
938 381 1111 429 modus
1150 387 1237 430 ant
1274 397 1366 442 qao
1404 397 1535 430 nunc
1576 385 1834 431 certamine

143 459 308 505 tanto?
355 455 501 517 [quin
541 457 708 515 potius
745 469 919 514 pacem
967 459 1213 503 aeternam
1250 460 1513 516 pactosque
1550 458 1834 517 hymenaeos

59 537 143 577 100
166 529 494 591 eoeercemus?]
573 529 691 590 quid
738 544 932 577 necesse
982 531 1077 590 est,
1117 529 1210 590 ait,
1250 530 1585 578 inmoderatas
1623 531 1836 578 inimici-

141 607 238 652 tias
271 605 481 651 ulterius
514 600 763 650 retinere?
794 603 883 650 fiat
915 603 1276 651 dissensionum
1302 605 1523 652 omnium
1547 604 1658 652 finis
1685 607 1833 666 atque
1882 622 1901 654 5

141 681 230 738 ita,
256 681 311 725 ut
335 678 383 724 in
411 680 666 725 aeternum
693 677 954 724 concordia
979 681 1258 738 perseveret
1283 679 1445 740 sitque
1475 679 1608 725 inter
1631 678 1834 726 Aenean

144 756 192 799 et
231 752 476 799 Didonem
514 750 821 798 matrimonii
858 751 1007 811 plena
1049 753 1098 798 et
1136 751 1279 799 firma
1318 753 1612 800 coniunctio.
1689 753 1835 800 habes

143 830 239 873 tota
286 827 412 884 qaod
457 829 611 872 mente
650 826 838 883 petisti,
886 825 1025 872 ardet
1070 840 1245 872 amans
1283 825 1416 873 Dido
1464 827 1704 886 traoeitque
1741 841 1837 886 per

143 914 253 947 ossa
299 902 539 959 furorem:
601 914 731 958 ecce,
780 900 873 959 ait,
927 898 1058 959 quod
1113 899 1426 947 desiderabas
1482 899 1656 960 habes,
1703 899 1834 947 Dido

143 977 292 1033 amat,
333 974 455 1020 Iuno
498 975 757 1020 consentit.
830 987 1126 1020 commanem
1163 974 1291 1021 hunc
1330 988 1439 1034 erqo
1472 975 1710 1033 populum
1741 989 1836 1033 pa·
1863 991 1904 1023 10

142 1048 369 1106 ribusqac
400 1061 626 1107 reqamus
658 1048 915 1105 auspiciis:
955 1048 1071 1108 quia
1111 1047 1243 1108 quod
1279 1048 1493 1109 speciale
1525 1047 1834 1111 singularum

144 1122 239 1168 fuit
279 1121 465 1168 factum
505 1123 579 1169 est
617 1137 695 1167 me
735 1120 930 1168 volente
972 1136 1252 1181 commune,
1292 1124 1556 1183 utrumque
1596 1121 1836 1183 populum

143 1211 371 1258 regamus
419 1210 587 1256 pares,
633 1197 844 1255 utraque
893 1210 1154 1243 servemus.
1233 1197 1371 1243 liceat
1408 1196 1619 1256 Plcryyio
1657 1197 1838 1243 servire

142 1271 344 1317 marito:
397 1270 541 1331 quasi
579 1270 623 1316 si
663 1267 847 1316 diceret
887 1269 1083 1330 quando
1124 1269 1187 1316 ad
1225 1270 1318 1317 hoc
1358 1271 1561 1317 ventum
1610 1271 1707 1329 est,
1749 1268 1838 1316 fiat

144 1343 276 1405 quod
314 1358 413 1390 non
452 1343 644 1403 debuit,
683 1345 740 1389 ut
778 1342 856 1389 illi
896 1358 1017 1404 quos
1057 1358 1168 1390 amo
1210 1345 1430 1391 serviant
1466 1343 1668 1391 inimico
1709 1358 1831 1391 meo.
1862 1359 1902 1392 15

145 1417 276 1478 quod
315 1418 446 1464 enim
486 1417 610 1464 dixit
642 1416 877 1480 Phrygio,
915 1417 987 1464 ibi
1027 1419 1100 1464 est
1139 1417 1321 1464 subtile
1363 1419 1655 1478 convicium,v
1691 1416 1835 1478 quasi

146 1491 334 1538 abiecto
384 1493 433 1537 et
478 1491 677 1538 infimae
717 1490 879 1554 gentis
919 1490 1123 1539 homini.
1201 1492 1469 1550 dotalisque
1508 1494 1621 1539 tuae
1661 1491 1836 1552 Tyrios

135 1566 412 1625 permittere
450 1565 669 1613 dextrae:
715 1566 764 1612 et
802 1565 884 1612 hic
923 1565 1055 1627 quod
1094 1564 1221 1612 dixit
1258 1567 1376 1613 tuae
1409 1566 1553 1627 quasi
1582 1561 1834 1628 indignae.

146 1639 307 1700 Tyrii,
354 1655 443 1700 pro
493 1641 657 1687 animo
706 1639 914 1686 dicentis
961 1641 1188 1700 potentes
1237 1642 1286 1687 et
1331 1640 1524 1702 magni,
1570 1638 1836 1686 tradantur

143 1714 198 1760 in
251 1714 435 1773 dotem,
491 1713 678 1761 addicti
730 1714 906 1774 utique
961 1715 1011 1759 et
1064 1715 1209 1775 quasi
1262 1713 1539 1774 potioribus
1587 1714 1903 1761 servituris«)

146 1787 347 1848 obliqua
393 1787 703 1836 haecdictio
744 1788 862 1848 fuit3
917 1786 1112 1834 dicebat
1151 1788 1283 1835 enim
1321 1787 1460 1835 velut
1497 1788 1607 1835 tota
1645 1786 1835 1848 simpli-

146 1862 296 1908 citate
342 1860 603 1909 verborum
648 1864 820 1909 tenens
874 1863 1043 1909 tamen
1095 1861 1304 1910 interius
1358 1861 1490 1923 quod
1543 1860 1836 1908 inimicitias

146 1934 348 1983 Iunonis
387 1937 607 1999 integras
647 1935 1022 1983 demonstraret.
1082 1950 1190 1983 ecce
1214 1935 1467 1999 Vergilius
1508 1935 1650 1982 docet
1687 1935 1835 1982 facile

146 2007 460 2057 inimicorum
498 2024 640 2071 posse
681 2024 879 2058 noscere
919 2009 1141 2069 consilia,
1181 2025 1292 2056 cum
1331 2008 1423 2057 sub
1462 2010 1678 2072 imagine
1723 2023 1831 2056 con-

149 2082 344 2130 cordiae
383 2083 557 2131 latent.
1867 2096 1910 2131 25
1972 2080 2006 2135 ’ἶ

62 2161 146 2202 105
263 2155 359 2204 Olli
397 2156 569 2216 (sensit
606 2159 734 2205 enim
771 2157 1005 2205 simulata
1043 2161 1197 2205 mente
1236 2158 1466 2213 locatam,
1506 2170 1598 2216 quc
1635 2171 1840 2217 reynsam

149 2230 330 2278 Italiae
359 2230 573 2291 Libycas
612 2231 878 2279 adverteret
913 2229 1076 2291 oras).·
1114 2232 1360 2279 tractatus
1392 2230 1599 2278 Veneris
1631 2243 1839 2294 magnus

152 2305 301 2365 atque
348 2306 541 2352 astutus
588 2304 886 2365 ostenditur3
941 2306 1095 2354 sensit
1141 2304 1272 2353 enim
1317 2304 1425 2352 fieri
1471 2319 1571 2352 non
1619 2305 1841 2366 potuisse

152 2381 208 2425 ut
261 2379 403 2425 atrox
456 2379 507 2426 et
558 2381 700 2426 vetus
753 2379 956 2427 inimica
1007 2382 1209 2440 repente
1273 2378 1507 2427 benivola
1555 2377 1842 2426 redderetur

150 2455 451 2513 poneretque
491 2453 641 2500 semel
678 2452 967 2501 inimicitias
1005 2467 1127 2514 quas
1158 2453 1312 2517 longa
1343 2454 1506 2501 aetate
1539 2455 1838 2500 servaverat.
1864 2465 1908 2500 ³0
1971 2479 1974 2484 ·

272 2626 298 2664 3
338 2621 451 2678 quin
475 2647 531 2653 —
555 2626 583 2664 4
613 2635 865 2667 exercemus
883 2622 1036 2666 deest
1073 2622 1123 2666 in
1162 2622 1271 2676 LR,
1319 2621 1401 2666 sed
1446 2621 1721 2678 explicatur.

157 2685 208 2724 11
241 2681 530 2738 sinyularwm
560 2680 647 2723 LR
686 2694 834 2725 -orum
873 2682 943 2725 ed.
1120 2686 1173 2725 13
1213 2687 1407 2738 utraque
1437 2681 1526 2724 LR
1567 2686 1783 2736 utraeque
1820 2695 1843 2723 r

153 2744 393 2796 utrumque
423 2739 496 2784 ed.
672 2743 727 2782 14
757 2741 799 2784 si
829 2753 917 2784 om.
943 2741 1015 2785 ed.
1067 2742 1073 2798 Ι
1130 2741 1304 2786 doceret
1333 2740 1420 2783 LR
1451 2752 1564 2784 corr.
1597 2753 1622 2782 r
1652 2740 1722 2782 ed.

157 2803 211 2842 18
242 2799 378 2854 quasi
406 2812 495 2842 om.
521 2798 563 2841 R
595 2798 701 2842 add.
725 2812 761 2842 r.
791 2800 797 2855 Ι
831 2799 1020 2857 indiyne
1050 2799 1104 2843 R.
1209 2804 1266 2843 23
1297 2800 1414 2844 dicet
1444 2798 1531 2842 LR.
1561 2799 1687 2843 docet
1714 2813 1739 2842 r
1769 2797 1840 2842 ed.

243 2862 300 2900 24
324 2870 502 2902 noscere
524 2857 611 2900 LR
632 2858 759 2902 nosci
783 2858 869 2911 ed.‚
888 2858 971 2902 sed
993 2859 1130 2913 facile
1154 2858 1439 2902 adiectivum
1463 2859 1546 2901 eat.⁴
1637 2861 1692 2900 27
1717 2867 1840 2902 acer-
1959 2900 1962 2909 ,

156 2921 264 2960 teret
293 2915 393 2971 LR,
425 2916 507 2960 sed.
539 2916 600 2960 ad
634 2921 717 2960 127
750 2915 866 2960 Don.
898 2917 1161 2962 adverteret·
1176 2918 1224 2961 et
1262 2916 1452 2974 scripsit
1490 2918 1538 2960 et
1575 2915 1841 2973 explicavit,
1888 2971 1890 2973 ‚

156 2988 299 3030 quare
331 2975 507 3019 correxi
539 2985 645 3019 cum
675 2973 725 3018 r'.
827 2981 881 3019 29
913 2975 1125 3021 redditur
1145 2975 1181 3019 L
1211 2977 1424 3021 reddetwr
1446 2975 1489 3018 R
1518 2980 1697 3020 -eretur-
1715 2989 1740 3018 r
1769 2974 1841 3018 ed.
