2014 3226
735 173 1039 219 AENEIDOS
1071 175 1133 218 ΠΙ
1678 178 1783 229 349

97 313 490 376 conprehendere
538 315 587 360 et
633 314 859 375 potentia
904 313 1145 362 fluctuum
1189 316 1347 363 victus
1387 319 1461 364 est
1499 333 1587 364 neo
1625 317 1785 364 valuit

98 389 315 449 aliquem
340 389 496 449 sequi,
513 388 766 434 clamorem
791 389 1065 435 inmensum
1089 390 1221 443 tollit,
1244 404 1335 448 quo
1351 394 1534 450 pontus
1560 394 1602 437 ct
1624 405 1784 438 omnes

97 464 385 510 intremuere
422 462 585 508 undae
614 463 904 520 penitusque
945 465 1169 510 exterrita
1208 464 1345 510 tellus
1384 465 1564 512 Italiae
1603 467 1785 512 curvis-

98 551 186 595 que
223 537 450 596 ‘inmuyiit
486 533 648 583 Aetna
686 537 920 582 cavernis.
992 537 1218 596 clamore,
1258 537 1435 598 inquit,
1476 540 1579 586 eius
1620 538 1786 586 omnia

53 625 74 657 5
99 613 450 668 contremuere,
483 612 530 656 et
561 610 663 655 iam
695 609 892 671 longius
932 611 1096 670 posita
1136 613 1185 657 et
1223 613 1382 674 magis
1424 627 1549 673 quae
1588 613 1786 660 fuerant

97 685 148 730 in
202 684 467 744 praesenti.
550 684 654 731 vim
708 683 937 730 clamoris
1002 685 1258 744 expressit,
1323 700 1438 732 nam
1492 686 1786 734 inanimalia

99 757 295 818 quando
341 755 623 804 terrentur?
672 758 759 803 aut
804 757 1049 818 quomodo
1090 759 1236 806 scivit
1274 758 1474 806 Italiam
1513 760 1785 820 tremuisse,

98 830 160 878 ad
208 847 358 892 quam
403 830 622 878 nondum
667 828 904 878 venerat?
982 835 1031 878 at
1073 845 1226 891 [lenus
1273 847 1295 879 c
1333 833 1469 880 silvis
1511 833 1770 893 Cyclopum
1787 840 1872 878 675

97 908 140 953 et
175 906 416 953 montibus
457 906 568 953 altis
609 906 811 952 eoecitum
849 907 952 952 ruit
989 905 1054 952 ad
1083 910 1257 964 portus
1294 909 1336 953 et
1366 908 1507 954 litora
1540 909 1785 966 conplent.-

29 996 73 1027 ιο
99 981 287 1040 quanta
333 978 601 1026 multitudo
648 980 767 1039 fuit,
818 980 875 1026 ut
919 979 1070 1026 litora
1120 979 1358 1041 Cyclopes
1402 981 1782 1042 conplevissent!

97 1055 338 1101 cernimus
392 1053 632 1101 adstantis
683 1055 1026 1112 nequicquam:
1095 1053 1205 1101 ideo
1260 1055 1587 1115 nequicquam
1601 1093 1612 1115 ,
1669 1057 1786 1116 quia

97 1127 221 1173 nihil
259 1129 493 1188 poterant
532 1126 714 1174 audere
752 1127 998 1174 violenter
1037 1127 1270 1175 adversus
1312 1143 1392 1176 eos
1437 1144 1558 1189 quos
1606 1129 1783 1176 libera-

96 1203 236 1248 verat
282 1201 403 1263 fuga
443 1202 492 1247 et
530 1201 700 1264 pelagi
739 1200 967 1248 altitudo.
1046 1203 1226 1250 lumine
1273 1205 1426 1249 torvo:
1481 1204 1560 1250 vel
1606 1206 1785 1251 natura

26 1326 35 1331 ¹
97 1275 174 1322 vel
227 1275 378 1337 irato,
435 1276 553 1336 quia
605 1274 926 1336 perdiderant
978 1275 1229 1336 praedam.
1314 1274 1552 1324 Aetnaeos
1605 1279 1785 1336 fratres

10 1364 73 1398 325
97 1349 225 1397 caelo
278 1350 442 1408 capita
495 1349 598 1397 alta
649 1346 871 1409 ferentiS,
926 1351 1179 1397 concilium
1229 1350 1543 1405 horrendum,
1590 1349 1785 1411 [quales

97 1436 205 1470 cwm
251 1424 422 1471 vertice
468 1424 588 1471 celso
636 1425 800 1471 aeriae
850 1437 1052 1483 quercus
1102 1427 1189 1471 ant
1237 1425 1478 1483 coniferae
1530 1426 1769 1485 cyparissi
1787 1429 1872 1468 680

97 1498 420 1553 constiterunt,
461 1498 588 1545 silva
627 1497 730 1545 alta
764 1497 900 1546 Iovis
940 1498 1134 1545 lucusve
1163 1497 1392 1559 Dianae]
1399 1515 1414 1544 .·
1457 1499 1786 1546 constiterunt

95 1572 394 1632 proceritate
449 1572 527 1619 sui
580 1572 833 1620 vincentes
890 1571 1121 1619 arborum
1176 1572 1415 1620 celsarum
1470 1571 1785 1620 altitudinem

96 1646 483 1693 constitutarum
513 1646 568 1692 in
599 1644 802 1694 deorum
834 1645 973 1707 lucis,
1000 1661 1126 1707 quae
1157 1645 1339 1693 idcirco
1371 1647 1622 1694 inmensae
1654 1648 1784 1707 sunt,

27 1733 73 1775 ao
97 1720 215 1780 quia
260 1721 459 1781 praeter
503 1721 737 1767 naturam
784 1735 927 1767 suam
975 1721 1245 1781 plurimum
1299 1722 1666 1780 consequuntur
1710 1722 1784 1767 in-

96 1795 347 1854 crementi,
372 1793 491 1840 dum
512 1793 808 1857 religionum
837 1809 986 1842 causa
1010 1796 1284 1842 servantur.
1316 1795 1610 1854 praecipites
1632 1797 1785 1841 metus

95 1881 206 1915 acer
251 1869 353 1927 aqit
397 1881 690 1927 quocumque
734 1868 955 1915 rudentis
1000 1871 1212 1916 eoecntere
1259 1871 1301 1915 ct
1344 1869 1497 1916 ventis
1542 1869 1785 1916 ¹intendere

94 1941 202 1990 vela
238 1942 487 1990 secundis:
539 1942 860 2006 urgebamur,
897 1943 1085 2004 inquit,
1123 1944 1259 1989 metu
1299 1943 1552 2002 acerrimo,
1590 1943 1648 1989 ut
1685 1957 1785 1990 non

95 2015 197 2063 iam
236 2031 333 2077 quo
369 2015 622 2076 vellemus,
654 2015 738 2064 sed
767 2017 822 2064 in
853 2031 1214 2078 quamcumque
1245 2015 1370 2062 caeli
1401 2017 1593 2077 partem
1625 2016 1784 2063 inten-

98 2088 322 2138 deremus
353 2089 466 2138 vela
499 2092 548 2137 et
580 2091 966 2139 consentiremus
998 2091 1158 2138 ventis
1183 2089 1408 2138 secundis
1433 2089 1784 2137 adiuvantibus

28 2207 36 2221 ,
97 2162 269 2226 fugam
299 2165 524 2212 nostram
554 2163 811 2226 oportunis
841 2163 1041 2212 flatibus
1073 2163 1187 2212 suis.
1249 2165 1298 2211 et
1328 2163 1408 2211 hic
1441 2166 1491 2210 et
1521 2165 1574 2210 in
1605 2165 1783 2224 quarto

29 2250 45 2287 i·
96 2236 224 2285 libro
265 2230 422 2304 (562)
468 2237 704 2286 secundos
739 2275 1120 2286 ...........
1199 2241 1364 2285 contra
1409 2239 1550 2285 iussa
1594 2240 1787 2285 monent

43 2423 46 2427 -
217 2396 245 2434 4
275 2393 475 2460 inmugit
503 2393 590 2436 ΕΒ,
621 2407 734 2438 corr.
765 2408 800 2437 r.
940 2398 965 2436 6
998 2392 1278 2437 inanimalia
1294 2418 1350 2424 -
1370 2396 1394 2434 7
1427 2397 1510 2436 aut
1539 2405 1627 2435 om.
1652 2392 1724 2435 ed.

98 2455 123 2494 7
156 2452 341 2507 quando
371 2451 444 2495 bis
477 2452 665 2508 scripsit
694 2452 782 2496 LR
813 2452 957 2496 semel
986 2451 1092 2496 ΗΟ.
1143 2495 1146 2496 ⁷
1213 2455 1241 2495 8
1272 2466 1294 2495 e
1326 2465 1414 2495 om.
1440 2451 1526 2494 LR
1557 2451 1664 2494 add.
1687 2466 1724 2494 r.

97 2516 124 2554 9
155 2512 332 2568 conplet
361 2510 448 2554 LR
478 2513 688 2568 conplent
717 2511 885 2568 optimi
907 2511 1046 2568 Verg.
1072 2509 1198 2564 libri,
1229 2510 1306 2554 cui
1335 2509 1530 2555 lectioni
1558 2509 1784 2566 interpre-

96 2569 216 2614 tatio
246 2569 402 2614 favere
432 2570 630 2614 videtur.
770 2575 824 2614 12
857 2571 1020 2615 audire
1050 2569 1137 2613 LR
1176 2583 1290 2614 corr.
1320 2584 1346 2613 r
1375 2570 1446 2613 ed.
1580 2574 1633 2613 14
1664 2570 1784 2612 irato

97 2627 184 2672 LR
215 2629 287 2673 ed.
318 2628 393 2674 vel
422 2630 498 2674 ira
528 2628 578 2673 r'.
687 2634 742 2674 15
774 2631 999 2686 quales—
1022 2634 1076 2673 17
1107 2629 1297 2673 Dianae
1328 2629 1460 2673 deest
1490 2629 1540 2672 in
1571 2627 1669 2682 LR,
1701 2627 1784 2671 sed

98 2700 186 2744 exp
188 2686 373 2732 linatur.
468 2693 523 2732 18
554 2689 630 2733 sui
658 2689 746 2732 LR
774 2703 862 2734 sua
892 2689 963 2732 ed.
1057 2692 1111 2732 21
1143 2688 1380 2746 reliyionis
1410 2687 1482 2731 ed.
1574 2690 1630 2730 24
1660 2687 1784 2731 velli-

98 2761 201 2792 mus
228 2746 316 2790 LR
347 2760 460 2792 corr.
493 2762 516 2791 1·
547 2748 618 2792 ed.
719 2752 775 2791 27
808 2748 924 2792 libro
955 2747 1042 2791 LR
1072 2746 1364 2803 „fluctusque
1395 2748 1521 2791 atros
1552 2745 1783 2802 Aquilone

99 2805 293 2851 secabat
325 2807 386 2850 ad
416 2806 544 2850 mala
574 2806 801 2864 fugienda
833 2806 953 2850 aibr*
985 2806 1144 2863 inepte
1177 2806 1284 2851 add.
1310 2805 1382 2850 ed.
1410 2807 1417 2863 Ι
1449 2803 1669 2850 secundos
1698 2803 1785 2847 LR

99 2865 194 2909 -dis
224 2865 304 2909 edI
334 2865 414 2910 -do
446 2865 555 2910 edF.
670 2865 889 2910 lacunam
919 2879 940 2909 s
1027 2866 1103 2909 avi
1164 2865 1276 2921 quia
1314 2865 1430 2911 dicit
1466 2864 1520 2908 de
1555 2863 1673 2921 fuya
1709 2862 1784 2908 vel

100 2923 253 2968 simile
283 2923 383 2981 aliq
379 2923 466 2968 uid
497 2924 726 2969 excidisse
755 2926 895 2982 put03
936 2880 1148 2981 Juquae
1189 2924 1250 2968 ad
1290 2928 1336 2977 5,
1362 2928 1388 2967 2
1430 2923 1488 2967 de
1530 2923 1690 2967 nostro
1735 2925 1784 2966 et

101 2982 259 3038 quarti
287 2982 400 3027 libri
430 2983 546 3028 loco
565 2984 792 3040 disputat
