2014 3226
31 117 44 214 Ι
753 180 1053 224 AENEmos
1086 182 1149 224 111
1693 185 1796 235 347

109 321 320 380 offerret,
355 321 459 367 sine
491 319 640 367 dubio
672 320 829 368 hostis
861 321 1084 368 hostibus
1117 322 1232 369 suis.
1295 324 1459 370 omnia
1492 324 1798 371 conlustrans

29 401 31 403 ’
107 396 232 442 hanc
247 396 470 454 primum
501 394 567 441 ad
597 394 742 441 litora
775 395 974 441 classem
1006 398 1229 455 conspexi
1259 398 1535 451 venientem,
1567 398 1679 444 huic
1709 413 1797 453 me,

106 483 430 528 quaecumque
475 469 668 527 fuisset,
715 468 911 516 addixi:
964 471 1084 516 satis
1132 473 1198 516 est
1233 473 1417 529 yentem
1458 472 1679 530 effuyisse
1716 486 1797 519 ne-

32 573 37 624 i
105 542 326 601 fundam.
388 555 472 588 vos
508 543 728 589 animam
758 542 884 589 hanc
907 544 1072 601 potius
1104 558 1397 602 quocumque
1429 545 1663 592 absumite
1694 545 1795 592 leto.

32 626 82 679 ξε
107 631 218 663 011111
265 617 452 674 omnia,
499 615 685 676 inquit,
734 615 1039 662 attenderem
1088 616 1327 664 evadendi
1368 618 1607 665 auxilium
1648 634 1796 679 quae-

32 682 35 691 *
105 704 239 750 rens,
287 690 443 738 solam
489 690 638 737 istam
687 690 893 737 classem
940 690 1084 737 huius
1129 692 1344 752 regionis
1384 692 1533 739 litora
1571 692 1795 754 tetigisse

105 763 349 827 conspexi,
374 778 500 825 quae
532 778 725 824 semper
755 766 959 824 propter
989 765 1276 811 inevitabile
1304 764 1574 826 Cyclopum
1606 767 1794 813 malum

104 851 272 884 omnes
319 837 565 901 fugerunt.
645 839 694 884 et
741 838 861 898 quia
909 838 1099 884 nullam
1147 838 1406 899 sperabam
1457 839 1631 887 dehinc
1682 856 1791 901 pro·

104 913 363 959 venturam
389 912 709 971 occasionem,
735 911 902 958 addixi
926 927 1004 959 me
1028 927 1127 959 non
1153 912 1464 960 considerans
1492 929 1617 974 quae
1650 916 1791 962 esset.

36 996 80 1034 ἰο
105 985 225 1046 quid
257 986 387 1032 enim
419 988 688 1033 metuerem
719 985 943 1033 homines
978 985 1249 1047 Cyclopum
1281 986 1506 1034 manibus
1540 990 1625 1035 aut
1665 989 1791 1035 fera-

102 1075 214 1106 rum
253 1061 461 1107 saevitia
496 1059 718 1120 quolibet
748 1061 969 1120 tempore
1001 1061 1264 1120 periturus,
1297 1062 1582 1108 existimans
1614 1061 1791 1109 melius

103 1148 221 1193 esse,
261 1135 304 1180 si
342 1133 600 1180 hominum
630 1133 859 1180 manibus
891 1132 1179 1181 interirem?
1221 1135 1339 1195 quia
1369 1134 1524 1197 igitur
1555 1134 1646 1182 hoc
1678 1150 1791 1182 0011·

103 1207 214 1254 silio
255 1205 318 1254 ad
355 1222 441 1255 vos
481 1207 610 1267 veni,
651 1223 752 1268 qua
791 1207 942 1254 vultis
983 1223 1060 1255 me
1098 1223 1258 1269 poena
1297 1210 1580 1256 consumite.

223 1281 316 1329 Vix
355 1296 411 1329 ea
449 1282 584 1341 fatus
623 1285 748 1337 erat,
790 1295 980 1336 summo
1017 1297 1126 1329 eum
1163 1285 1322 1330 monte
1358 1283 1575 1330 videmus
1613 1284 1775 1342 ipsum
1793 1286 1879 1326 655

33 1370 76 1404 15
99 1354 226 1403 inter
246 1355 457 1415 pecudes
488 1359 628 1403 vasta
658 1370 709 1403 se
731 1356 853 1403 mole
875 1359 1138 1403 moventem
1153 1360 1401 1415 pastorem
1423 1357 1790 1417 Polyphemum:

101 1430 288 1490 statim,
319 1430 498 1491 inquit,
530 1431 588 1477 ut
618 1429 1008 1477 Achaemenides
1039 1430 1297 1478 relationis
1337 1444 1455 1478 suae
1494 1430 1644 1478 verba
1677 1446 1788 1478 con-

99 1502 269 1564 clusit,
325 1518 433 1551 ecce
486 1503 593 1565 ipse
646 1503 788 1551 nobis
843 1503 1178 1566 Polyphemus
1241 1505 1479 1565 apparuit
1533 1520 1682 1566 agens
1736 1505 1790 1551 in

99 1576 350 1626 montibus
395 1592 576 1639 pecora
622 1580 671 1625 et
719 1577 781 1624 ad
827 1581 947 1626 nota
992 1578 1144 1625 litora
1191 1579 1376 1625 faciens
1424 1593 1631 1640 gressus.
1710 1594 1788 1625 ex·

98 1651 381 1712 ponendum
419 1652 517 1699 fuit
557 1651 802 1713 quomodo
842 1653 1008 1714 potuit
1052 1651 1219 1700 venire
1266 1654 1506 1699 caecatus.
1583 1654 1789 1699 noverat

25 1739 76 1774 so
97 1724 234 1786 haec,
272 1726 453 1787 inquit,
486 1729 754 1788 antequam
784 1726 952 1773 lumen
985 1726 1244 1787 amisisset,
1277 1726 1491 1787 denique
1522 1725 1591 1773 sic
1621 1726 1789 1787 posuit

98 1802 142 1846 et
193 1800 338 1848 litora
389 1803 506 1847 nota
549 1803 800 1860 petentem.
877 1803 1145 1847 monstrum
1197 1800 1511 1855 horrendum,
1565 1801 1788 1859 informe,

96 1874 290 1934 inqens:
350 1873 567 1922 vidimus
629 1876 907 1922 monstrum
968 1875 1019 1921 in
1082 1890 1179 1935 quo
1235 1888 1402 1921 errans
1456 1876 1636 1921 natura
1688 1890 1787 1921 non

21 1968 26 2010 g
95 1948 259 1995 tenuit
310 1949 780 2010 temperamentum3
842 1965 958 1995 narn
1013 1947 1108 1995 fuit
1157 1947 1456 1995 horrendum
1504 1949 1552 1994 et
1598 1948 1787 1995 formae

21 2043 28 2049 ··
94 2019 326 2084 ingentis.
388 2024 469 2070 cui
505 2022 668 2071 lumen
707 2023 998 2082 ademptum,
1039 2025 1213 2069 trunca
1249 2036 1451 2070 manum
1480 2023 1636 2080 pinus
1666 2023 1789 2082 reyit

21 2086 74 2151 ξε
97 2098 142 2143 et
193 2097 394 2157 vestiqia
445 2098 638 2156 firmat:
697 2097 844 2144 huius
899 2111 1092 2160 gressus
1145 2097 1322 2143 trunca
1375 2096 1521 2157 pinus
1582 2094 1787 2157 regebat

22 2179 43 2256 ’ἰ
99 2168 292 2218 abscisa
331 2172 481 2232 atque
521 2171 797 2233 amputatis
835 2171 1003 2231 ramis,
1033 2170 1126 2218 hoc
1165 2171 1240 2217 est
1279 2169 1428 2218 arbor
1464 2168 1571 2230 pini
1611 2170 1658 2216 ei
1694 2184 1784 2231 pro

42 2307 43 2310 Ἴ
96 2242 273 2292 baculo
328 2244 448 2305 fuit,
502 2260 628 2307 quae
682 2247 850 2307 posset
902 2244 1113 2292 informe
1166 2243 1382 2292 hominis
1429 2244 1563 2291 caeci
1607 2257 1783 2304 corpus

61 2326 65 2329 “
95 2317 287 2382 ingenti
332 2318 627 2366 fortitudine
673 2335 842 2382 regere
888 2334 947 2367 ac
992 2318 1248 2366 sustinere.
1325 2318 1573 2378 lanigerae
1627 2318 1769 2365 comi-
1786 2318 1874 2358 660

96 2393 265 2439 tantur
302 2406 424 2448 ove-3,
465 2407 522 2441 ea
557 2393 664 2441 sola
701 2393 925 2453 voluptas
954 2392 1262 2451 solamenque
1291 2392 1435 2440 mali:
1473 2391 1783 2452 voluptatem

97 2479 156 2512 ex
194 2465 494 2515 animalibus
532 2465 725 2528 habuit,
756 2482 870 2514 cum
910 2465 1112 2526 videret,
1145 2467 1372 2513 caecatus
1402 2480 1519 2514 vero
1551 2479 1784 2527 pecorum

215 2640 241 2678 2
266 2637 394 2692 prim
424 2635 512 2680 LR
535 2638 741 2695 primum
771 2650 796 2679 r
818 2641 999 2693 partem
1029 2635 1100 2679 ed.
1237 2640 1265 2678 4
1297 2649 1470 2692 quoque
1499 2634 1542 2678 R
1571 2646 1781 2690 quocum·

94 2708 178 2751 que
207 2709 242 2738 r.
337 2700 363 2740 5
395 2697 675 2752 anxiumque
705 2695 747 2739 R
776 2695 1008 2740 auxilium
1036 2709 1072 2738 r.
1174 2699 1200 2738 6
1232 2696 1446 2752 tetiyisset
1474 2693 1516 2736 R
1546 2706 1660 2737 corr.
1683 2706 1720 2736 r.

97 2756 122 2797 ’1,
153 2767 270 2811 quae
301 2754 388 2798 LR
418 2756 540 2812 quod
570 2755 642 2799 ed.
735 2759 762 2798 8
792 2754 1033 2812 fuqierunt
1061 2753 1149 2797 LR
1171 2753 1243 2797 011.
1266 2754 1484 2811 fuyerant
1512 2767 1537 2796 1·
1563 2753 1783 2809 fuqerunt

94 2812 166 2856 ed.
198 2814 320 2870 post.
413 2819 467 2858 11
493 2815 725 2872 petitwrus
746 2812 835 2857 LR
859 2813 1097 2870 periturus
1125 2826 1149 2856 r
1171 2812 1243 2856 011.
1340 2817 1394 2856 12
1426 2812 1571 2870 iyitur
1599 2823 1687 2855 om.
1706 2809 1778 2854 011.

183 2876 240 2916 22
279 2886 415 2918 crans
452 2873 539 2917 LR
575 2886 737 2918 errans
782 2885 887 2916 cum
930 2884 1103 2929 quaere
1147 2871 1198 2915 in
1241 2884 1389 2929 marg.
1427 2869 1470 2914 r'
1520 2883 1606 2914 om.
1647 2868 1718 2912 ed.

93 2933 153 2974 24
181 2945 372 2977 manum
400 2931 487 2976 LR
519 2931 822 2976 confirmatur
850 2929 1252 2988 interpretatione.
1389 2934 1445 2974 26
1475 2929 1675 2974 abscissa
1705 2927 1778 2973 ed.

183 2994 239 3034 27
271 2990 324 3035 in
353 2991 506 3046 forma
534 2991 622 3035 LR,
651 2990 723 3035 011.
756 2991 954 3046 informe
983 2989 1033 3036 r'.
