2014 3226
243 152 348 203 114
707 147 940 192 DONATI
971 148 1251 192 INTERPR.
1289 147 1462 193 VERG.

238 293 388 338 tiores
428 292 490 338 iis
532 290 617 351 qui
657 304 766 336 cum
809 304 866 335 ea
906 288 965 336 de
1005 289 1136 350 Tyro
1184 291 1237 335 in
1275 291 1420 336 tanta
1458 291 1753 337 necessitate
1792 292 1930 337 navi-

149 374 233 413 575
254 367 505 428 gaverant.
584 367 724 422 atquc
770 364 962 410 nimam
1009 377 1096 410 rex
1143 365 1247 423 ipse
1295 367 1403 410 ‘noto
1460 365 1719 422 conpulsus
1770 364 1930 411 eodem

236 440 426 498 adforet
469 437 688 485 Aeneas:
751 438 870 498 quia
924 437 1142 484 advertit
1189 437 1429 485 Troianos
1485 438 1606 485 satis
1662 436 1721 484 de
1768 437 1927 485 salute

234 514 364 575 regis
405 514 482 560 sui
522 527 624 559 esse
656 511 910 570 sollicitos,
943 511 1075 558 ultro
1109 511 1251 558 offert
1282 511 1620 572 inquisitionis
1654 512 1758 558 eius
1791 510 1927 559 auxi-

234 587 357 633 lium
398 587 447 632 et
487 587 630 647 optat
669 584 951 633 adventum.
1019 586 1235 644 equidem
1263 600 1358 645 per
1397 587 1541 632 litora
1580 588 1728 632 certos
1768 586 1925 632 dimit·
1971 602 1990 637 5

235 665 356 708 tam:
397 662 554 707 certos
594 659 722 706 dixit
761 659 1045 720 exploratae
1084 658 1376 723 diligentiae
1415 658 1639 707 homines
1676 661 1841 720 atque,
1871 660 1930 706 ut

235 735 443 782 satiaret
483 733 639 780 oblati
677 732 904 780 beneficii
935 734 1165 795 gratiam,
1199 733 1393 780 addidit
1426 736 1469 780 et
1495 732 1686 794 Libyae
1717 733 1929 781 lustrare

235 812 443 855 extrema
490 808 680 862 iubebO,
727 809 771 854 si
818 808 992 866 quibus
1032 809 1203 855 eiectus
1241 808 1378 854 silvis
1418 810 1505 854 aut
1541 807 1743 854 urbibus
1783 809 1925 854 errat.

233 882 313 928 hic
352 879 568 929 ostendit
591 880 844 944 Vergilius
884 880 973 930 sub
1013 881 1222 929 Didonis
1261 882 1471 942 imperio
1510 896 1610 928 non
1643 881 1786 928 illam
1816 883 1926 928 tan-

231 958 338 1003 tum
379 971 505 1016 quae
545 954 864 1016 condebatur,
905 955 990 1004 sed
1029 955 1214 1003 multas
1255 956 1380 1003 alias
1420 955 1571 1003 fuisse
1612 955 1856 1003 civitates.
1949 971 1988 1004 10

143 1037 228 1077 580
342 1029 441 1076 His
487 1030 709 1076 animum
756 1031 933 1078 arrecti
978 1030 1118 1077 dictis
1164 1032 1207 1077 et
1250 1031 1392 1090 fortis
1437 1028 1646 1077 Achates
1701 1032 1745 1077 et
1779 1032 1927 1088 pater

227 1101 421 1151 Aeneas
459 1104 750 1150 iamdudum
789 1117 1037 1163 erumpere
1067 1104 1242 1152 nubem
1274 1103 1539 1161 ardebant‚·
1579 1118 1732 1164 supra
1766 1095 1924 1169 (514)

228 1178 360 1225 enim
399 1177 526 1224 dixit
565 1178 891 1239 „laetitiaque
929 1179 1164 1239 metuque
1205 1177 1342 1225 avidi
1382 1178 1679 1240 coniungere
1727 1176 1923 1225 dextras

227 1250 483 1311 ardebant,
515 1251 600 1300 sed
638 1267 716 1299 res
757 1253 949 1299 animos
987 1253 1245 1315 incognita
1284 1251 1476 1299 turbat:
1518 1251 1836 1299 dissimulant
1875 1252 1925 1298 et

225 1325 353 1373 nube
395 1341 516 1373 cava
557 1325 876 1387 speculantur
915 1326 1087 1374 amicti
1128 1341 1253 1387 quae
1291 1327 1494 1373 fortuna
1531 1325 1675 1385 viris,
1716 1325 1923 1373 classem
1946 1341 1965 1374 1

227 1415 323 1460 quo
363 1399 510 1447 litore
549 1398 823 1461 linquant“.
888 1415 1000 1447 cum
1037 1399 1195 1463 igitur
1233 1400 1400 1447 omnia
1440 1400 1634 1448 cautius
1675 1399 1922 1460 exploras-

226 1476 348 1533 sent,
387 1490 447 1521 ne
478 1473 610 1521 Dido
652 1475 796 1536 quasi
833 1474 1087 1522 absentem
1117 1474 1322 1522 Aenean
1351 1474 1546 1522 iuberet
1575 1474 1776 1535 inquiri,
1809 1488 1922 1521 con-

225 1547 393 1595 silium
432 1547 531 1595 fuit
571 1549 629 1594 ut
666 1548 800 1596 ultro
841 1563 945 1596 sese
987 1548 1220 1597 offerrent
1259 1549 1345 1610 qui
1375 1548 1577 1595 fuerant
1606 1548 1709 1594 iam
1741 1547 1800 1594 de
1832 1562 1921 1594 sua

225 1636 283 1669 ac
322 1636 523 1669 suorum
562 1622 723 1670 salute
762 1622 935 1670 securi.
989 1624 1134 1682 prior
1171 1621 1378 1670 Aenean
1417 1622 1653 1682 conpellat
1688 1620 1921 1669 Achates:

222 1698 335 1743 nate
388 1696 491 1744 dea.
570 1696 689 1743 licet
743 1698 926 1756 socius,
979 1698 1170 1757 tamen,
1226 1696 1344 1758 quia
1393 1696 1492 1743 fuit
1541 1696 1767 1756 inferior,
1820 1711 1920 1743 non
1942 1711 1962 1743 2

223 1770 421 1816 nomine
467 1784 555 1818 suo
596 1785 708 1817 eum
748 1771 1046 1832 appellavit,
1093 1770 1179 1818 sed
1218 1785 1330 1818 cum
1369 1771 1505 1818 omni
1541 1768 1920 1818 honorificentia

224 1843 405 1892 omisso
443 1859 560 1891 vero
600 1845 799 1892 nomine
838 1847 1013 1892 natum
1051 1845 1180 1892 dixit
1219 1861 1276 1892 ex
1308 1844 1413 1892 dea.
1475 1844 1672 1905 reliqua
1702 1842 1919 1891 breviter

224 1917 439 1979 explicat
485 1933 612 1979 quae
651 1933 733 1966 eos
773 1919 1187 1967 sollicitaverant:
1240 1917 1395 1980 [quae
1431 1933 1563 1966 mmo
1603 1919 1766 1965 animo
1811 1931 1918 1965 sen-

223 1992 373 2039 tentia
409 1990 629 2053 sumit&
689 1994 869 2049 omnia,
899 1994 1080 2054 inquit,
1111 1996 1216 2041 tuta
1253 1993 1402 2049 vides,
1435 1993 1638 2040 classem
1674 1993 1917 2051 sociosque

222 2068 443 2124 receptos.
519 2080 649 2114 unus
696 2067 848 2122 abest,
894 2068 1050 2115 medio
1095 2069 1151 2115 in
1196 2068 1349 2127 fluctu
1392 2081 1532 2126 quem
1569 2066 1782 2114 vidimus
1817 2066 1916 2125 ipsi
1937 2081 1958 2115 2

138 2143 224 2185 585
241 2139 566 2195 submersum,
621 2140 761 2188 dictis
813 2141 1103 2202 respondent
1147 2144 1302 2189 cetera
1349 2142 1535 2188 matris.
1613 2139 1914 2188 confirmatis

222 2212 367 2260 rebus
414 2214 663 2274 prosperis
710 2215 876 2262 animo
929 2214 1168 2263 ardebant
1216 2217 1367 2277 rupta
1419 2214 1551 2262 nube
1597 2214 1819 2262 omnium
1863 2228 1915 2260 se

221 2289 592 2348 repraesentare
632 2289 990 2350 conspectibus,
1028 2291 1086 2337 ut
1120 2288 1307 2337 Didoni
1346 2289 1536 2353 gratius
1575 2287 1717 2335 fieret
1753 2301 1913 2336 susce·

221 2360 352 2421 pisse
390 2375 441 2408 se
478 2359 705 2409 faciliore
742 2363 826 2410 via
858 2379 1004 2425 quem
1034 2378 1216 2426 magno
1247 2363 1418 2411 labore
1450 2361 1683 2424 cupiebat
1711 2360 1911 2423 inquiri.

223 2433 632 2482 considerandum
679 2437 754 2483 est
801 2436 1046 2497 quomodo
1092 2437 1173 2484 hic
1211 2452 1408 2499 quoque
1445 2438 1617 2484 teneat
1653 2438 1802 2497 poeta
1839 2434 1912 2483 di·

221 2506 363 2555 cendi
386 2508 637 2569 virtutem,
664 2509 1078 2570 quemadmodum
1101 2511 1223 2559 locis
1248 2511 1350 2559 suis
1381 2525 1704 2573 personarum
1733 2507 1913 2556 merita

222 2579 471 2629 discernat
516 2597 574 2630 ac
619 2584 796 2630 servet.
871 2584 1079 2632 inferior
1123 2583 1339 2633 Achates
1387 2585 1505 2646 fuit,
1561 2585 1612 2632 et
1656 2583 1912 2631 meliorem
1930 2585 1959 2611 '-

220 2654 537 2715 prudentiam
583 2655 757 2704 debuit
801 2655 998 2706 Aeneae
1043 2657 1262 2707 tribuere
1310 2674 1456 2720 quem
1501 2656 1761 2706 constabat
1807 2670 1911 2704 esse
1956 2660 1957 2663 ’

1918 2734 1957 2747 Ν
1968 2735 1969 2739 ,

339 2845 366 2884 5
398 2845 583 2896 exoptat
611 2840 654 2884 R
684 2844 726 2885 et
755 2845 883 2898 optat
912 2857 947 2886 r.
1056 2846 1082 2886 9
1113 2843 1188 2888 hic
1217 2842 1304 2886 LR
1333 2842 1415 2886 hoc
1445 2841 1516 2885 ed.
1633 2845 1688 2885 23
1721 2854 1910 2898 quae—
1936 2871 1962 2897 :m

221 2902 277 3000 {g
306 2899 620 3011 mgaffeggt
649 2897 699 2943 in
729 2899 830 2956 LR,
864 2900 947 2945 sed
977 2900 1253 2958 explicatur.
1368 2905 1424 2945 28
1448 2905 1745 2958 praesentare
1775 2898 1848 2944 ed.
1926 2918 1945 2983 Ὶ-ζ-’Ὶ
