2014 3226
77 313 136 351 40

169 167 273 218 152
631 163 863 207 DONATI
894 161 1173 205 INTERPR.
1206 161 1385 205 VERG.

279 306 475 352 Interea
515 305 735 352 omnium
775 302 992 350 consiliis
1031 303 1085 348 in
1123 304 1366 349 incertum
1406 301 1629 348 adductis
1660 303 1857 361 prim-us

166 382 233 427 'ibe'
281 383 391 426 anto
437 380 593 424 onmis
639 393 819 436 mayna
867 378 1118 423 comitante
1165 380 1357 423 caterva
1404 375 1633 422 Laocoon
1679 376 1858 422 ardens

171 468 362 501 suon'ma
402 453 613 498 decurrit
651 452 711 498 ab
753 466 876 498 arce.
953 449 1285 497 Laocoontem
1325 451 1532 510 apparet
1570 449 1701 496 inter
1744 449 1858 496 illos

171 542 269 574 non
308 527 457 572 fuisse
499 525 583 586 qui
622 524 818 571 diversa
855 523 1156 584 tractabant,
1195 523 1404 584 denique
1452 538 1643 569 summa
1691 522 1859 569 decur-

170 600 310 647 rebat
351 615 406 646 ex
448 614 557 645 arce
589 613 699 645 cum
733 599 932 645 caterva
964 597 1155 660 ingenti
1188 596 1430 644 excitatus
1466 596 1633 656 utique
1667 598 1856 657 opinio-
1906 614 1926 646 5

170 675 313 720 nibus
353 674 653 719 incertarum
691 671 1063 731 sententiarum,
1098 671 1229 731 quod
1268 670 1513 717 incertum
1542 673 1765 717 metuens
1797 686 1859 716 ne

168 750 219 794 in
260 745 528 808 perniciem
567 745 786 793 civitatis
826 748 1102 793 verteretur
1139 744 1428 806 praevenire
1468 743 1712 804 cupiebat.
1783 759 1860 790 ar-

142 823 365 869 *dentem
414 821 580 866 autem
627 820 707 866 hic
754 835 853 866 non
892 819 1214 866 festinantem
1254 818 1401 877 dixit,
1447 821 1503 864 ut
1543 818 1633 864 alii
1669 818 1858 865 volunt.

171 897 257 955 qui
296 894 427 940 enim
467 893 660 940 dixerat
700 893 917 940 decurrit
954 892 1126 954 utique
1167 891 1407 953 expressit
1445 891 1764 938 festinantem
1813 894 1861 938 et

170 970 282 1030 plus
323 970 397 1014 est
436 982 629 1014 currere
670 983 818 1027 quam
856 967 1105 1014 festinare.
1169 968 1395 1027 superest
1435 981 1550 1028 ergo
1590 968 1647 1012 ut
1687 964 1859 1011 arden·
1888 983 1929 1014 1ο

171 1055 273 1088 tem
313 1041 460 1088 aliter
498 1040 693 1102 dixerit,
733 1041 921 1089 scilicet
961 1044 1048 1088 aut
1086 1040 1285 1102 ingenio
1326 1039 1619 1102 vigilantem
1651 1041 1740 1086 aut
1771 1054 1860 1100 pro

173 1119 307 1163 statu
346 1114 544 1176 publico
585 1118 888 1162 commotum
926 1114 1253 1162 vehementer.
1314 1115 1442 1160 certe
1475 1129 1573 1160 non
1604 1117 1864 1176 urgeretur

171 1190 233 1237 ad
280 1204 500 1249 cursum,
546 1188 643 1236 nisi
690 1189 844 1235 animi
892 1188 1169 1236 necessario
1216 1191 1355 1234 motu
1394 1188 1569 1235 fuisset
1607 1187 1862 1234 excitatus.

167 1268 214 1311 et
249 1263 449 1323 procul:
509 1265 707 1309 tantum
761 1265 1060 1310 commotum
1111 1264 1406 1323 tantumque
1453 1259 1670 1309 ostendit
1715 1264 1864 1322 poeta

171 1339 314 1384 illum
370 1352 472 1384 esse
525 1336 806 1396 turbatum,
854 1339 914 1384 ut
968 1335 1126 1383 adhuc
1179 1336 1326 1397 longe
1380 1336 1571 1397 positus
1627 1335 1864 1382 clamaret
1890 1351 1931 1384 15

172 1415 220 1459 et
282 1413 549 1471 antequam
607 1410 937 1458 tractantibus
999 1410 1308 1469 misceretur,
1372 1409 1733 1469 contradicens,
1803 1425 1862 1454 ne

176 1487 403 1547 suspecta
450 1483 666 1531 hostium
714 1484 843 1532 dona
891 1483 1184 1531 ducerentur
1222 1484 1274 1529 in
1312 1484 1542 1544 patriam.
1620 1497 1647 1529 o
1684 1484 1863 1537 welseri,

174 1573 297 1619 quae
335 1561 473 1606 tanta
510 1559 725 1612 insama,
767 1558 924 1605 cives?
998 1557 1215 1605 invectio
1256 1556 1474 1604 ardentis
1512 1556 1727 1604 hominis
1766 1572 1864 1605 non

174 1632 529 1680 contumeliosa
575 1632 629 1678 in
676 1632 820 1692 civis,
875 1631 961 1679 sed
1006 1647 1096 1693 pro
1144 1634 1278 1678 statu
1327 1631 1530 1692 publico
1575 1630 1866 1690 necessaria,

173 1708 343 1754 miseri
389 1706 529 1766 sunt,
573 1706 758 1767 inquit,
814 1706 899 1768 qui
947 1722 1005 1753 ea
1051 1706 1271 1753 sentiunt
1319 1704 1496 1765 quibus
1543 1705 1712 1752 miseri
1763 1703 1865 1751 effi·
1890 1722 1934 1753 20

175 1781 382 1828 ciantur.
436 1780 646 1841 denique
680 1779 878 1827 creditis
911 1779 1008 1827 duo
1042 1778 1262 1826 accidere
1288 1779 1391 1827 sine
1416 1778 1588 1826 fraude
1612 1776 1866 1840 potuisse?

176 1870 293 1901 nam
332 1856 402 1901 sic
439 1855 631 1915 posuit:
670 1855 862 1901 creditis
901 1856 1087 1901 avectos
1124 1853 1306 1900 hostis?
1370 1854 1456 1914 qui
1495 1852 1627 1900 enim
1665 1855 1742 1900 tot
1778 1867 1870 1914 per

178 1943 332 1975 annos
394 1929 648 1989 gesserant
707 1927 894 1974 bellum
955 1943 1045 1974 nec
1097 1927 1297 1974 fuerant
1351 1929 1577 1987 optatum
1631 1925 1867 1974 victoriae

176 2001 453 2063 praemium
516 2001 768 2049 consecuti
828 2017 927 2049 non
989 2000 1187 2064 longius
1242 2000 1582 2048 abscedebant.
1669 1999 1867 2046 creditis

179 2074 331 2122 etiam
369 2074 495 2121 illud
533 2077 699 2122 tutum
739 2091 841 2123 esse
880 2091 1024 2138 posse
1063 2075 1144 2122 vel
1182 2089 1395 2122 vacuum
1439 2073 1636 2135 fraude,
1683 2073 1868 2122 donum
1892 2090 1934 2121 25

180 2148 369 2196 scilicet
422 2148 522 2195 dici
575 2147 750 2196 debere
804 2148 937 2211 quod
988 2148 1299 2211 reliquerunt
1353 2145 1575 2196 inimici?
1650 2148 1743 2195 hoc
1795 2150 1869 2194 est

181 2222 312 2283 quod
369 2222 441 2270 ait
496 2226 582 2270 aut
633 2222 737 2270 ulla
781 2224 972 2282 putatis
1025 2224 1155 2270 dona
1210 2237 1374 2270 carere
1426 2223 1550 2270 dolis
1595 2221 1869 2268 Danaum?

180 2312 278 2344 11011
317 2298 515 2343 tantum
544 2296 638 2342 hoc
670 2300 953 2358 suspectum
985 2299 1073 2356 est,
1104 2295 1284 2358 inquit,
1315 2311 1487 2343 verum
1519 2296 1671 2343 etiam
1703 2296 1870 2342 omnia
1939 2353 1942 2356 ι

181 2385 309 2430 quae
357 2369 446 2417 sub
492 2369 856 2418 benivolentiae
903 2370 1065 2432 specie
1114 2368 1327 2438 Graecos
1382 2369 1683 2417 arbitramur
1727 2384 1869 2430 prae-

181 2445 382 2491 stitisse.
459 2443 691 2490 Danaum
737 2444 869 2506 quod
915 2444 1062 2504 dixit,
1117 2460 1215 2491 non
1268 2444 1429 2492 solum
1482 2458 1660 2490 nomen
1705 2442 1868 2506 gentis
1892 2459 1936 2490 30
1942 2443 1977 2464 ·’

179 2517 341 2565 voluit
387 2516 722 2564 demonstrare
769 2518 855 2566 sed
898 2518 1157 2567 hominum
1203 2517 1353 2565 etiam
1400 2532 1552 2582 genus
1599 2519 1868 2576 versutum,

181 2591 429 2651 dolosum,
476 2590 709 2637 callidum
751 2594 921 2653 atque,
968 2595 1024 2639 ut
1061 2592 1155 2639 hoc
1194 2591 1494 2652 adstrueret,
1530 2591 1686 2638 traxit
1725 2606 1869 2654 argu-

182 2667 406 2712 mentum
453 2679 483 2711 a
526 2679 738 2726 persona
775 2663 937 2713 mixis
985 2664 1071 2727 qui
1115 2665 1246 2713 bona
1292 2666 1503 2712 nesciret
1545 2666 1595 2730 et
1631 2665 1685 2711 in
1723 2663 1869 2712 malis

302 2855 328 2891 5
360 2850 533 2893 arcitus
565 2848 636 2893 ed.
760 2854 786 2891 9
819 2838 899 2905 qui
929 2863 1017 2893 om.
1050 2851 1171 2893 enim
1202 2852 1431 2904 transpos
1465 2849 1535 2892 ed.
1565 2850 1572 2905 Ι
1598 2847 1754 2904 utique
1784 2847 1872 2890 LR.
1935 2871 1987 2891 a·

183 2909 336 2964 itaque
366 2909 436 2952 ed.
525 2910 587 2951 '13
623 2913 738 2951 melu
762 2907 847 2950 LR
872 2907 943 2952 ed.
969 2914 1094 2952 motu
1117 2923 1140 2951 r
1163 2908 1219 2952 cf.
1242 2911 1392 2962 1,682.
1485 2912 1538 2950 21
1565 2907 1656 2951 duo
1680 2906 1767 2950 LR
1789 2905 1872 2950 edI

184 2968 307 3011 dona
331 2966 439 3012 edF.
549 2971 604 3010 26
631 2967 724 3010 dico·
749 2968 884 3010 lebere
901 2966 985 3009 LR
1010 2967 1052 3010 d.
1072 2968 1225 3012 debere
1249 2967 1283 3009 L
1303 2967 1343 3008 ΙΙ
1360 2980 1480 3009 man.
1499 2981 1523 3009 r
1541 2966 1781 3010 Minervae
1796 2965 1868 3009 ed.
