2014 3226
803 173 1108 218 AENEIDOS
1140 174 1183 217 V
1735 178 1767 228 5
1777 179 1801 228 1
1815 181 1838 228 1

149 314 266 362 30113
308 329 476 362 01113113
519 313 581 361 ad
630 330 742 360 eum
788 313 936 360 finem
975 316 1146 362 veniat
1191 315 1320 362 unde
1366 316 1544 377 incipit
1589 317 1640 362 in
1689 317 1844 363 alium

148 387 362 449 tendere,
395 390 452 434 ut
476 391 677 449 reparet
710 387 862 446 diem3
902 388 983 436 hic
1016 390 1147 436 enim
1187 387 1371 436 dicitur
1400 390 1638 451 temporis
1671 390 1844 438 modus

152 463 237 523 qui
269 463 490 509 mortuos
530 477 750 509 remeare
776 462 1028 523 conpellit.
1100 477 1302 510 saevum
1327 464 1566 510 orientem
1597 462 1719 511 bene
1758 480 1843 525 po-

150 535 252 583 suit
290 551 347 583 ex
386 550 598 597 persona
638 537 812 596 patris,
856 535 1090 596 quoniam
1131 537 1256 584 caeli
1303 552 1471 585 cursus
1518 537 1733 585 invitum
1773 553 1844 585 se-

104 625 123 658 5
149 608 363 671 parabat
403 625 432 656 a
471 608 589 656 fflio.
669 625 725 656 ex
774 625 831 657 eo
870 625 987 657 vero
1035 610 1299 658 collectum
1346 614 1420 658 est
1475 611 1628 658 solem
1682 611 1844 658 medio

148 684 307 732 noctis
348 685 594 742 exortum,
648 682 779 744 quod
817 683 948 731 hunc
995 684 1242 747 gallorum
1289 688 1462 732 cantus
1502 685 1732 732 nuntiare
1773 685 1845 732 di-

150 759 339 805 cantur.
418 772 517 805 non
564 757 657 804 hoc
706 759 906 804 tantum
956 758 1064 806 loco
1113 773 1288 806 saevus
1339 758 1499 806 dictus
1549 762 1622 807 est
1661 761 1844 820 oriens;

147 847 266 879 nam
305 834 356 879 et
393 831 499 879 11110
538 831 741 879 inimica
780 831 917 879 dicta
956 833 1030 879 est
1070 832 1155 878 lux
1193 831 1279 879 ubi
1318 833 1633 880 tenebrarum
1673 833 1846 880 suffra-

149 907 289 970 gium
326 904 563 967 proderat
602 898 677 971 (9,
704 899 836 971 355)
870 892 1213 966 „absistamus‚
1255 908 1340 966 ait,
1380 923 1495 954 nam
1527 907 1611 954 lux
1643 908 1846 954 inimica

0 988 1 1036 ξ
82 995 124 1028 10
148 978 497 1042 propinquat“‚
535 995 636 1026 non
675 979 901 1027 omnibus
940 981 1157 1038 inimica,
1198 981 1283 1027 sed
1314 981 1415 1028 illis
1449 980 1566 1029 solis
1600 996 1722 1042 (11103
1762 981 1846 1028 lux

149 1054 314 1102 fuerat
359 1053 631 1115 proditura.
711 1054 903 1102 dixerat
955 1058 999 1102 et
1051 1055 1210 1102 tenuis
1258 1056 1386 1114 fuyit
1434 1070 1519 1103 ceu
1564 1056 1733 1115 fumus
1777 1057 1831 1102 in
1850 1058 1935 1098 740

150 1142 330 1176 auras:
367 1127 494 1174 nihil
527 1130 602 1174 est
633 1129 766 1174 enim
798 1127 1003 1176 celerius
1034 1127 1187 1188 fumo,
1227 1142 1341 1175 cum
1372 1128 1584 1176 liberum
1614 1128 1847 1176 habuerit

148 1203 202 1249 in
226 1216 373 1250 auras
406 1216 679 1249 ascensum.
741 1200 938 1250 Aeneas
961 1216 1053 1262 quo
1078 1202 1251 1250 deinde
1281 1203 1427 1250 ruis?
1465 1217 1557 1262 quo
1587 1203 1846 1263 proripis?

148 1278 321 1337 inquit,
361 1290 500 1335 quem
536 1275 706 1336 fuyis?
756 1279 844 1323 aut
888 1278 997 1336 qais
1036 1280 1079 1323 te
1115 1278 1296 1324 nostris
1336 1277 1643 1337 conplexibus
1682 1277 1848 1325 arcet?

83 1365 125 1398 15
149 1350 257 1411 hoc,
298 1348 384 1411 ait,
423 1365 522 1396 non
555 1351 644 1410 est,
683 1351 842 1411 pater,
879 1350 1028 1410 abire,
1069 1350 1155 1398 sed
1185 1349 1369 1413 fugere.
1441 1365 1538 1412 quo
1569 1365 1847 1398 recessurus

148 1426 199 1472 te
222 1422 479 1486 proripis?
519 1423 598 1471 vel
631 1425 742 1485 quis
768 1425 844 1472 est
874 1424 968 1472 iste
999 1426 1103 1471 tam
1130 1424 1280 1471 durus
1314 1424 1401 1485 qui
1431 1426 1481 1471 te
1515 1424 1577 1472 ab
1610 1424 1848 1486 amplexi-

147 1498 243 1546 bus
282 1497 356 1545 fili
395 1496 668 1546 discernit?
742 1499 859 1546 haec
896 1512 1171 1546 memorans
1210 1500 1417 1546 cinerem
1456 1501 1500 1546 et
1527 1500 1706 1558 sopitos
1742 1512 1848 1545 sus·

150 1574 266 1621 citat
301 1573 455 1633 iynis:
493 1571 655 1620 verbis
694 1573 865 1620 iuncta
906 1574 1022 1620 sunt
1060 1572 1209 1632 facta,
1248 1574 1306 1619 ut
1345 1573 1450 1620 sine
1481 1587 1622 1620 mora
1652 1572 1848 1621 sollem-

150 1646 326 1695 nitatis
364 1646 491 1694 ritus
532 1645 730 1694 debitus
771 1649 1059 1708 sequeretur
1091 1645 1368 1694 abeuntem.
1437 1661 1537 1693 non
1568 1647 1850 1708 expectavit

16 1742 21 1746 ¹
82 1737 125 1769 80
149 1721 323 1781 lucem,
356 1720 443 1768 sed
472 1720 633 1768 noctis
665 1722 891 1782 tempore
912 1722 1082 1783 ignem
1106 1720 1338 1768 obrutum
1369 1722 1419 1767 et
1449 1720 1849 1768 commendatum

150 1794 398 1844 cineribus
439 1795 690 1842 excitavit.
767 1795 1179 1855 Perqameumque
1223 1794 1376 1842 larem
1428 1797 1471 1841 et
1518 1809 1671 1842 canae
1700 1808 1849 1854 pene-

150 1869 301 1917 tralia
349 1869 542 1917 Vestae:
594 1869 694 1930 ipsi
749 1870 865 1916 sunt
918 1883 1042 1930 quos
1096 1867 1323 1916 incendio
1370 1868 1565 1929 patriae
1611 1867 1848 1916 liberatos

150 1958 316 1992 secum
346 1942 541 1990 Aeneas
574 1942 755 1990 devota
793 1945 957 1990 mente
989 1941 1237 2004 portabat.
1314 1942 1451 2001 farre
1479 1943 1571 2002 pio
1610 1945 1652 1990 et
1680 1942 1833 2002 plena
1850 1945 1936 1985 745

149 2017 355 2078 supplex
398 2020 659 2065 veneratior
698 2031 895 2065 acerra:
942 2032 1057 2080 ergo
1104 2016 1226 2064 haec
1272 2015 1582 2077 propitiabat
1627 2016 1759 2063 farre
1798 2017 1848 2062 et

84 2107 127 2140 25
149 2093 263 2140 ture
303 2091 526 2153 copioso,
570 2092 748 2152 utpote
797 2090 929 2152 quod
975 2106 1032 2138 ex
1079 2090 1228 2152 plena
1275 2105 1445 2137 acerra
1490 2089 1847 2152 proferebatur.

152 2180 349 2213 acerrae
389 2164 638 2225 dicuntur,
679 2180 806 2226 quae
845 2165 948 2212 turi
987 2164 1238 2213 condendo
1291 2178 1348 2211 ac
1396 2163 1638 2212 servando
1686 2163 1846 2212 deser-

151 2241 297 2287 viunt
335 2241 386 2287 et
425 2238 488 2286 ad
525 2239 717 2301 templa
756 2238 1060 2298 defenmtur‚
1099 2253 1212 2287 cum
1250 2237 1514 2286 necessitas
1554 2238 1720 2286 fuerit.

264 2313 520 2374 Extemplo
569 2314 724 2361 socios
764 2314 1079 2373 primwmque
1129 2313 1330 2360 arcessit
1364 2309 1570 2360 Acesten
1620 2315 1663 2360 et
1710 2311 1848 2359 Iovis

151 2389 414 2447 impe-riam
451 2389 496 2435 et
539 2388 646 2436 cari
681 2390 950 2447 praecepta
989 2387 1217 2447 parentis
1263 2385 1421 2434 edocet
1458 2389 1503 2433 et
1545 2400 1670 2446 quae
1716 2399 1849 2433 nume
1887 2443 1896 2451 .

85 2477 129 2510 ao
153 2463 318 2510 animo
363 2462 600 2510 sententia
646 2463 846 2508 constet:
897 2475 1081 2524 magna
1125 2459 1361 2508 narrandi
1412 2459 1660 2508 celeritas:
1706 2457 1848 2519 vidit,

151 2535 338 2597 inquit,
401 2534 615 2583 Acesten
669 2534 909 2597 primum,
963 2534 1139 2582 (10111110
1191 2535 1371 2594 300103,
1431 2533 1675 2581 indicavit
1727 2531 1848 2594 quid

152 2609 382 2671 Iuppiter
404 2608 620 2657 Anchise
644 2609 924 2671 perferente
948 2608 1296 2671 praecepisset,
1328 2606 1448 2669 quid
1477 2608 1585 2669 ipse
1607 2605 1847 2655 Anchises

273 2813 300 2852 2
330 2809 406 2853 hic
434 2813 500 2854 est
528 2808 617 2852 LR
653 2809 728 2853 hic
758 2810 879 2853 emim
909 2821 993 2852 nos
1031 2808 1115 2852 hoc
1145 2813 1208 2853 est
1238 2806 1311 2854 ed.
1481 2811 1508 2850 3
1539 2805 1733 2850 mortuis
1761 2803 1849 2847 LR

154 2881 267 2912 corr.
301 2867 372 2912 ed.
528 2873 554 2912 6
586 2869 779 2913 exhorta
810 2867 846 2910 L
885 2868 1118 2912 exhortam
1148 2867 1191 2910 R
1228 2871 1434 2912 emortum
1463 2880 1488 2909 1·
1518 2865 1592 2910 ed.
1742 2866 1770 2908 8
1806 2867 1850 2907 et

152 2927 251 2971 illic
272 2926 309 2970 L
333 2927 405 2971 ed.
431 2932 473 2971 et
503 2940 593 2971 om.
618 2926 673 2971 R.
793 2930 847 2970 17
880 2926 1100 2971 discernit
1128 2925 1216 2969 LR
1245 2930 1421 2982 separet
1450 2924 1521 2969 ed.
1637 2927 1694 2967 24
1725 2936 1847 2967 acer·

153 2999 245 3030 rua
274 2985 318 3029 R
349 2999 463 3030 corr.
488 3001 524 3031 r.
647 2990 704 3030 26
737 2986 857 3031 turis
886 2998 971 3043 pro
1002 2986 1098 3030 turi
1128 2985 1178 3029 L.
1300 2987 1358 3028 28
1388 2997 1446 3029 ex
1473 2984 1591 3028 iovis
1619 2981 1669 3026 L.
