2014 3226
788 170 1091 215 AENEIDOS
1122 169 1165 214 Π
1728 170 1830 221 185

139 313 416 361 volentibus
450 311 762 371 attributum,
795 313 978 358 crimen
1017 327 1116 358 non
1149 312 1238 370 est,
1270 312 1312 358 si
1345 324 1571 358 concesso
1608 313 1828 371 tempore

140 387 426 434 dormiatur.
487 387 537 433 {n
576 387 758 432 somnis
797 400 895 432 ecee
927 388 1038 431 ante
1068 384 1229 432 oculos
1260 386 1609 432 maestissimus
1639 384 1819 431 Hector
1834 388 1919 426 270

140 463 274 508 visus
312 460 478 507 adesse
515 460 634 506 milei.
673 459 926 518 laryosque
966 460 1211 517 effundere
1249 460 1412 516 fletus:
1463 454 1548 505 hic
1580 458 1831 520 Vergilius

139 536 460 582 tractatnon
491 547 648 593 veras,
681 533 764 581 sed
803 533 1085 580 verisimilis
1117 532 1359 595 imagines
1393 532 1565 592 videri,
1599 548 1710 580 cum
1744 532 1831 578 ali—

96 625 116 658 5
141 624 266 670 quae
314 607 672 655 dormientibus
730 607 1014 654 offeruntur.
1104 605 1288 653 idcirco
1343 606 1468 653 dixit
1524 622 1581 653 ex
1636 606 1831 653 Aeneae

140 697 350 744 persona
394 683 528 729 visus
577 681 767 741 adesse,
815 683 934 742 quia
979 680 1166 727 Hector
1211 681 1289 727 illi
1334 697 1432 727 non
1480 695 1625 727 verus
1674 696 1831 741 neque

139 757 244 817 ipse
285 757 371 817 qui
410 755 520 814 fuit,
561 754 646 802 sed
684 755 968 802 verisimilis
1010 754 1142 802 visus
1185 757 1283 801 est:
1349 755 1527 815 incipit
1565 756 1666 800 iam
1708 755 1831 800 ima-

141 829 331 893 ginatio
364 830 496 890 ipsa:
537 829 798 890 descripsit
828 829 997 875 tristia
1037 829 1205 875 omnia
1246 830 1394 889 atque
1435 828 1641 875 adversa
1681 828 1832 891 signi-

138 903 312 964 ficans,
366 905 608 963 maestus,
660 904 848 964 inquit,
904 904 1001 949 fuit
1054 903 1319 964 largosque
1374 902 1518 949 fletus
1571 901 1833 949 videbatur

75 994 117 1026 ιο
141 977 400 1026 effundere.
484 980 711 1037 raptatus
764 977 908 1036 blois,
961 979 1015 1022 ut
1068 977 1333 1035 quondam,
1392 980 1585 1034 aterque
1639 979 1832 1023 cruento

132 1052 335 1112 pulvere
379 1065 566 1111 perque
606 1052 759 1110 pedes
804 1053 1031 1098 traiectus
1077 1051 1184 1097 tora
1231 1052 1476 1105 tumentis,
1524 1051 1819 1108 squalentem
1837 1054 1920 1093 277

143 1126 345 1173 barbam
385 1129 428 1172 et
458 1128 696 1172 concretos
734 1126 974 1185 sanquine
1013 1126 1162 1172 erinis
1201 1125 1498 1183 ‘vulneraque
1535 1124 1621 1171 illa
1663 1139 1834 1183 {lerens

142 1213 266 1260 quae
319 1201 500 1247 circum
545 1200 770 1259 plurima
819 1213 985 1246 muros
1039 1200 1222 1257 accepit
1265 1200 1480 1257 patrios:
1543 1214 1715 1260 gerens
1771 1198 1833 1245 ad

144 1273 310 1320 omnia
348 1274 586 1335 pertinet,
625 1274 681 1319 ut
721 1274 788 1321 sit
827 1273 1137 1335 squalentem
1174 1271 1382 1319 barbam
1421 1287 1593 1334 gerens
1634 1275 1683 1319 et
1723 1287 1834 1320 con-

75 1363 119 1396 15
141 1348 300 1396 cretos
349 1349 591 1409 sanguine
639 1347 788 1395 crinis
835 1362 1008 1410 geren-s
1048 1347 1353 1407 vulneraque
1393 1346 1481 1392 illa
1520 1362 1716 1408 gerens,
1764 1348 1833 1405 ut,

143 1421 338 1469 etiamsi
378 1421 505 1468 nihil
544 1421 707 1469 verbis
747 1423 1042 1481 nuntiasset,
1081 1420 1363 1468 coniectura
1404 1420 1720 1483 colligeretur
1758 1421 1832 1467 fu-

140 1498 281 1543 nesta
314 1495 623 1557 portendere,
654 1497 832 1557 utpote
874 1511 999 1556 quae
1039 1496 1201 1542 essent
1232 1495 1369 1554 victi,
1398 1495 1560 1552 occisi,
1584 1495 1744 1542 tristis
1776 1509 1835 1542 ac

141 1569 342 1618 sordidi.
394 1570 522 1617 ultro
554 1571 675 1628 flcns
706 1571 807 1628 ipse
838 1570 1039 1616 ‘videbar
1064 1569 1334 1628 conpellare
1357 1570 1519 1615 virum
1545 1571 1587 1614 et
1608 1571 1820 1616 maestas
1836 1573 1922 1612 ‘280

142 1658 416 1704 expromere
454 1658 613 1692 voces:
651 1658 761 1691 ecce
802 1645 852 1690 et
888 1643 970 1690 hic
1010 1643 1196 1691 adserit
1233 1644 1383 1703 poeta
1420 1658 1519 1689 non
1554 1658 1696 1690 veras
1730 1657 1833 1690 esse

76 1734 118 1766 20
140 1719 404 1780 imagines,
445 1717 530 1765 sed
568 1717 852 1766 verisimilis
893 1733 1020 1778 quae
1059 1717 1294 1764 videntur
1330 1717 1383 1763 in
1423 1717 1620 1763 somnis.
1700 1716 1832 1763 deni-

143 1801 237 1852 que
282 1799 384 1839 non
431 1792 556 1839 dixit
602 1791 795 1840 Aeneas
841 1791 958 1838 flevi
1005 1793 1092 1838 aut
1137 1791 1332 1838 locutus
1383 1806 1513 1850 sum,
1569 1790 1655 1838 sed
1698 1791 1833 1839 visus

142 1881 246 1913 sum
294 1866 420 1913 mihi
465 1866 581 1913 flere
627 1867 708 1914 vel
755 1865 917 1927 loqui,
963 1865 1131 1913 tristia
1176 1866 1282 1912 sine
1330 1864 1501 1924 dubio,
1553 1864 1670 1925 quia
1717 1864 1833 1912 talis

140 1954 351 2000 persona
389 1940 653 1988 videbatur
692 1939 903 1988 adstare.
966 1954 992 1986 o
1033 1940 1116 1986 lux
1154 1939 1464 1994 Dardaniae,
1501 1952 1610 1998 spes
1641 1953 1667 1985 o
1699 1939 1834 1997 fidis-

139 2015 267 2061 sima
308 2014 561 2070 Teucrum,
602 2029 725 2074 quae
764 2017 927 2062 tantae
965 2017 1157 2060 tenuere
1193 2014 1391 2060 morae?
1442 2013 1617 2072 quibus
1654 2013 1835 2060 Hector

76 2103 118 2136 25
143 2087 199 2135 ob
246 2090 345 2136 oris
396 2091 631 2148 expectate
676 2089 845 2136 venis?
891 2091 945 2135 ut
983 2091 1024 2135 te
1054 2091 1171 2147 post
1205 2088 1361 2134 multa
1399 2091 1594 2134 tuorum
1638 2088 1834 2147 funera,

133 2163 245 2222 post
267 2162 432 2210 varios
462 2163 803 2222 hominumque
833 2162 1062 2221 urbisque
1094 2162 1282 2208 labores
1313 2161 1489 2221 defessi
1520 2161 1819 2220 aspicimus?
1837 2166 1922 2204 285

142 2250 265 2294 quae
312 2251 464 2284 eausa
500 2236 706 2297 indiyna
744 2240 938 2284 serenos
975 2236 1191 2295 foedavit
1226 2235 1422 2282 vultus?
1469 2238 1557 2282 aut
1594 2249 1682 2282 eur
1719 2236 1835 2282 haee

73 2326 76 2329 ·
142 2302 346 2358 vulnera
384 2311 556 2358 cerno?
594 2311 677 2358 ille
713 2311 838 2358 nihil
875 2323 960 2358 nec
993 2325 1068 2358 me
1100 2313 1404 2370 quaerentem
1434 2324 1567 2357 vana
1596 2311 1831 2364 moratur,

141 2383 226 2431 sed
258 2380 475 2444 yr‘aviter
507 2387 712 2445 yemitus
749 2386 847 2432 imo
886 2384 945 2432 de
974 2387 1166 2444 pectore
1205 2383 1407 2431 ducens:
1461 2398 1677 2431 errorem
1723 2382 1833 2430 dor-

77 2472 120 2506 ⁸0
142 2457 342 2506 mientis
387 2458 549 2506 voluit
593 2460 744 2521 poeta
789 2457 1085 2518 describere,
1131 2457 1192 2504 ut
1231 2457 1362 2518 quod
1402 2457 1586 2519 optime
1626 2458 1835 2504 noverat

146 2531 287 2591 quasi
324 2531 518 2580 nescius
557 2534 904 2596 interrogaret,
944 2531 1119 2580 deinde
1159 2546 1216 2580 eo
1261 2533 1485 2592 tempore
1533 2546 1629 2592 quo
1676 2532 1834 2578 mani-

141 2602 268 2653 festo
306 2605 588 2654 discrimine
626 2606 904 2666 tenebatur,
935 2621 992 2654 eo
1030 2607 1253 2668 tempore
1293 2621 1391 2667 quo
1430 2621 1528 2653 non
1569 2605 1633 2652 ad
1669 2605 1832 2652 inanis

143 2676 358 2740 fabulas,
403 2680 489 2728 sed
535 2680 599 2727 ad
643 2679 997 2728 insinuandum
1042 2680 1303 2728 interitum
1341 2679 1520 2726 Troiae
1561 2680 1612 2726 et
1649 2678 1712 2725 ad
1751 2693 1835 2725 ex-

262 2866 288 2906 8
321 2866 559 2922 descripsit
588 2865 624 2908 L
657 2864 871 2910 describit
900 2863 942 2907 R
972 2864 1166 2910 describi
1193 2879 1218 2907 1·
1248 2869 1290 2908 et
1319 2863 1573 2908 describens
1603 2863 1675 2907 ed.
1710 2864 1718 2920 l
1751 2863 1834 2907 tri·-

143 2922 274 2966 stitia
302 2922 391 2967 LR
419 2925 574 2970 tristia
604 2939 629 2967 r
660 2924 730 2968 ed.
872 2928 924 2967 11
957 2935 1116 2966 versus
1141 2926 1378 2967 274—276
1409 2923 1482 2966 hei
1497 2949 1553 2954 —
1571 2923 1694 2980 iynis
1722 2921 1836 2965 lem·

32 3003 89 3226 ἰ
144 2980 262 3024 mati
293 2980 492 3027 inseruit
522 2983 592 3027 ed.
627 2983 798 3027 desunt
828 2982 879 3026 in
910 2982 998 3026 LR
1027 2994 1180 3038 neque
1211 2981 1518 3038 explicantur.
