2014 3226
779 186 1081 231 AENEIDos
1115 188 1134 230 1
1700 189 1802 240 1:23

109 331 270 377 sentes
302 327 459 391 igitur
491 327 679 375 detenti
713 330 843 387 sunt,
869 329 955 388 qui
988 327 1157 389 epulas
1191 329 1442 375 sumerent
1475 344 1588 376 cum
1616 330 1803 390 regina,

111 402 396 451 absentibus
445 417 560 449 vero
610 404 659 448 et
705 401 757 448 in
804 402 950 448 litore
997 403 1281 450 constitutis
1336 403 1473 449 misit
1526 403 1804 449 necessaria

108 476 283 536 victui,
339 491 466 536 quae
507 474 699 523 abunde
747 478 1071 536 superessent.
1153 479 1222 535 et,
1271 477 1389 537 quia
1436 491 1641 523 munera
1694 491 1804 523 cum

109 552 288 599 ornatu
342 565 430 597 suo
478 549 731 613 Vergilius
786 550 973 612 tangit,
1036 550 1218 597 idcirco
1282 550 1449 611 posuit
1501 565 1587 597 nec
1640 552 1804 596 minus

65 642 84 675 5
108 627 291 673 interea
328 625 471 671 sociis
510 623 577 670 ad
608 624 755 670 litora
785 624 928 670 mittit
958 625 1129 683 viyintc'
1162 627 1343 679 tauros,
1376 638 1666 684 rna-qnorum
1696 624 1805 670 hor·

107 700 265 746 rendist>
312 701 498 749 centum
546 701 676 757 {ema
724 711 890 752 suum,
930 699 1136 757 pinquis
1175 701 1363 746 centum
1402 714 1511 746 cum
1549 698 1789 746 matribus
1808 703 1892 742 635

108 786 274 833 aynos,
304 787 511 819 munera
550 772 875 831 laetitiamque
915 772 1004 819 dei.
1068 771 1264 834 viginti,
1303 772 1482 833 inquit,
1522 774 1709 831 tauros,
1749 774 1806 818 ut

107 861 309 893 numero
351 847 401 893 et
439 861 615 908 genere
657 845 951 892 animalium
991 849 1191 893 ornaret
1231 846 1366 907 quod
1404 845 1607 893 laudare
1641 845 1804 907 dispo-

107 923 285 968 suerat.
364 921 407 966 si
461 921 594 967 enim
639 921 828 967 taceret
875 919 934 966 de
981 921 1140 967 tauris
1188 922 1238 967 et
1285 936 1455 967 eorum
1502 935 1705 967 numero
1757 921 1806 967 et

42 1012 85 1045 ιο
106 994 255 1042 boves
290 993 489 1053 diceret,
521 995 767 1041 minueret
806 994 1025 1056 gratiam
1063 994 1323 1057 largientis
1363 997 1412 1041 et
1452 1010 1622 1042 eorum
1660 993 1805 1040 meri-

106 1070 215 1116 tum
253 1070 340 1130 qui
378 1068 468 1116 hos
508 1068 708 1115 fuerant
745 1069 1052 1130 percepturi3
1091 1069 1384 1130 plerumque
1426 1068 1558 1115 enim
1595 1083 1686 1130 pro
1728 1083 1805 1114 ac-

107 1143 301 1204 cepturi
346 1157 560 1203 persona
607 1144 694 1189 aut
740 1141 943 1189 maioris
990 1141 1157 1189 meriti
1210 1158 1417 1190 munera
1472 1144 1559 1189 aut
1612 1142 1806 1189 minora

106 1218 389 1264 mittuntur.
451 1232 748 1278 magnorum
779 1216 1034 1264 horrentia
1070 1218 1267 1264 centum
1306 1219 1450 1278 terga
1489 1232 1656 1264 suum:
1697 1230 1805 1263 ecce

108 1292 158 1338 et
202 1290 282 1337 hic
330 1306 360 1337 a
406 1305 610 1338 numero
652 1291 792 1338 auxit
830 1289 1221 1338 benivolentiam
1260 1290 1425 1339 dantis
1466 1292 1516 1338 et
1554 1290 1805 1352 magnitu-

42 1382 84 1415 15
109 1363 221 1412 dine
267 1365 503 1426 laterum3
557 1365 812 1412 horrentia
861 1380 951 1431 pro
1001 1364 1305 1413 admirandis
1344 1366 1526 1427 posuit.
1604 1364 1805 1426 pinguis

107 1441 305 1487 centum
343 1454 456 1486 cum
494 1438 738 1486 matribus
780 1454 957 1501 agnos:
1009 1454 1108 1486 non
1146 1440 1351 1487 recessit
1391 1455 1420 1486 a
1459 1439 1676 1486 numeris
1717 1452 1807 1484 nec

108 1512 169 1561 ab
208 1513 319 1575 ipsa
358 1513 626 1574 qualitate3
680 1529 798 1561 nam
836 1514 1037 1576 pinguis
1078 1528 1232 1576 agnos
1273 1513 1422 1574 dixit,
1469 1512 1556 1574 qui
1595 1513 1804 1576 pingues

107 1603 206 1636 non
261 1589 444 1647 essent,
499 1588 598 1635 nisi
651 1589 701 1634 et
755 1602 925 1635 eorum
978 1589 1162 1635 matres
1217 1587 1344 1635 tales
1399 1587 1627 1634 fuissent.
1706 1587 1806 1632 cito

109 1663 275 1709 autem
312 1677 401 1723 per
441 1662 781 1709 centenarium
818 1677 1079 1708 numerum
1120 1677 1364 1723 agnorum
1384 1660 1615 1708 'ducenta
1654 1659 1806 1707 fuisse

41 1751 85 1786 20
109 1735 275 1797 capita
326 1735 700 1783 demonstravit.
778 1750 985 1782 munera
1031 1735 1377 1797 laetitiamque
1426 1734 1528 1782 dei:
1589 1736 1643 1781 in
1689 1734 1806 1780 vino

106 1812 306 1857 tantum
360 1824 464 1857 esse
518 1809 727 1857 missum
781 1809 1013 1857 debemus
1068 1809 1356 1873 intellegere
1405 1810 1647 1870 quantum
1694 1822 1806 1856 con·

107 1885 309 1947 grueret
356 1885 529 1931 ceteris
579 1898 706 1945 quae
747 1884 1008 1945 speciatim
1047 1885 1309 1931 numerata
1348 1886 1478 1931 sunt.
1555 1881 1806 1931 ordinatio

108 1972 276 2006 sensus
323 1957 502 2005 melius
550 1957 863 2005 intellectum
902 1957 1193 2019 patefaciet,
1240 1973 1369 2019 quae
1410 1959 1486 2005 est
1522 1956 1663 2005 talis:
1718 1971 1808 2003 nec

107 2033 269 2080 minus
301 2032 492 2079 interea
525 2032 672 2080 sociis
705 2031 770 2079 ad
801 2030 952 2079 litora
987 2033 1147 2079 mittit
1184 2047 1392 2079 munera
1431 2033 1481 2078 et
1520 2030 1641 2078 dicit
1681 2045 1806 2092 quae

42 2120 84 2156 25
109 2107 210 2153 sint
254 2107 366 2168 ipsa
411 2122 633 2167 munera,
678 2105 876 2170 viginti,
914 2107 1095 2167 inquit,
1134 2108 1320 2167 tauros,
1360 2121 1656 2169 magnorum
1693 2104 1807 2151 hor-

79 2181 269 2234 rentia
309 2181 506 2228 centum
544 2182 688 2243 terga
726 2195 893 2239 suum,
931 2181 1133 2243 pinguis
1174 2181 1372 2227 centum
1412 2194 1525 2227 cum
1562 2177 1807 2227 matribus

110 2269 263 2318 agnos
302 2254 651 2316 laetitiamque
689 2253 783 2301 dei.
860 2253 1067 2302 litorum
1107 2254 1226 2302 fecit
1263 2255 1590 2314 mentionem,
1637 2254 1695 2299 ut
1732 2253 1806 2298 in-

107 2327 402 2391 tellegamus
451 2328 577 2376 alios
622 2327 775 2376 fuisse
821 2328 876 2375 in
925 2343 1118 2376 secessu
1163 2328 1336 2393 longe,
1384 2327 1510 2376 alios
1557 2326 1610 2374 in
1649 2326 1806 2373 altero

109 2400 270 2463 litore,
310 2401 398 2464 qui
437 2417 550 2450 cum
580 2401 770 2450 Ilioneo
811 2402 1012 2450 fuerant
1048 2402 1263 2462 liberati,
1297 2417 1353 2451 ac
1391 2418 1482 2464 per
1519 2402 1612 2448 hoc
1651 2401 1806 2448 omni-

42 2490 88 2526 80
109 2473 200 2523 bus
245 2476 559 2540 intellegitur
603 2477 820 2536 misisse,
867 2491 980 2523 cum
1026 2475 1150 2524 dicit
1196 2476 1260 2524 ad
1306 2476 1471 2525 litora.
1548 2477 1602 2523 at
1636 2475 1807 2522 domus

109 2549 310 2598 interior
360 2549 515 2611 restali
566 2549 827 2610 splendida
879 2550 1001 2598 luxu
1045 2551 1321 2599 instruitur.
1400 2549 1502 2598 alia
1546 2547 1806 2596 moralitas

54 2734 65 2761 4
229 2711 256 2749 2
287 2720 390 2751 vero
422 2720 514 2751 om.
539 2706 611 2750 ed.
750 2710 776 2749 6
808 2709 987 2750 centum
1010 2706 1207 2763 pinquis
1238 2705 1310 2749 ed.
1450 2709 1475 2748 9
1507 2710 1550 2749 et
1578 2717 1733 2748 eorum
1751 2728 1806 2734 —

113 2768 169 2809 10
201 2766 439 2824 largientis
469 2779 557 2810 om.
590 2770 756 2810 taceret
786 2763 1034 2808 substituit
1065 2765 1136 2808 ed.
1319 2769 1373 2808 12
1413 2764 1606 2808 minoris
1645 2762 1716 2806 ed.
1798 2765 1800 2768 ’

46 2835 58 2866 ³
114 2827 169 2868 15
202 2825 399 2870 latorum
427 2839 463 2868 r.
611 2829 666 2868 17
698 2838 809 2868 nam
840 2837 929 2868 om.
956 2823 1028 2868 ed.
1177 2828 1231 2868 19
1265 2837 1490 2882 aynorum
1522 2836 1610 2866 om.
1644 2820 1715 2865 ed.

112 2886 168 2926 22
199 2889 441 2929 numerata
470 2883 559 2928 LR
588 2897 781 2928 munera
814 2882 887 2926 ed.
979 2887 1036 2926 23
1067 2897 1158 2928 esse
1188 2882 1276 2927 LR
1306 2888 1371 2928 est
1399 2897 1423 2925 r
1454 2881 1526 2925 ed.
1620 2884 1678 2923 24
1708 2894 1805 2924 mu·

110 2955 224 2988 nera
246 2956 335 2987 om.
354 2943 426 2987 ed.
511 2947 568 2987 25
591 2947 701 2988 swnt
723 2942 795 2987 ed.
882 2947 938 2986 26
962 2955 1097 2988 suum
1120 2941 1208 2986 LR
1229 2956 1265 2987 s.
1282 2947 1325 2986 et
1347 2941 1419 2985 ed.
1506 2944 1560 2984 31
1585 2940 1755 2997 reyalis
1771 2938 1806 2981 L

51 2998 67 3047 1,
111 3001 304 3060 regalis]
331 3015 437 3047 cum
459 3014 624 3047 rasura
646 3001 689 3045 R
713 3002 764 3046 at
785 3000 910 3045 infra
933 3002 1091 3059 reqali.
1119 3003 1126 3059 Ι
1153 3002 1392 3047 moralitas
1415 2999 1502 3043 LR
1524 2999 1711 3044 molitur
1734 2997 1804 3040 ed.

46 3055 73 3226 Ξ
