2014 3226
224 178 334 230 544
693 177 926 221 DONATI
959 177 1235 220 INTERPR.
1270 177 1445 221 VERG.

224 318 295 365 ait
334 320 473 365 vates
516 320 563 364 et
609 318 700 364 hoc
748 318 882 365 clara
922 333 1039 364 voce
1079 320 1292 364 nuntiat.
1372 319 1648 365 conclamat
1680 319 1817 365 vates
1859 333 1916 365 ex

222 408 433 453 persona
474 394 647 452 poetae
696 391 883 439 dictum
932 393 1027 452 est,
1078 392 1272 452 reliqua
1312 408 1369 439 ex
1420 407 1501 438 ore
1544 391 1764 453 Sibyllae
1803 407 1914 452 pro-

134 465 220 505 260
239 467 503 514 cesserunt.
593 469 735 523 tuque
788 466 965 513 invade
1018 467 1149 513 viam
1202 467 1475 526 vayinaque
1531 467 1660 525 eripe
1712 467 1915 524 ferrum.

221 555 354 587 nunc
394 541 573 587 animis
613 553 749 599 opus,
790 537 972 595 Aenea,
1010 555 1142 587 nune
1172 543 1365 599 pectore
1402 541 1545 598 firmo
1557 556 1572 585 .·
1620 541 1696 601 tu,
1736 538 1915 600 inquit,

223 614 405 673 Aenea,
444 615 579 661 viam
619 613 853 660 audacius
893 613 1087 674 invade,
1130 613 1249 661 educ
1290 614 1474 676 vagina
1522 613 1764 676 gladium,
1812 612 1916 660 ani·
1960 626 1998 671 εξ

222 704 358 733 mum
397 702 640 748 praepara
680 689 730 734 et
770 690 873 734 esto
914 687 1201 735 firmissimo
1241 690 1452 748 pectore.
1531 690 1721 735 tantum
1769 689 1916 747 effata
1992 676 1998 750 J

222 763 393 820 furens
426 764 565 807 antro
605 775 655 808 se
694 763 878 808 inmisit
917 765 1109 821 aperto:
1156 777 1266 808 cum
1306 762 1426 808 haec
1461 761 1658 809 Aeneae
1699 760 1916 820 dixisset,
1993 754 1996 759 ¹

225 838 444 895 antrum,
499 835 631 895 quod
681 850 875 896 semper
919 835 1146 896 patebat,
1196 837 1420 898 ingressa
1467 837 1543 883 est
1588 835 1756 882 furens
1804 850 1916 883 cum
1990 824 1997 899 ξ

223 909 356 956 omni
418 911 780 970 properatione.
873 910 955 956 ille
1015 911 1183 957 duceni
1245 911 1363 958 haut
1424 909 1605 956 timidis
1665 909 1916 957 vadentem
1992 926 1996 962 ε

212 983 450 1043 passibus
491 987 692 1041 aequat:
731 983 821 1030 illa
861 984 999 1045 prior
1036 983 1300 1046 pergebat,
1347 998 1474 1045 quae
1514 982 1714 1030 numine
1754 983 1916 1030 fuerat
1941 996 1982 1041 19

221 1057 369 1118 plena
409 1059 458 1104 et
498 1057 647 1104 eundi
684 1057 918 1104 fiduciam
949 1057 1166 1120 gerebat,
1198 1057 1392 1105 Aeneas
1425 1072 1541 1105 vero
1574 1058 1731 1119 ipsius
1764 1058 1915 1104 socie·

221 1134 325 1178 tate
388 1130 598 1178 confisus
659 1131 768 1179 ibat
828 1148 927 1178 non
998 1133 1186 1178 minore
1259 1147 1432 1194 gressu
1494 1147 1644 1192 quam
1707 1130 1911 1192 Sibylla.

221 1221 455 1267 magnam
504 1207 836 1253 constantiam
875 1206 1070 1253 Aeneae
1117 1206 1267 1253 fuisse
1319 1205 1538 1253 ostendit
1584 1205 1788 1252 dicendo
1829 1220 1912 1252 va·

222 1279 419 1327 dentem
465 1279 693 1340 passibus
734 1282 918 1340 aequat
956 1279 1079 1326 haut
1117 1279 1327 1338 timidis3
1376 1295 1493 1326 nam
1541 1281 1627 1340 qui
1667 1278 1913 1327 confidens

220 1353 595 1414 praecedentem
630 1355 857 1415 sequitur
881 1354 984 1401 sine
1010 1353 1158 1401 dubio
1183 1355 1430 1415 posterior
1454 1352 1678 1401 ambulat
1701 1352 1913 1416 vestigia
1940 1359 1981 1407 ω

222 1427 606 1475 demonstrantis
654 1428 920 1475 observans
969 1431 1018 1475 et
1066 1427 1154 1489 qui
1198 1428 1422 1490 trepidus
1462 1426 1602 1475 vadit
1650 1426 1708 1474 fit
1753 1429 1914 1474 metus
1981 1425 1993 1475 ι’

221 1516 371 1548 causa
398 1502 602 1563 tardior,
641 1501 834 1549 Aeneas
868 1504 1035 1549 autem
1065 1503 1209 1550 tanta
1241 1501 1396 1549 animi
1426 1500 1607 1549 fiducia
1637 1501 1914 1562 tenebatur,

220 1577 279 1622 ut
319 1575 540 1638 Sibyllae
578 1577 806 1638 passibus
847 1592 960 1624 suos
1001 1591 1196 1638 gressus
1237 1577 1488 1637 aequaret.
1980 1633 1981 1638 ¹

332 1650 424 1698 Dii
461 1651 635 1710 quibus
674 1652 935 1710 imperium
966 1654 1035 1698 est
1072 1652 1356 1698 animarum
1393 1651 1686 1709 umbraeque
1723 1650 1915 1697 silentes

132 1731 218 1770 265
237 1727 279 1771 et
320 1723 476 1772 Chaos
515 1727 559 1772 et
595 1724 904 1785 Pldeyethon,
957 1724 1063 1772 loca
1107 1728 1241 1772 noete
1286 1725 1495 1772 tacentia
1540 1723 1664 1779 late,
1694 1724 1759 1771 sit
1795 1723 1915 1771 mihi
1974 1739 1989 1804 ἐξ

220 1800 301 1858 fas
341 1798 515 1846 audita
552 1799 705 1858 loqui,
743 1800 808 1847 sit
843 1801 1045 1847 numine
1082 1802 1237 1847 vestro
1266 1798 1489 1858 pandere
1527 1812 1604 1846 res
1644 1798 1746 1846 alta
1785 1800 1916 1846 terra
1960 1793 1989 1845 ζ.)

222 1876 264 1920 et
302 1873 508 1934 ealiyine
546 1887 758 1921 mersas:
804 1873 1025 1921 dicturus
1072 1874 1221 1935 poeta
1261 1873 1432 1934 quales
1480 1887 1582 1920 esse
1623 1871 1916 1919 adserantur
1967 1894 1983 1938 ὲ

221 1945 358 1996 Sedes
405 1947 629 1995 infernae
680 1949 730 1995 et
785 1963 912 2008 quae
963 1946 1068 1995 illic
1117 1947 1258 1994 iuxta
1311 1946 1502 1994 animas
1553 1947 1791 2010 gerantur
1837 1945 1916 1994 vel
1971 1938 1982 1947 ⁴

221 2020 381 2068 multa
444 2020 779 2105 descripturus
839 2022 1096 2084 incognita
1148 2020 1455 2080 viventibus,
1509 2036 1570 2068 ne
1624 2019 1915 2068 temerarius
1965 2062 1977 2075 τ

219 2094 539 2155 iudicaretur,
578 2095 774 2143 veniam
815 2111 844 2142 a
884 2095 978 2143 diis
1017 2094 1189 2142 inferis
1228 2093 1517 2156 postulabat
1556 2093 1785 2141 adserens
1815 2109 1915 2141 non

221 2183 273 2216 se
306 2171 521 2228 auctore,
553 2169 638 2217 sed
676 2170 790 2220 aliis
829 2168 1194 2231 proferentibus
1234 2168 1420 2230 scripta
1450 2167 1531 2216 vel
1570 2167 1704 2216 dicta
1742 2183 1912 2216 narra-
1964 2166 1986 2210 f'

221 2243 377 2291 turus.
453 2244 621 2326 posset
674 2243 841 2291 enim
858 2244 912 2290 in
965 2245 1176 2305 utroque
1222 2241 1538 2305 reprehendi,
1592 2241 1724 2304 quod
1770 2241 1912 2291 vivus
1948 2282 1978 2302 „

222 2315 478 2379 incognita
507 2317 636 2365 vivis
667 2333 757 2379 pro
796 2317 927 2367 veris
967 2317 1231 2378 adsereret,
1269 2318 1358 2364 aut
1395 2331 1646 2378 praeceps,
1686 2316 1730 2363 si
1761 2315 1912 2364 effun-

223 2389 362 2437 deret
383 2405 502 2439 vera
527 2406 653 2452 quae
687 2392 881 2439 occulta
899 2406 1017 2440 >resse
1049 2390 1322 2439 debuerant
1351 2405 1441 2439 nec
1471 2391 1524 2437 in
1554 2390 1734 2453 vulgus
1767 2389 1910 2455 exire.
1963 2414 1966 2415 ν

223 2463 428 2526 proinde
483 2463 557 2512 ait
616 2466 814 2513 veniam
874 2467 990 2527 peto
1049 2479 1078 2513 a
1135 2465 1230 2514 diis
1285 2464 1464 2526 quibus
1522 2463 1785 2525 imperium
1839 2465 1914 2512 est
1959 2459 1963 2461 “

224 2539 525 2599 animarum,
578 2540 636 2586 ut
673 2538 800 2586 mihi
836 2539 1024 2601 inpune
1062 2539 1213 2586 liceat
1252 2538 1425 2586 audita
1463 2553 1680 2585 narrare.

333 2612 487 2660 Ibant
522 2613 714 2661 obscuri
743 2613 849 2661 sola
864 2613 969 2677 ‘sub
999 2615 1133 2661 noete
1154 2627 1250 2674 per
1279 2613 1505 2662 umbram
1527 2625 1713 2672 perque
1743 2610 1914 2659 domus
1959 2619 1986 2684 „f

344 2757 375 2796 9,
401 2753 576 2798 timidis
607 2754 655 2797 et
684 2752 809 2797 infra
832 2752 875 2796 V
897 2753 1053 2799 timide
1084 2753 1155 2799 ed.
1249 2757 1303 2796 19
1330 2753 1511 2798 ‚silentis
1533 2751 1588 2796 V.
1682 2755 1739 2795 20
1764 2751 1911 2809 pleye·
1946 2805 1951 2810 ⁵

222 2813 332 2857 then
354 2811 410 2856 V.
437 2812 444 2870 Ι
478 2813 677 2858 tacentia
698 2811 742 2856 V
772 2813 956 2857 silentia
988 2811 1060 2856 ed.
1162 2816 1216 2855 23
1248 2813 1318 2856 vel
1346 2811 1389 2855 V
1419 2817 1472 2856 ut
1501 2811 1574 2855 ed.
1655 2815 1728 2855 ,25
1754 2815 1912 2867 postu·
1936 2809 1965 2862 “,

223 2871 351 2916 labat
372 2870 415 2914 V
438 2871 511 2916 ed.
530 2871 766 2927 postulat?
857 2875 913 2915 26
945 2876 1128 2916 auctore
1151 2871 1194 2915 V
1217 2870 1288 2915 ed.
1315 2874 1573 2916 auctorem?
1600 2869 1606 2928 Ι
1633 2874 1914 2914 narraturus
1943 2891 1979 2930 ··.'

223 2929 267 2974 V
288 2935 590 2975 narraturum
613 2930 684 2975 ed.
778 2934 834 2974 28
859 2944 1079 2987 praeceps
1099 2931 1142 2975 si
1164 2929 1207 2975 V
1229 2931 1271 2975 si
1295 2929 1443 2974 deleri
1463 2927 1640 2973 malim.
1733 2931 1790 2972 30
1821 2927 1914 2972 diis
1936 2947 1972 2982 2·.

223 2989 267 3034 V
297 3004 326 3033 a
356 2989 450 3034 diis
479 2989 552 3035 ed.
673 2994 728 3034 32
761 2990 921 3034 domus
950 2991 1004 3033 ut
1033 3005 1075 3034 v.
1093 2993 1179 3033 231
1211 2988 1254 3034 V
1284 2990 1437 3034 domos
1467 2988 1540 3033 ed.
1847 2995 1856 3002 “
1954 2988 1963 2998 '
