2014 3226
31 990 73 1019 10

33 1357 72 1389 15

28 2097 73 2146 ⁸⁶

735 166 1038 210 AENEIDOS
1070 167 1133 210 IV
1677 171 1784 221 405

97 301 234 353 fieret
282 305 410 367 quod
459 305 675 365 dicebat,
725 305 915 353 addidit
957 310 1172 368 tempus:
1229 309 1477 368 quotiens,
1518 308 1611 368 ait,
1651 312 1785 355 astra

96 382 243 443 ignea
291 382 500 441 surgunt
549 382 596 426 et
643 395 738 426 nox
784 381 944 441 operit
982 383 1139 428 terras
1180 383 1229 427 et
1268 397 1465 429 somnus
1506 399 1582 428 me
1624 382 1785 442 habet,

98 454 236 501 adest
282 453 367 500 ille
418 469 527 500 cum
568 453 802 515 gravibus
842 455 1043 501 monitis
1084 454 1300 502 officium
1340 470 1546 516 sequens
1586 456 1786 516 pietatis

97 530 147 575 et
185 529 356 589 patris.
419 541 494 573 me
524 541 654 586 paler
683 526 932 574 Ascanius
971 529 1231 587 capitz‘sque
1262 530 1450 577 iniuria
1482 532 1602 584 cari,
1634 543 1771 589 quem
1789 533 1875 572 355

97 615 241 661 reyno
266 601 535 659 Hesperiae
558 601 740 660 fraudo
766 605 808 647 ct
830 602 1064 659 fatalibus
1089 604 1245 649 arvis:
1284 603 1406 649 mihi
1439 607 1588 664 atque
1621 604 1787 651 animo

97 691 204 723 meo
238 675 452 722 occurrit
484 690 593 736 spes
625 675 698 720 fili
729 676 840 734 mei,
866 674 944 722 cui
978 675 1142 722 deberi
1175 678 1435 736 imperium
1461 677 1638 724 Italiae
1672 677 1788 736 scio,

96 752 152 796 ut
199 765 259 796 ne
308 748 486 796 abdam
533 748 647 796 illas
697 751 851 796 sortes
900 752 948 796 et
994 749 1273 796 veneranda
1327 765 1574 812 responsa.
1659 757 1790 797 nune

98 824 240 870 etiam
272 823 507 882 interpres
539 823 706 869 dicum
737 822 853 869 Ioce
884 825 1061 870 missus
1094 824 1154 870 ab
1193 826 1297 882 ipso
1338 823 1502 883 (testor
1533 828 1789 883 utrumque

98 896 263 956 caput)
313 897 477 944 celeris
521 897 759 944 mandata
797 911 891 956 per
940 912 1092 944 auras
1140 897 1329 944 detulit:
1391 913 1498 945 ecce
1547 897 1598 944 in
1648 914 1787 959 prae-

99 971 228 1019 senti
276 972 427 1018 etiam
467 971 710 1031 interpres
751 970 937 1030 divum,
975 971 1067 1018 hoc
1108 973 1182 1018 est
1219 971 1503 1031 Mercurius,
1544 970 1790 1020 horrenda

99 1045 231 1092 dicta
270 1046 494 1106 pertulit,
533 1043 584 1090 id
626 1047 699 1091 est
740 1060 865 1105 quae
906 1045 1009 1092 sine
1041 1045 1242 1092 horrore
1275 1045 1454 1092 mentis
1486 1045 1659 1092 referri
1690 1061 1789 1092 non

97 1120 322 1180 possint..
390 1121 438 1165 et
494 1118 630 1165 venit
684 1118 743 1165 de
799 1119 934 1166 caelo
990 1134 1046 1166 ac
1101 1135 1199 1165 non
1253 1135 1342 1166 sua
1396 1121 1568 1180 sponte
1631 1135 1789 1180 neque

96 1193 299 1254 proprio
349 1192 578 1253 delapsus
626 1191 856 1253 arbitrio,
901 1192 984 1240 sed
1024 1192 1301 1240 destinatus
1341 1207 1371 1239 a
1410 1192 1538 1239 Iove.
1617 1209 1789 1239 verum

99 1282 158 1314 ne
197 1266 290 1314 1100
330 1282 492 1313 errore
531 1267 712 1313 mentis
752 1282 937 1314 vanum
977 1268 1026 1314 et
1064 1267 1270 1313 inritum
1301 1266 1486 1313 Didoni
1525 1266 1790 1326 videretur,

100 1340 294 1387 addidit
324 1342 427 1400 ipse
459 1341 602 1388 deum
632 1341 890 1399 manifesto
925 1342 973 1387 in
1006 1341 1187 1388 lumine
1218 1341 1320 1387 vidi
1342 1342 1603 1388 intrantem
1625 1353 1791 1387 muros

97 1412 347 1474 vocemque
385 1415 460 1462 his
501 1414 706 1462 auribus
742 1415 900 1462 hausi.
973 1414 1279 1462 confirmatio
1319 1415 1474 1475 ipsius
1513 1415 1661 1475 plena
1702 1416 1790 1473 est,

100 1504 210 1536 cum
266 1485 388 1536 dic-it
440 1488 707 1535 manifesto
763 1489 814 1534 in
870 1488 1056 1536 lumine
1106 1488 1211 1535 vidi
1258 1491 1306 1535 et
1354 1487 1537 1535 audivi.
1614 1487 1790 1534 horum

100 1563 320 1610 omnium
375 1564 432 1609 ut
485 1562 816 1611 robustiorem
868 1562 1052 1610 faceret
1098 1561 1265 1623 fidem,
1316 1561 1483 1623 posuit
1528 1562 1582 1608 in
1627 1561 1789 1608 medio

98 1637 445 1684 iusiurandum
486 1637 672 1685 dicens:
712 1638 870 1684 testor
910 1639 1173 1697 utrumque
1213 1638 1379 1697 caput,
1408 1635 1501 1683 hoc
1537 1637 1611 1682 est
1640 1634 1789 1694 Iovis,

99 1711 183 1772 qui
216 1710 367 1771 misit,
393 1712 442 1758 et
465 1711 713 1771 Mercurii,
739 1712 826 1772 qui
849 1711 1072 1773 pertulit.
1125 1710 1288 1757 desine
1309 1723 1474 1768 meque
1497 1710 1594 1756 tuis
1616 1710 1773 1756 incen-
1793 1711 1879 1751 360

97 1786 209 1832 cltre
240 1788 374 1844 teque
405 1785 653 1844 querellis:
691 1786 970 1847 cognovisti
1004 1785 1162 1832 iustas
1195 1783 1446 1831 abscessus
1479 1784 1576 1830 mei
1603 1797 1790 1840 causas,

97 1855 263 1906 desine
318 1875 397 1906 1110
446 1874 502 1907 ac
549 1861 598 1906 te
646 1859 878 1920 querellis
933 1859 1033 1906 tuis
1087 1857 1359 1906 incendere.
1435 1857 1640 1904 Italiam
1692 1870 1792 1903 non

97 1937 263 1992 sponte
308 1947 504 1993 sequor:
565 1934 826 1980 haererent
870 1932 995 1979 mihi
1043 1932 1249 1979 crimina
1298 1930 1529 1992 querellis
1568 1930 1670 1978 tuis
1710 1944 1789 1977 ex-

97 2021 284 2069 pressa,
317 2009 360 2054 si
400 2022 516 2070 erga
547 2010 597 2054 te
629 2023 729 2055 non
761 2008 1059 2054 auctoritate
1091 2005 1362 2052 multarum
1393 2003 1788 2051 metuendarum·

98 2097 193 2142 que
230 2082 517 2142 iussionum,
559 2081 644 2128 sed
683 2096 794 2129 mea
831 2081 1088 2128 voluntate
1127 2094 1396 2141 peccarem.

213 2155 357 2203 Talia
389 2154 619 2203 dicentem
649 2155 938 2230 iamdudum
968 2167 1142 2202 aversa
1166 2155 1324 2200 tuetur
1344 2153 1437 2200 hue
1458 2152 1576 2200 illue
1599 2150 1791 2198 volvens

97 2229 257 2277 oculos
297 2232 537 2288 totumque
565 2232 795 2288 pererrat
830 2229 1098 2276 luminibus
1136 2227 1306 2282 taeitiS,
1353 2224 1486 2287 quod
1525 2227 1599 2274 est
1637 2223 1789 2271 maxi-

71 2314 234 2350 ¹mum
272 2303 533 2351 irascentis
574 2302 784 2367 signum,
817 2304 888 2363 ut,
921 2317 1031 2349 cum
1069 2303 1232 2349 totuin
1263 2300 1391 2348 nolit
1421 2300 1597 2359 visum,
1627 2301 1790 2346 totum

33 2407 37 2410 -
95 2379 264 2424 tamen
304 2377 583 2425 errantibus
624 2377 779 2426 oculis
819 2379 1000 2424 cernat.
1060 2373 1362 2434 iamdudum,
1399 2374 1579 2434 inquit,
1618 2376 1792 2420 aversa

215 2566 242 2604 5
282 2562 396 2606 mihi
433 2567 567 2618 atque
598 2561 685 2605 LR
717 2561 788 2606 ed.
821 2576 876 2605 m.
911 2561 961 2605 id
999 2564 1090 2604 est?
1271 2563 1294 2602 7
1337 2563 1388 2602 ut
1418 2572 1474 2601 ne
1504 2556 1674 2600 addam
1705 2553 1792 2598 LR

98 2620 200 2674 „vel
231 2625 283 2664 ut
312 2635 368 2664 ne
400 2621 638 2666 damnem“
671 2621 721 2664 in
752 2633 900 2677 marg.
935 2619 1091 2663 adnot.
1124 2617 1158 2661 1·’
1194 2619 1242 2662 et
1274 2618 1403 2661 extat
1434 2615 1623 2672 quidem
1660 2613 1788 2657 dam·

96 2692 210 2723 nare
249 2679 338 2723 hoc
379 2694 517 2724 0011011
557 2679 825 2724 adhibitum
857 2693 885 2723 a
915 2678 1100 2722 Donato
1135 2681 1205 2731 10,
1230 2680 1331 2730 599,
1364 2675 1446 2720 sed
1477 2675 1643 2719 abdam
1673 2671 1788 2740 faci-

95 2737 185 2782 lius
209 2740 290 2782 ‘est
320 2745 371 2783 ut
402 2740 573 2784 addam
604 2738 676 2783 ed.
813 2742 868 2782 10
898 2737 1127 2781 horrenda
1156 2735 1272 2780 Don.
1306 2748 1362 2779 ex
1394 2738 1480 2778 378
1512 2730 1789 2788 anticipavit

98 2796 156 2840 ef.
190 2798 232 2853 8,
260 2802 357 2841 173.
459 2804 512 2842 11
547 2799 597 2842 id
627 2803 691 2843 est
720 2797 808 2840 LR
836 2798 919 2841 hoc
949 2801 1012 2840 est
1043 2795 1114 2840 ed.
1215 2799 1273 2838 20
1299 2793 1488 2851 pertulit
1519 2790 1604 2834 LR
1634 2789 1791 2835 retulit

97 2856 168 2900 ed.
292 2861 346 2900 21
380 2857 623 2914 quaer-eltis
651 2857 738 2900 LR
773 2857 840 2912 (et
868 2854 1010 2910 infra)
1050 2868 1164 2899 corr.
1197 2868 1231 2897 r.
1356 2857 1411 2895 23
1443 2852 1627 2895 haerent
1657 2848 1728 2892 ed.

99 2919 156 2959 28
187 2916 429 2961 irarcentis
458 2916 558 2960 LR.
712 2919 766 2959 29
799 2918 988 2959 cernant
1018 2913 1073 2957 R..
1125 2915 1132 2969 Ι
1187 2925 1328 2957 cauea
1359 2910 1446 2954 LR
1477 2923 1577 2966 exp.
1610 2912 1659 2952 et
1699 2921 1790 2951 non

100 2987 325 3031 superscr.
349 2988 375 3018 r
405 2989 566 3020 aversa
597 2974 669 3019 ed.
695 2988 792 3019 1100.
