<?xml version="1.0" encoding="UTF-8"?>
<!DOCTYPE html PUBLIC "-//W3C//DTD XHTML 1.0 Transitional//EN"
    "http://www.w3.org/TR/xhtml1/DTD/xhtml1-transitional.dtd">
<html xmlns="http://www.w3.org/1999/xhtml" xml:lang="en" lang="en">
 <head>
  <title>
</title>
<meta http-equiv="Content-Type" content="text/html;charset=utf-8" />
  <meta name='ocr-system' content='tesseract 3.04.00' />
  <meta name='ocr-capabilities' content='ocr_page ocr_carea ocr_par ocr_line ocrx_word'/>
</head>
<body>
  <div class='ocr_page' id='page_1' title='image "./interpretationes01donauoft_0573.png"; bbox 0 0 2014 3226; ppageno 0'>
   <div class='ocr_carea' id='block_1_1' title="bbox 806 190 1873 246">
    <p class='ocr_par' dir='ltr' id='par_1_1' title="bbox 806 190 1873 246">
     <span class='ocr_line' id='line_1_1' title="bbox 806 190 1873 246; baseline 0 -13"><span class='ocrx_word' id='word_1_1' title='bbox 806 190 1106 234; x_wconf 70' lang='lat' dir='ltr'>AENEIDos</span> <span class='ocrx_word' id='word_1_2' title='bbox 1139 191 1181 234; x_wconf 80' lang='lat' dir='ltr'><strong>v</strong></span> <span class='ocrx_word' id='word_1_3' title='bbox 1732 194 1840 246; x_wconf 74' lang='lat'>523</span> <span class='ocrx_word' id='word_1_4' title='bbox 1869 240 1873 245; x_wconf 56' lang='grc'><strong>,</strong></span> 
     </span>
    </p>
   </div>
   <div class='ocr_carea' id='block_1_2' title="bbox 3 328 1929 2685">
    <p class='ocr_par' dir='ltr' id='par_1_2' title="bbox 139 328 1842 615">
     <span class='ocr_line' id='line_1_2' title="bbox 259 328 1838 392; baseline 0.001 -14"><span class='ocrx_word' id='word_1_5' title='bbox 259 332 359 379; x_wconf 79' lang='lat' dir='ltr'>Hic</span> <span class='ocrx_word' id='word_1_6' title='bbox 395 333 561 391; x_wconf 78' lang='lat' dir='ltr'>patris</span> <span class='ocrx_word' id='word_1_7' title='bbox 599 328 795 378; x_wconf 72' lang='lat' dir='ltr'>Aeneae</span> <span class='ocrx_word' id='word_1_8' title='bbox 841 344 1127 390; x_wconf 57' lang='lat' dir='ltr'>suspensam</span> <span class='ocrx_word' id='word_1_9' title='bbox 1174 332 1355 379; x_wconf 76' lang='lat' dir='ltr'>blanda</span> <span class='ocrx_word' id='word_1_10' title='bbox 1402 334 1613 379; x_wconf 67' lang='lat' dir='ltr'>vicissim</span> <span class='ocrx_word' id='word_1_11' title='bbox 1653 334 1838 392; x_wconf 71' lang='lat' dir='ltr'>yaudia</span> 
     </span>
     <span class='ocr_line' id='line_1_3' title="bbox 139 404 1839 470; baseline 0.001 -18"><span class='ocrx_word' id='word_1_12' title='bbox 139 408 467 466; x_wconf 74' lang='lat' dir='ltr'><em>pertemptant</em></span> <span class='ocrx_word' id='word_1_13' title='bbox 510 407 739 452; x_wconf 73' lang='lat' dir='ltr'>mentem:</span> <span class='ocrx_word' id='word_1_14' title='bbox 795 419 904 451; x_wconf 86' lang='lat' dir='ltr'>oum</span> <span class='ocrx_word' id='word_1_15' title='bbox 944 405 1064 452; x_wconf 89' lang='lat' dir='ltr'>haec</span> <span class='ocrx_word' id='word_1_16' title='bbox 1102 404 1298 453; x_wconf 80' lang='lat' dir='ltr'>Aeneae</span> <span class='ocrx_word' id='word_1_17' title='bbox 1339 421 1449 453; x_wconf 88' lang='lat' dir='ltr'>cum</span> <span class='ocrx_word' id='word_1_18' title='bbox 1488 407 1596 468; x_wconf 91' lang='lat' dir='ltr'>ipso</span> <span class='ocrx_word' id='word_1_19' title='bbox 1637 407 1839 470; x_wconf 85' lang='lat' dir='ltr'>naviga-</span> 
     </span>
     <span class='ocr_line' id='line_1_4' title="bbox 148 478 1839 541; baseline 0.001 -15"><span class='ocrx_word' id='word_1_20' title='bbox 148 479 299 527; x_wconf 83' lang='lat' dir='ltr'>tionis</span> <span class='ocrx_word' id='word_1_21' title='bbox 337 478 584 541; x_wconf 87' lang='lat' dir='ltr'>principio</span> <span class='ocrx_word' id='word_1_22' title='bbox 625 479 988 540; x_wconf 80' lang='lat' dir='ltr'>provenissent,</span> <span class='ocrx_word' id='word_1_23' title='bbox 1030 494 1085 525; x_wconf 85' lang='lat' dir='ltr'>ex</span> <span class='ocrx_word' id='word_1_24' title='bbox 1126 494 1360 541; x_wconf 89' lang='lat' dir='ltr'>suspenso</span> <span class='ocrx_word' id='word_1_25' title='bbox 1402 482 1451 527; x_wconf 87' lang='lat' dir='ltr'>et</span> <span class='ocrx_word' id='word_1_26' title='bbox 1490 481 1656 528; x_wconf 84' lang='lat' dir='ltr'>saucio</span> <span class='ocrx_word' id='word_1_27' title='bbox 1696 480 1839 527; x_wconf 83' lang='lat' dir='ltr'>vicis-</span> 
     </span>
     <span class='ocr_line' id='line_1_5' title="bbox 149 551 1842 615; baseline -0.001 -14"><span class='ocrx_word' id='word_1_28' title='bbox 149 553 364 601; x_wconf 90' lang='lat' dir='ltr'>situdine</span> <span class='ocrx_word' id='word_1_29' title='bbox 402 567 638 614; x_wconf 89' lang='lat' dir='ltr'>prospera</span> <span class='ocrx_word' id='word_1_30' title='bbox 676 551 728 598; x_wconf 88' lang='lat' dir='ltr'>in</span> <span class='ocrx_word' id='word_1_31' title='bbox 769 551 1007 615; x_wconf 85' lang='lat' dir='ltr'>gaudium</span> <span class='ocrx_word' id='word_1_32' title='bbox 1045 555 1246 613; x_wconf 87' lang='lat' dir='ltr'>repente</span> <span class='ocrx_word' id='word_1_33' title='bbox 1286 555 1507 602; x_wconf 89' lang='lat' dir='ltr'>mutatus</span> <span class='ocrx_word' id='word_1_34' title='bbox 1549 556 1635 602; x_wconf 86' lang='lat' dir='ltr'>est.</span> <span class='ocrx_word' id='word_1_35' title='bbox 1714 555 1842 601; x_wconf 72' lang='lat' dir='ltr'>iubet</span> 
     </span>
    </p>

    <p class='ocr_par' dir='ltr' id='par_1_3' title="bbox 103 626 1929 982">
     <span class='ocr_line' id='line_1_6' title="bbox 103 626 1839 690; baseline -0.001 -15"><span class='ocrx_word' id='word_1_36' title='bbox 103 642 124 675; x_wconf 86' lang='lat'>5</span> <span class='ocrx_word' id='word_1_37' title='bbox 149 628 281 674; x_wconf 79' lang='lat' dir='ltr'>ocius</span> <span class='ocrx_word' id='word_1_38' title='bbox 335 628 490 674; x_wconf 73' lang='lat' dir='ltr'>omnis</span> <span class='ocrx_word' id='word_1_39' title='bbox 544 626 694 673; x_wconf 64' lang='lat' dir='ltr'>attolle·</span> <span class='ocrx_word' id='word_1_40' title='bbox 748 627 924 681; x_wconf 80' lang='lat' dir='ltr'>malos,</span> <span class='ocrx_word' id='word_1_41' title='bbox 987 628 1171 673; x_wconf 68' lang='lat' dir='ltr'>intendi</span> <span class='ocrx_word' id='word_1_42' title='bbox 1235 628 1457 674; x_wconf 75' lang='lat' dir='ltr'>bracchia</span> <span class='ocrx_word' id='word_1_43' title='bbox 1513 629 1653 675; x_wconf 64' lang='lat' dir='ltr'>velis:</span> <span class='ocrx_word' id='word_1_44' title='bbox 1716 628 1839 690; x_wconf 84' lang='lat' dir='ltr'>erigi</span> 
     </span>
     <span class='ocr_line' id='line_1_7' title="bbox 148 699 1838 749; baseline 0 -1"><span class='ocrx_word' id='word_1_45' title='bbox 148 702 437 748; x_wconf 82' lang='lat' dir='ltr'>cunctarum</span> <span class='ocrx_word' id='word_1_46' title='bbox 490 700 694 748; x_wconf 83' lang='lat' dir='ltr'>navium</span> <span class='ocrx_word' id='word_1_47' title='bbox 741 699 938 748; x_wconf 89' lang='lat' dir='ltr'>arbores</span> <span class='ocrx_word' id='word_1_48' title='bbox 985 699 1122 747; x_wconf 90' lang='lat' dir='ltr'>iubet</span> <span class='ocrx_word' id='word_1_49' title='bbox 1170 703 1219 747; x_wconf 90' lang='lat' dir='ltr'>et</span> <span class='ocrx_word' id='word_1_50' title='bbox 1264 701 1376 748; x_wconf 85' lang='lat' dir='ltr'>vela</span> <span class='ocrx_word' id='word_1_51' title='bbox 1423 701 1549 748; x_wconf 85' lang='lat' dir='ltr'>solvi</span> <span class='ocrx_word' id='word_1_52' title='bbox 1594 702 1838 749; x_wconf 77' lang='lat' dir='ltr'>universa.</span> 
     </span>
     <span class='ocr_line' id='line_1_8' title="bbox 145 774 1929 839; baseline -0.001 -19"><span class='ocrx_word' id='word_1_53' title='bbox 145 790 250 822; x_wconf 75' lang='lat' dir='ltr'>una</span> <span class='ocrx_word' id='word_1_54' title='bbox 289 788 451 823; x_wconf 77' lang='lat' dir='ltr'>omnes</span> <span class='ocrx_word' id='word_1_55' title='bbox 485 775 637 834; x_wconf 82' lang='lat' dir='ltr'>fecere</span> <span class='ocrx_word' id='word_1_56' title='bbox 660 774 858 834; x_wconf 75' lang='lat' dir='ltr'>pedem:</span> <span class='ocrx_word' id='word_1_57' title='bbox 897 774 1044 821; x_wconf 91' lang='lat' dir='ltr'>simul</span> <span class='ocrx_word' id='word_1_58' title='bbox 1078 789 1243 823; x_wconf 90' lang='lat' dir='ltr'>omnes</span> <span class='ocrx_word' id='word_1_59' title='bbox 1276 774 1498 839; x_wconf 82' lang='lat' dir='ltr'>adgressi</span> <span class='ocrx_word' id='word_1_60' title='bbox 1528 777 1644 823; x_wconf 85' lang='lat' dir='ltr'>sunt</span> <span class='ocrx_word' id='word_1_61' title='bbox 1674 775 1821 823; x_wconf 89' lang='lat' dir='ltr'>iussa.</span> <span class='ocrx_word' id='word_1_62' title='bbox 1842 779 1929 819; x_wconf 89' lang='lat'>830</span> 
     </span>
     <span class='ocr_line' id='line_1_9' title="bbox 137 848 1839 908; baseline 0 -12"><span class='ocrx_word' id='word_1_63' title='bbox 137 850 421 908; x_wconf 75' lang='lat' dir='ltr'>pariterque</span> <span class='ocrx_word' id='word_1_64' title='bbox 459 850 682 896; x_wconf 73' lang='lat' dir='ltr'>sinistros</span> <span class='ocrx_word' id='word_1_65' title='bbox 719 862 851 895; x_wconf 74' lang='lat' dir='ltr'>nunc</span> <span class='ocrx_word' id='word_1_66' title='bbox 889 848 1079 895; x_wconf 72' lang='lat' dir='ltr'>dextros</span> <span class='ocrx_word' id='word_1_67' title='bbox 1117 848 1296 895; x_wconf 82' lang='lat' dir='ltr'>solvere</span> <span class='ocrx_word' id='word_1_68' title='bbox 1334 850 1510 903; x_wconf 66' lang='lat' dir='ltr'>sinu3,&#39;</span> <span class='ocrx_word' id='word_1_69' title='bbox 1535 864 1638 896; x_wconf 73' lang='lat' dir='ltr'>una</span> <span class='ocrx_word' id='word_1_70' title='bbox 1677 849 1839 896; x_wconf 80' lang='lat' dir='ltr'>ardua</span> 
     </span>
     <span class='ocr_line' id='line_1_10' title="bbox 147 922 1839 982; baseline 0.001 -14"><span class='ocrx_word' id='word_1_71' title='bbox 147 925 366 982; x_wconf 74' lang='lat' dir='ltr'>torquent</span> <span class='ocrx_word' id='word_1_72' title='bbox 396 936 580 970; x_wconf 75' lang='lat' dir='ltr'>cornua</span> <span class='ocrx_word' id='word_1_73' title='bbox 611 922 991 980; x_wconf 74' lang='lat' dir='ltr'>detorquentque,</span> <span class='ocrx_word' id='word_1_74' title='bbox 1031 923 1197 981; x_wconf 75' lang='lat' dir='ltr'>ferunt</span> <span class='ocrx_word' id='word_1_75' title='bbox 1233 937 1326 969; x_wconf 77' lang='lat' dir='ltr'>sua</span> <span class='ocrx_word' id='word_1_76' title='bbox 1364 925 1571 981; x_wconf 74' lang='lat' dir='ltr'>flami-na</span> <span class='ocrx_word' id='word_1_77' title='bbox 1614 924 1839 971; x_wconf 81' lang='lat' dir='ltr'>classem:</span> 
     </span>
    </p>

    <p class='ocr_par' dir='ltr' id='par_1_4' title="bbox 81 995 1839 1353">
     <span class='ocr_line' id='line_1_11' title="bbox 81 995 1839 1058; baseline -0.001 -14"><span class='ocrx_word' id='word_1_78' title='bbox 81 1014 123 1045; x_wconf 85' lang='lat'>10</span> <span class='ocrx_word' id='word_1_79' title='bbox 146 998 343 1043; x_wconf 85' lang='lat' dir='ltr'>tantum</span> <span class='ocrx_word' id='word_1_80' title='bbox 397 997 564 1058; x_wconf 84' lang='lat' dir='ltr'>potuit</span> <span class='ocrx_word' id='word_1_81' title='bbox 616 995 832 1043; x_wconf 89' lang='lat' dir='ltr'>iubentis</span> <span class='ocrx_word' id='word_1_82' title='bbox 890 997 1183 1057; x_wconf 86' lang='lat' dir='ltr'>auctoritas,</span> <span class='ocrx_word' id='word_1_83' title='bbox 1239 998 1295 1043; x_wconf 92' lang='lat' dir='ltr'>ut</span> <span class='ocrx_word' id='word_1_84' title='bbox 1350 996 1497 1044; x_wconf 77' lang='lat' dir='ltr'>simul</span> <span class='ocrx_word' id='word_1_85' title='bbox 1552 997 1839 1044; x_wconf 74' lang='lat' dir='ltr'>attollerent</span> 
     </span>
     <span class='ocr_line' id='line_1_12' title="bbox 146 1069 1837 1133; baseline 0 -15"><span class='ocrx_word' id='word_1_86' title='bbox 146 1070 317 1131; x_wconf 88' lang='lat' dir='ltr'>malos,</span> <span class='ocrx_word' id='word_1_87' title='bbox 357 1070 505 1117; x_wconf 89' lang='lat' dir='ltr'>simul</span> <span class='ocrx_word' id='word_1_88' title='bbox 543 1070 653 1117; x_wconf 85' lang='lat' dir='ltr'>vela</span> <span class='ocrx_word' id='word_1_89' title='bbox 693 1069 1047 1131; x_wconf 82' lang='lat' dir='ltr'>suspenderent</span> <span class='ocrx_word' id='word_1_90' title='bbox 1087 1072 1136 1117; x_wconf 90' lang='lat' dir='ltr'>et</span> <span class='ocrx_word' id='word_1_91' title='bbox 1175 1072 1422 1133; x_wconf 85' lang='lat' dir='ltr'>oportuna</span> <span class='ocrx_word' id='word_1_92' title='bbox 1459 1071 1679 1118; x_wconf 82' lang='lat' dir='ltr'>facerent</span> <span class='ocrx_word' id='word_1_93' title='bbox 1723 1086 1837 1118; x_wconf 85' lang='lat' dir='ltr'>ven-</span> 
     </span>
     <span class='ocr_line' id='line_1_13' title="bbox 144 1143 1835 1207; baseline -0.001 -16"><span class='ocrx_word' id='word_1_94' title='bbox 144 1146 232 1204; x_wconf 85' lang='lat' dir='ltr'>tis,</span> <span class='ocrx_word' id='word_1_95' title='bbox 280 1143 491 1206; x_wconf 88' lang='lat' dir='ltr'>denique</span> <span class='ocrx_word' id='word_1_96' title='bbox 539 1143 742 1207; x_wconf 85' lang='lat' dir='ltr'>navigia</span> <span class='ocrx_word' id='word_1_97' title='bbox 789 1144 956 1191; x_wconf 91' lang='lat' dir='ltr'>omnia</span> <span class='ocrx_word' id='word_1_98' title='bbox 1002 1143 1202 1192; x_wconf 91' lang='lat' dir='ltr'>flatibus</span> <span class='ocrx_word' id='word_1_99' title='bbox 1248 1146 1497 1206; x_wconf 81' lang='lat' dir='ltr'>prosperis</span> <span class='ocrx_word' id='word_1_100' title='bbox 1536 1144 1835 1192; x_wconf 84' lang='lat' dir='ltr'>ferebantur.</span> 
     </span>
     <span class='ocr_line' id='line_1_14' title="bbox 134 1217 1838 1278; baseline 0.001 -13"><span class='ocrx_word' id='word_1_101' title='bbox 134 1220 368 1278; x_wconf 75' lang='lat' dir='ltr'>princeps</span> <span class='ocrx_word' id='word_1_102' title='bbox 415 1221 527 1266; x_wconf 73' lang='lat' dir='ltr'>ante</span> <span class='ocrx_word' id='word_1_103' title='bbox 572 1219 728 1265; x_wconf 76' lang='lat' dir='ltr'>omnis</span> <span class='ocrx_word' id='word_1_104' title='bbox 775 1218 979 1265; x_wconf 77' lang='lat' dir='ltr'>densum</span> <span class='ocrx_word' id='word_1_105' title='bbox 1016 1217 1288 1265; x_wconf 75' lang='lat' dir='ltr'>Palinurus</span> <span class='ocrx_word' id='word_1_106' title='bbox 1327 1219 1498 1278; x_wconf 76' lang='lat' dir='ltr'>ayebat</span> <span class='ocrx_word' id='word_1_107' title='bbox 1535 1233 1728 1278; x_wconf 66' lang='lat' dir='ltr'>affinem,</span> <span class='ocrx_word' id='word_1_108' title='bbox 1772 1219 1838 1266; x_wconf 78' lang='lat' dir='ltr'>ad</span> 
     </span>
     <span class='ocr_line' id='line_1_15' title="bbox 142 1291 1838 1353; baseline 0 -14"><span class='ocrx_word' id='word_1_109' title='bbox 142 1293 271 1340; x_wconf 75' lang='lat' dir='ltr'>hunc</span> <span class='ocrx_word' id='word_1_110' title='bbox 309 1291 397 1339; x_wconf 71' lang='lat' dir='ltr'><em>alii</em></span> <span class='ocrx_word' id='word_1_111' title='bbox 437 1306 633 1339; x_wconf 77' lang='lat' dir='ltr'>cursum</span> <span class='ocrx_word' id='word_1_112' title='bbox 673 1292 952 1339; x_wconf 72' lang='lat' dir='ltr'>contendere</span> <span class='ocrx_word' id='word_1_113' title='bbox 997 1293 1144 1339; x_wconf 70' lang='lat' dir='ltr'>iussi:</span> <span class='ocrx_word' id='word_1_114' title='bbox 1197 1291 1483 1353; x_wconf 89' lang='lat' dir='ltr'>Palinurus,</span> <span class='ocrx_word' id='word_1_115' title='bbox 1533 1291 1663 1353; x_wconf 93' lang='lat' dir='ltr'>quod</span> <span class='ocrx_word' id='word_1_116' title='bbox 1710 1294 1838 1340; x_wconf 90' lang='lat' dir='ltr'>esset</span> 
     </span>
    </p>

    <p class='ocr_par' dir='ltr' id='par_1_5' title="bbox 78 1364 1925 1648">
     <span class='ocr_line' id='line_1_16' title="bbox 78 1364 1838 1430; baseline -0.001 -15"><span class='ocrx_word' id='word_1_117' title='bbox 78 1383 118 1415; x_wconf 85' lang='lat'>15</span> <span class='ocrx_word' id='word_1_118' title='bbox 142 1367 195 1412; x_wconf 91' lang='lat' dir='ltr'>in</span> <span class='ocrx_word' id='word_1_119' title='bbox 242 1365 552 1430; x_wconf 84' lang='lat' dir='ltr'>gubernandi</span> <span class='ocrx_word' id='word_1_120' title='bbox 600 1366 706 1413; x_wconf 92' lang='lat' dir='ltr'>arte</span> <span class='ocrx_word' id='word_1_121' title='bbox 753 1364 1105 1428; x_wconf 86' lang='lat' dir='ltr'>peritissimus,</span> <span class='ocrx_word' id='word_1_122' title='bbox 1153 1367 1340 1429; x_wconf 70' lang='lat' dir='ltr'>primus</span> <span class='ocrx_word' id='word_1_123' title='bbox 1387 1366 1588 1414; x_wconf 87' lang='lat' dir='ltr'>tenebat</span> <span class='ocrx_word' id='word_1_124' title='bbox 1627 1381 1838 1426; x_wconf 87' lang='lat' dir='ltr'>cursum,</span> 
     </span>
     <span class='ocr_line' id='line_1_17' title="bbox 143 1425 1838 1502; baseline -0.001 -15"><span class='ocrx_word' id='word_1_125' title='bbox 143 1441 294 1488; x_wconf 81' lang='lat' dir='ltr'>ceteri</span> <span class='ocrx_word' id='word_1_126' title='bbox 339 1455 479 1500; x_wconf 85' lang='lat' dir='ltr'>vero,</span> <span class='ocrx_word' id='word_1_127' title='bbox 531 1439 617 1501; x_wconf 89' lang='lat' dir='ltr'>qui</span> <span class='ocrx_word' id='word_1_128' title='bbox 662 1441 716 1487; x_wconf 90' lang='lat' dir='ltr'>in</span> <span class='ocrx_word' id='word_1_129' title='bbox 763 1439 875 1486; x_wconf 80' lang='lat' dir='ltr'>aliis</span> <span class='ocrx_word' id='word_1_130' title='bbox 922 1439 1131 1487; x_wconf 86' lang='lat' dir='ltr'>navibus</span> <span class='ocrx_word' id='word_1_131' title='bbox 1179 1425 1399 1500; x_wconf 44' lang='lat' dir='ltr'>fu-erant,</span> <span class='ocrx_word' id='word_1_132' title='bbox 1453 1441 1617 1502; x_wconf 90' lang='lat' dir='ltr'>ipsum</span> <span class='ocrx_word' id='word_1_133' title='bbox 1664 1454 1838 1502; x_wconf 88' lang='lat' dir='ltr'>seque-</span> 
     </span>
     <span class='ocr_line' id='line_1_18' title="bbox 141 1513 1835 1576; baseline 0 -15"><span class='ocrx_word' id='word_1_134' title='bbox 141 1513 346 1575; x_wconf 86' lang='lat' dir='ltr'>bantur3</span> <span class='ocrx_word' id='word_1_135' title='bbox 385 1513 477 1561; x_wconf 89' lang='lat' dir='ltr'>hoc</span> <span class='ocrx_word' id='word_1_136' title='bbox 509 1514 641 1561; x_wconf 87' lang='lat' dir='ltr'>enim</span> <span class='ocrx_word' id='word_1_137' title='bbox 671 1513 774 1561; x_wconf 86' lang='lat' dir='ltr'>illis</span> <span class='ocrx_word' id='word_1_138' title='bbox 805 1513 973 1561; x_wconf 79' lang='lat' dir='ltr'>fuerat</span> <span class='ocrx_word' id='word_1_139' title='bbox 1004 1513 1201 1561; x_wconf 86' lang='lat' dir='ltr'>Aeneae</span> <span class='ocrx_word' id='word_1_140' title='bbox 1232 1515 1497 1576; x_wconf 88' lang='lat' dir='ltr'>praecepto</span> <span class='ocrx_word' id='word_1_141' title='bbox 1530 1513 1835 1561; x_wconf 86' lang='lat' dir='ltr'>mandatum.</span> 
     </span>
     <span class='ocr_line' id='line_1_19' title="bbox 141 1587 1925 1648; baseline -0.001 -13"><span class='ocrx_word' id='word_1_142' title='bbox 141 1590 336 1648; x_wconf 76' lang='lat' dir='ltr'>iamque</span> <span class='ocrx_word' id='word_1_143' title='bbox 381 1589 483 1647; x_wconf 82' lang='lat' dir='ltr'>fere</span> <span class='ocrx_word' id='word_1_144' title='bbox 527 1588 738 1635; x_wconf 78' lang='lat' dir='ltr'>mediam·</span> <span class='ocrx_word' id='word_1_145' title='bbox 786 1587 906 1635; x_wconf 78' lang='lat' dir='ltr'>caeli</span> <span class='ocrx_word' id='word_1_146' title='bbox 951 1602 1046 1634; x_wconf 75' lang='lat' dir='ltr'>nox</span> <span class='ocrx_word' id='word_1_147' title='bbox 1092 1588 1263 1635; x_wconf 79' lang='lat' dir='ltr'>umida</span> <span class='ocrx_word' id='word_1_148' title='bbox 1315 1591 1493 1635; x_wconf 78' lang='lat' dir='ltr'>metam</span> <span class='ocrx_word' id='word_1_149' title='bbox 1539 1589 1925 1648; x_wconf 54' lang='lat' dir='ltr'>amastrae-835</span> 
     </span>
    </p>

    <p class='ocr_par' dir='ltr' id='par_1_6' title="bbox 8 1660 1836 1730">
     <span class='ocr_line' id='line_1_20' title="bbox 8 1660 1836 1730; baseline 0 -22"><span class='ocrx_word' id='word_1_150' title='bbox 8 1723 12 1730; x_wconf 24' lang='grc' dir='ltr'>ι</span> <span class='ocrx_word' id='word_1_151' title='bbox 142 1663 243 1709; x_wconf 90' lang='lat' dir='ltr'>iam</span> <span class='ocrx_word' id='word_1_152' title='bbox 298 1662 427 1711; x_wconf 89' lang='lat' dir='ltr'>forte</span> <span class='ocrx_word' id='word_1_153' title='bbox 481 1661 645 1709; x_wconf 90' lang='lat' dir='ltr'>media</span> <span class='ocrx_word' id='word_1_154' title='bbox 699 1676 795 1708; x_wconf 82' lang='lat' dir='ltr'>nox</span> <span class='ocrx_word' id='word_1_155' title='bbox 850 1660 1112 1725; x_wconf 83' lang='lat' dir='ltr'>agebatur,</span> <span class='ocrx_word' id='word_1_156' title='bbox 1164 1677 1282 1723; x_wconf 89' lang='lat' dir='ltr'>pars</span> <span class='ocrx_word' id='word_1_157' title='bbox 1338 1662 1521 1723; x_wconf 82' lang='lat' dir='ltr'>quippe</span> <span class='ocrx_word' id='word_1_158' title='bbox 1575 1662 1680 1710; x_wconf 91' lang='lat' dir='ltr'>eius</span> <span class='ocrx_word' id='word_1_159' title='bbox 1733 1663 1836 1708; x_wconf 91' lang='lat' dir='ltr'>iam</span> 
     </span>
    </p>

    <p class='ocr_par' dir='ltr' id='par_1_7' title="bbox 3 1734 1838 2242">
     <span class='ocr_line' id='line_1_21' title="bbox 74 1734 1834 1798; baseline -0.002 -13.107"><span class='ocrx_word' id='word_1_160' title='bbox 74 1752 118 1785; x_wconf 60' lang='grc' dir='ltr'>πο</span> <span class='ocrx_word' id='word_1_161' title='bbox 141 1737 306 1784; x_wconf 87' lang='lat' dir='ltr'>fuerat</span> <span class='ocrx_word' id='word_1_162' title='bbox 345 1738 612 1784; x_wconf 87' lang='lat' dir='ltr'>transacta.</span> <span class='ocrx_word' id='word_1_163' title='bbox 689 1735 872 1782; x_wconf 84' lang='lat' dir='ltr'>idcirco</span> <span class='ocrx_word' id='word_1_164' title='bbox 913 1734 1107 1782; x_wconf 86' lang='lat' dir='ltr'>addidit</span> <span class='ocrx_word' id='word_1_165' title='bbox 1145 1735 1261 1795; x_wconf 87' lang='lat' dir='ltr'>fere,</span> <span class='ocrx_word' id='word_1_166' title='bbox 1299 1738 1358 1783; x_wconf 94' lang='lat' dir='ltr'>ut</span> <span class='ocrx_word' id='word_1_167' title='bbox 1396 1736 1706 1784; x_wconf 87' lang='lat' dir='ltr'>aestimantis</span> <span class='ocrx_word' id='word_1_168' title='bbox 1748 1750 1834 1798; x_wconf 90' lang='lat' dir='ltr'>po·</span> 
     </span>
     <span class='ocr_line' id='line_1_22' title="bbox 141 1808 1833 1871; baseline -0.002 -13"><span class='ocrx_word' id='word_1_169' title='bbox 141 1810 241 1858; x_wconf 86' lang='lat' dir='ltr'>tius</span> <span class='ocrx_word' id='word_1_170' title='bbox 282 1812 410 1858; x_wconf 86' lang='lat' dir='ltr'>esset</span> <span class='ocrx_word' id='word_1_171' title='bbox 450 1825 599 1871; x_wconf 88' lang='lat' dir='ltr'>quam</span> <span class='ocrx_word' id='word_1_172' title='bbox 639 1808 838 1857; x_wconf 83' lang='lat' dir='ltr'>definite</span> <span class='ocrx_word' id='word_1_173' title='bbox 876 1810 1272 1870; x_wconf 81' lang='lat' dir='ltr'>pronuntianti83</span> <span class='ocrx_word' id='word_1_174' title='bbox 1316 1812 1445 1857; x_wconf 90' lang='lat' dir='ltr'>esset</span> <span class='ocrx_word' id='word_1_175' title='bbox 1483 1810 1615 1856; x_wconf 88' lang='lat' dir='ltr'>enim</span> <span class='ocrx_word' id='word_1_176' title='bbox 1653 1809 1833 1856; x_wconf 84' lang='lat' dir='ltr'>vitium</span> 
     </span>
     <span class='ocr_line' id='line_1_23' title="bbox 140 1882 1834 1946; baseline 0 -16"><span class='ocrx_word' id='word_1_177' title='bbox 140 1885 340 1946; x_wconf 86' lang='lat' dir='ltr'>poetae,</span> <span class='ocrx_word' id='word_1_178' title='bbox 387 1883 429 1932; x_wconf 92' lang='lat' dir='ltr'>si</span> <span class='ocrx_word' id='word_1_179' title='bbox 476 1884 636 1932; x_wconf 87' lang='lat' dir='ltr'>noctis</span> <span class='ocrx_word' id='word_1_180' title='bbox 683 1886 902 1945; x_wconf 86' lang='lat' dir='ltr'>tempus,</span> <span class='ocrx_word' id='word_1_181' title='bbox 951 1882 1082 1944; x_wconf 90' lang='lat' dir='ltr'>quod</span> <span class='ocrx_word' id='word_1_182' title='bbox 1119 1882 1309 1944; x_wconf 89' lang='lat' dir='ltr'>liquido</span> <span class='ocrx_word' id='word_1_183' title='bbox 1350 1883 1448 1930; x_wconf 91' lang='lat' dir='ltr'>dici</span> <span class='ocrx_word' id='word_1_184' title='bbox 1485 1898 1583 1930; x_wconf 91' lang='lat' dir='ltr'>non</span> <span class='ocrx_word' id='word_1_185' title='bbox 1622 1885 1834 1944; x_wconf 88' lang='lat' dir='ltr'>poterat,</span> 
     </span>
     <span class='ocr_line' id='line_1_24' title="bbox 140 1957 1838 2021; baseline -0.001 -15"><span class='ocrx_word' id='word_1_186' title='bbox 140 1973 232 2020; x_wconf 91' lang='lat' dir='ltr'>pro</span> <span class='ocrx_word' id='word_1_187' title='bbox 285 1957 551 2006; x_wconf 82' lang='lat' dir='ltr'>manifesto</span> <span class='ocrx_word' id='word_1_188' title='bbox 608 1959 657 2005; x_wconf 89' lang='lat' dir='ltr'>et</span> <span class='ocrx_word' id='word_1_189' title='bbox 718 1958 917 2021; x_wconf 86' lang='lat' dir='ltr'>cognito</span> <span class='ocrx_word' id='word_1_190' title='bbox 977 1959 1244 2019; x_wconf 85' lang='lat' dir='ltr'>poneretur</span> <span class='ocrx_word' id='word_1_191' title='bbox 1335 1958 1541 2016; x_wconf 76' lang='lat' dir='ltr'>placida</span> <span class='ocrx_word' id='word_1_192' title='bbox 1602 1957 1838 2004; x_wconf 70' lang='lat' dir='ltr'>laxabant</span> 
     </span>
     <span class='ocr_line' id='line_1_25' title="bbox 4 2030 1836 2092; baseline -0.002 -12"><span class='ocrx_word' id='word_1_193' title='bbox 4 2086 7 2091; x_wconf 19' lang='lat'><strong>⁴</strong></span> <span class='ocrx_word' id='word_1_194' title='bbox 140 2033 356 2080; x_wconf 84' lang='lat' dir='ltr'>membra</span> <span class='ocrx_word' id='word_1_195' title='bbox 409 2032 561 2092; x_wconf 77' lang='lat' dir='ltr'>quiete</span> <span class='ocrx_word' id='word_1_196' title='bbox 614 2031 703 2079; x_wconf 82' lang='lat' dir='ltr'>sub</span> <span class='ocrx_word' id='word_1_197' title='bbox 757 2032 904 2079; x_wconf 79' lang='lat' dir='ltr'>remis</span> <span class='ocrx_word' id='word_1_198' title='bbox 956 2031 1059 2090; x_wconf 74' lang='lat' dir='ltr'>fusi</span> <span class='ocrx_word' id='word_1_199' title='bbox 1096 2046 1190 2091; x_wconf 77' lang='lat' dir='ltr'>per</span> <span class='ocrx_word' id='word_1_200' title='bbox 1236 2032 1366 2079; x_wconf 84' lang='lat' dir='ltr'>dura</span> <span class='ocrx_word' id='word_1_201' title='bbox 1411 2030 1585 2079; x_wconf 67' lang='lat' dir='ltr'>sedilia</span> <span class='ocrx_word' id='word_1_202' title='bbox 1630 2033 1836 2078; x_wconf 74' lang='lat' dir='ltr'>nautae:</span> 
     </span>
     <span class='ocr_line' id='line_1_26' title="bbox 3 2092 1833 2167; baseline 0.001 -18"><span class='ocrx_word' id='word_1_203' title='bbox 3 2092 18 2166; x_wconf 64' lang='lat' dir='ltr'>jf</span> <span class='ocrx_word' id='word_1_204' title='bbox 72 2121 118 2154; x_wconf 75' lang='lat'>25</span> <span class='ocrx_word' id='word_1_205' title='bbox 141 2107 304 2154; x_wconf 89' lang='lat' dir='ltr'>totum</span> <span class='ocrx_word' id='word_1_206' title='bbox 342 2105 420 2155; x_wconf 88' lang='lat' dir='ltr'>his</span> <span class='ocrx_word' id='word_1_207' title='bbox 460 2105 618 2153; x_wconf 90' lang='lat' dir='ltr'>dedit:</span> <span class='ocrx_word' id='word_1_208' title='bbox 658 2103 982 2166; x_wconf 88' lang='lat' dir='ltr'>dormiebant,</span> <span class='ocrx_word' id='word_1_209' title='bbox 1014 2105 1194 2167; x_wconf 89' lang='lat' dir='ltr'>inquit,</span> <span class='ocrx_word' id='word_1_210' title='bbox 1226 2104 1348 2153; x_wconf 84' lang='lat' dir='ltr'>victi</span> <span class='ocrx_word' id='word_1_211' title='bbox 1385 2106 1678 2154; x_wconf 85' lang='lat' dir='ltr'>necessitate</span> <span class='ocrx_word' id='word_1_212' title='bbox 1712 2107 1833 2152; x_wconf 86' lang='lat' dir='ltr'>tem·</span> 
     </span>
     <span class='ocr_line' id='line_1_27' title="bbox 4 2169 1833 2242; baseline -0.001 -14"><span class='ocrx_word' id='word_1_213' title='bbox 4 2169 21 2197; x_wconf 58' lang='lat'><em>³</em></span> <span class='ocrx_word' id='word_1_214' title='bbox 141 2180 276 2242; x_wconf 86' lang='lat' dir='ltr'>poris</span> <span class='ocrx_word' id='word_1_215' title='bbox 317 2181 367 2228; x_wconf 90' lang='lat' dir='ltr'>et</span> <span class='ocrx_word' id='word_1_216' title='bbox 403 2179 610 2241; x_wconf 88' lang='lat' dir='ltr'>laboris,</span> <span class='ocrx_word' id='word_1_217' title='bbox 656 2178 910 2227; x_wconf 83' lang='lat' dir='ltr'>faciebant</span> <span class='ocrx_word' id='word_1_218' title='bbox 946 2179 1061 2238; x_wconf 88' lang='lat' dir='ltr'>hoc,</span> <span class='ocrx_word' id='word_1_219' title='bbox 1105 2179 1226 2241; x_wconf 90' lang='lat' dir='ltr'>quia</span> <span class='ocrx_word' id='word_1_220' title='bbox 1263 2180 1375 2226; x_wconf 84' lang='lat' dir='ltr'>tuta</span> <span class='ocrx_word' id='word_1_221' title='bbox 1413 2179 1614 2227; x_wconf 85' lang='lat' dir='ltr'>fuerant</span> <span class='ocrx_word' id='word_1_222' title='bbox 1652 2180 1833 2233; x_wconf 87' lang='lat' dir='ltr'>omnia,</span> 
     </span>
    </p>

    <p class='ocr_par' dir='ltr' id='par_1_8' title="bbox 10 2251 1835 2463">
     <span class='ocr_line' id='line_1_28' title="bbox 10 2251 1835 2316; baseline -0.002 -14"><span class='ocrx_word' id='word_1_223' title='bbox 10 2299 14 2302; x_wconf 83' lang='grc'><em>.</em></span> <span class='ocrx_word' id='word_1_224' title='bbox 142 2255 213 2302; x_wconf 90' lang='lat' dir='ltr'>sic</span> <span class='ocrx_word' id='word_1_225' title='bbox 257 2255 450 2315; x_wconf 88' lang='lat' dir='ltr'>tamen,</span> <span class='ocrx_word' id='word_1_226' title='bbox 495 2255 554 2301; x_wconf 91' lang='lat' dir='ltr'>ut</span> <span class='ocrx_word' id='word_1_227' title='bbox 598 2252 796 2316; x_wconf 85' lang='lat' dir='ltr'>remigii</span> <span class='ocrx_word' id='word_1_228' title='bbox 843 2252 1229 2301; x_wconf 86' lang='lat' dir='ltr'>sollicitudinem</span> <span class='ocrx_word' id='word_1_229' title='bbox 1270 2269 1369 2302; x_wconf 91' lang='lat' dir='ltr'>non</span> <span class='ocrx_word' id='word_1_230' title='bbox 1408 2253 1462 2300; x_wconf 87' lang='lat' dir='ltr'>in</span> <span class='ocrx_word' id='word_1_231' title='bbox 1498 2253 1661 2302; x_wconf 88' lang='lat' dir='ltr'>totum</span> <span class='ocrx_word' id='word_1_232' title='bbox 1700 2251 1835 2300; x_wconf 87' lang='lat' dir='ltr'>vide·</span> 
     </span>
     <span class='ocr_line' id='line_1_29' title="bbox 47 2325 1834 2389; baseline -0.001 -14"><span class='ocrx_word' id='word_1_233' title='bbox 47 2326 50 2329; x_wconf 70' lang='grc'><strong>’</strong></span> <span class='ocrx_word' id='word_1_234' title='bbox 140 2329 313 2376; x_wconf 79' lang='lat' dir='ltr'>rentur</span> <span class='ocrx_word' id='word_1_235' title='bbox 351 2327 574 2376; x_wconf 89' lang='lat' dir='ltr'>omisisse</span> <span class='ocrx_word' id='word_1_236' title='bbox 612 2342 702 2376; x_wconf 88' lang='lat' dir='ltr'>nec</span> <span class='ocrx_word' id='word_1_237' title='bbox 741 2326 933 2375; x_wconf 82' lang='lat' dir='ltr'>deliciis</span> <span class='ocrx_word' id='word_1_238' title='bbox 978 2325 1242 2374; x_wconf 87' lang='lat' dir='ltr'>tradidisse</span> <span class='ocrx_word' id='word_1_239' title='bbox 1290 2341 1498 2389; x_wconf 85' lang='lat' dir='ltr'>corpora</span> <span class='ocrx_word' id='word_1_240' title='bbox 1543 2342 1654 2387; x_wconf 84' lang='lat' dir='ltr'>sua,</span> <span class='ocrx_word' id='word_1_241' title='bbox 1702 2325 1834 2388; x_wconf 90' lang='lat' dir='ltr'>quod</span> 
     </span>
     <span class='ocr_line' id='line_1_30' title="bbox 140 2399 1834 2463; baseline -0.001 -14"><span class='ocrx_word' id='word_1_242' title='bbox 140 2401 199 2449; x_wconf 79' lang='lat' dir='ltr'>fit</span> <span class='ocrx_word' id='word_1_243' title='bbox 243 2417 356 2450; x_wconf 90' lang='lat' dir='ltr'>cum</span> <span class='ocrx_word' id='word_1_244' title='bbox 402 2416 568 2450; x_wconf 88' lang='lat' dir='ltr'>secure</span> <span class='ocrx_word' id='word_1_245' title='bbox 617 2401 882 2460; x_wconf 68' lang='lat' dir='ltr'>dormitur,</span> <span class='ocrx_word' id='word_1_246' title='bbox 930 2415 1048 2448; x_wconf 86' lang='lat' dir='ltr'>nam</span> <span class='ocrx_word' id='word_1_247' title='bbox 1093 2399 1182 2448; x_wconf 88' lang='lat' dir='ltr'>sub</span> <span class='ocrx_word' id='word_1_248' title='bbox 1228 2401 1351 2463; x_wconf 89' lang='lat' dir='ltr'>ipsis</span> <span class='ocrx_word' id='word_1_249' title='bbox 1395 2402 1543 2448; x_wconf 84' lang='lat' dir='ltr'>remis</span> <span class='ocrx_word' id='word_1_250' title='bbox 1591 2403 1741 2462; x_wconf 79' lang='lat' dir='ltr'>atque</span> <span class='ocrx_word' id='word_1_251' title='bbox 1779 2400 1834 2447; x_wconf 90' lang='lat' dir='ltr'>in</span> 
     </span>
    </p>

    <p class='ocr_par' dir='ltr' id='par_1_9' title="bbox 70 2473 1834 2685">
     <span class='ocr_line' id='line_1_31' title="bbox 70 2473 1832 2536; baseline -0.001 -12"><span class='ocrx_word' id='word_1_252' title='bbox 70 2490 119 2524; x_wconf 69' lang='grc' dir='ltr'>ω</span> <span class='ocrx_word' id='word_1_253' title='bbox 141 2473 340 2524; x_wconf 88' lang='lat' dir='ltr'>sedibus</span> <span class='ocrx_word' id='word_1_254' title='bbox 380 2474 531 2536; x_wconf 88' lang='lat' dir='ltr'>duris,</span> <span class='ocrx_word' id='word_1_255' title='bbox 575 2474 670 2523; x_wconf 88' lang='lat' dir='ltr'>hoc</span> <span class='ocrx_word' id='word_1_256' title='bbox 708 2475 783 2522; x_wconf 86' lang='lat' dir='ltr'>est</span> <span class='ocrx_word' id='word_1_257' title='bbox 821 2474 958 2522; x_wconf 90' lang='lat' dir='ltr'>nullo</span> <span class='ocrx_word' id='word_1_258' title='bbox 998 2475 1234 2523; x_wconf 88' lang='lat' dir='ltr'>stramine</span> <span class='ocrx_word' id='word_1_259' title='bbox 1272 2475 1537 2536; x_wconf 86' lang='lat' dir='ltr'>procurato</span> <span class='ocrx_word' id='word_1_260' title='bbox 1576 2489 1681 2522; x_wconf 83' lang='lat' dir='ltr'>sese</span> <span class='ocrx_word' id='word_1_261' title='bbox 1720 2489 1832 2536; x_wconf 86' lang='lat' dir='ltr'>pro·</span> 
     </span>
     <span class='ocr_line' id='line_1_32' title="bbox 139 2547 1834 2611; baseline -0.002 -13"><span class='ocrx_word' id='word_1_262' title='bbox 139 2549 380 2611; x_wconf 84' lang='lat' dir='ltr'>iecerant,</span> <span class='ocrx_word' id='word_1_263' title='bbox 434 2551 492 2598; x_wconf 89' lang='lat' dir='ltr'>ut</span> <span class='ocrx_word' id='word_1_264' title='bbox 551 2550 662 2611; x_wconf 86' lang='lat' dir='ltr'>ipsa</span> <span class='ocrx_word' id='word_1_265' title='bbox 725 2549 854 2596; x_wconf 87' lang='lat' dir='ltr'>esset</span> <span class='ocrx_word' id='word_1_266' title='bbox 914 2548 1141 2609; x_wconf 87' lang='lat' dir='ltr'>refecti0‚</span> <span class='ocrx_word' id='word_1_267' title='bbox 1195 2547 1238 2596; x_wconf 85' lang='lat' dir='ltr'>si</span> <span class='ocrx_word' id='word_1_268' title='bbox 1291 2548 1550 2610; x_wconf 82' lang='lat' dir='ltr'>paululum</span> <span class='ocrx_word' id='word_1_269' title='bbox 1601 2549 1834 2609; x_wconf 85' lang='lat' dir='ltr'>caperent</span> 
     </span>
     <span class='ocr_line' id='line_1_33' title="bbox 142 2621 1832 2685; baseline -0.001 -15"><span class='ocrx_word' id='word_1_270' title='bbox 142 2638 385 2685; x_wconf 90' lang='lat' dir='ltr'>somnum,</span> <span class='ocrx_word' id='word_1_271' title='bbox 422 2625 653 2672; x_wconf 87' lang='lat' dir='ltr'>manente</span> <span class='ocrx_word' id='word_1_272' title='bbox 695 2621 848 2670; x_wconf 87' lang='lat' dir='ltr'>officii</span> <span class='ocrx_word' id='word_1_273' title='bbox 888 2621 1221 2670; x_wconf 81' lang='lat' dir='ltr'>sollicitudine</span> <span class='ocrx_word' id='word_1_274' title='bbox 1259 2625 1309 2670; x_wconf 89' lang='lat' dir='ltr'>et</span> <span class='ocrx_word' id='word_1_275' title='bbox 1349 2621 1412 2671; x_wconf 84' lang='lat' dir='ltr'>ad</span> <span class='ocrx_word' id='word_1_276' title='bbox 1445 2623 1658 2669; x_wconf 85' lang='lat' dir='ltr'>incertos</span> <span class='ocrx_word' id='word_1_277' title='bbox 1690 2635 1832 2669; x_wconf 85' lang='lat' dir='ltr'>casus</span> 
     </span>
    </p>
   </div>
   <div class='ocr_carea' id='block_1_3' title="bbox 140 2713 498 2723">
    <p class='ocr_par' dir='ltr' id='par_1_10' title="bbox 140 2713 498 2723">
     <span class='ocr_line' id='line_1_34' title="bbox 140 2713 498 2723; baseline 0 0"><span class='ocrx_word' id='word_1_278' title='bbox 140 2713 498 2723; x_wconf 95' lang='lat' dir='ltr'> </span> 
     </span>
    </p>
   </div>
   <div class='ocr_carea' id='block_1_4' title="bbox 137 2760 1833 3055">
    <p class='ocr_par' dir='ltr' id='par_1_11' title="bbox 137 2760 1833 3055">
     <span class='ocr_line' id='line_1_35' title="bbox 261 2760 1770 2821; baseline -0.001 -15"><span class='ocrx_word' id='word_1_279' title='bbox 261 2766 288 2806; x_wconf 80' lang='lat'><strong>3</strong></span> <span class='ocrx_word' id='word_1_280' title='bbox 307 2764 617 2820; x_wconf 73' lang='lat' dir='ltr'>pervenissent</span> <span class='ocrx_word' id='word_1_281' title='bbox 631 2763 671 2806; x_wconf 86' lang='lat' dir='ltr'>R.</span> <span class='ocrx_word' id='word_1_282' title='bbox 687 2775 818 2820; x_wconf 73' lang='lat' dir='ltr'>prov.</span> <span class='ocrx_word' id='word_1_283' title='bbox 836 2777 860 2806; x_wconf 87' lang='lat' dir='ltr'>r</span> <span class='ocrx_word' id='word_1_284' title='bbox 875 2784 931 2799; x_wconf 92' lang='lat'><strong><em>=</em></strong></span> <span class='ocrx_word' id='word_1_285' title='bbox 949 2762 998 2806; x_wconf 92' lang='lat' dir='ltr'>L.</span> <span class='ocrx_word' id='word_1_286' title='bbox 1088 2767 1114 2806; x_wconf 88' lang='grc'><strong>6</strong></span> <span class='ocrx_word' id='word_1_287' title='bbox 1138 2763 1376 2821; x_wconf 75' lang='lat' dir='ltr'>naviyium</span> <span class='ocrx_word' id='word_1_288' title='bbox 1392 2761 1478 2805; x_wconf 84' lang='lat' dir='ltr'>LR</span> <span class='ocrx_word' id='word_1_289' title='bbox 1493 2762 1683 2806; x_wconf 72' lang='lat' dir='ltr'>navium</span> <span class='ocrx_word' id='word_1_290' title='bbox 1699 2760 1770 2804; x_wconf 79' lang='lat' dir='ltr'>ed.</span> 
     </span>
     <span class='ocr_line' id='line_1_36' title="bbox 143 2819 1833 2879; baseline 0.001 -15"><span class='ocrx_word' id='word_1_291' title='bbox 143 2825 200 2864; x_wconf 84' lang='lat'>14</span> <span class='ocrx_word' id='word_1_292' title='bbox 231 2835 370 2868; x_wconf 68' lang='lat' dir='ltr'>cursu</span> <span class='ocrx_word' id='word_1_293' title='bbox 390 2821 492 2879; x_wconf 86' lang='lat' dir='ltr'>LR,</span> <span class='ocrx_word' id='word_1_294' title='bbox 517 2822 599 2866; x_wconf 77' lang='lat' dir='ltr'>sed</span> <span class='ocrx_word' id='word_1_295' title='bbox 623 2822 686 2866; x_wconf 81' lang='lat' dir='ltr'>ad</span> <span class='ocrx_word' id='word_1_296' title='bbox 709 2826 751 2878; x_wconf 84' lang='lat'>3,</span> <span class='ocrx_word' id='word_1_297' title='bbox 769 2825 855 2865; x_wconf 82' lang='lat'>203</span> <span class='ocrx_word' id='word_1_298' title='bbox 879 2835 1062 2866; x_wconf 81' lang='lat' dir='ltr'>curswm</span> <span class='ocrx_word' id='word_1_299' title='bbox 1085 2821 1213 2878; x_wconf 86' lang='lat' dir='ltr'>quod</span> <span class='ocrx_word' id='word_1_300' title='bbox 1235 2821 1374 2879; x_wconf 81' lang='lat' dir='ltr'>Verg.</span> <span class='ocrx_word' id='word_1_301' title='bbox 1398 2820 1509 2865; x_wconf 89' lang='lat' dir='ltr'>libri</span> <span class='ocrx_word' id='word_1_302' title='bbox 1535 2819 1762 2877; x_wconf 72' lang='lat' dir='ltr'>praebent</span> <span class='ocrx_word' id='word_1_303' title='bbox 1785 2821 1833 2865; x_wconf 79' lang='lat' dir='ltr'>ot</span> 
     </span>
     <span class='ocr_line' id='line_1_37' title="bbox 138 2879 1832 2938; baseline -0.001 -14"><span class='ocrx_word' id='word_1_304' title='bbox 138 2879 321 2938; x_wconf 82' lang='lat' dir='ltr'>recepit</span> <span class='ocrx_word' id='word_1_305' title='bbox 350 2881 422 2925; x_wconf 82' lang='lat' dir='ltr'>ed.</span> <span class='ocrx_word' id='word_1_306' title='bbox 546 2886 601 2926; x_wconf 90' lang='lat'>18</span> <span class='ocrx_word' id='word_1_307' title='bbox 633 2881 782 2926; x_wconf 80' lang='lat' dir='ltr'>media</span> <span class='ocrx_word' id='word_1_308' title='bbox 813 2880 868 2924; x_wconf 88' lang='lat' dir='ltr'>R.</span> <span class='ocrx_word' id='word_1_309' title='bbox 990 2885 1046 2924; x_wconf 80' lang='lat'>23</span> <span class='ocrx_word' id='word_1_310' title='bbox 1080 2881 1302 2926; x_wconf 64' lang='lat' dir='ltr'>lactarunt</span> <span class='ocrx_word' id='word_1_311' title='bbox 1331 2879 1403 2924; x_wconf 85' lang='lat' dir='ltr'>ed.</span> <span class='ocrx_word' id='word_1_312' title='bbox 1521 2883 1578 2923; x_wconf 85' lang='lat'>30</span> <span class='ocrx_word' id='word_1_313' title='bbox 1608 2892 1698 2924; x_wconf 73' lang='lat' dir='ltr'>esse</span> <span class='ocrx_word' id='word_1_314' title='bbox 1723 2892 1832 2935; x_wconf 81' lang='lat' dir='ltr'>pro-</span> 
     </span>
     <span class='ocr_line' id='line_1_38' title="bbox 137 2937 1769 2998; baseline -0.002 -14"><span class='ocrx_word' id='word_1_315' title='bbox 137 2939 345 2994; x_wconf 76' lang='lat' dir='ltr'>fecerant</span> <span class='ocrx_word' id='word_1_316' title='bbox 373 2939 461 2984; x_wconf 88' lang='lat' dir='ltr'>LR</span> <span class='ocrx_word' id='word_1_317' title='bbox 489 2954 581 2986; x_wconf 77' lang='lat' dir='ltr'>sese</span> <span class='ocrx_word' id='word_1_318' title='bbox 603 2940 895 2998; x_wconf 75' lang='lat' dir='ltr'>proiecerant</span> <span class='ocrx_word' id='word_1_319' title='bbox 923 2952 1008 2983; x_wconf 86' lang='lat' dir='ltr'>nos</span> <span class='ocrx_word' id='word_1_320' title='bbox 1047 2939 1122 2997; x_wconf 87' lang='lat' dir='ltr'>(ef.</span> <span class='ocrx_word' id='word_1_321' title='bbox 1146 2941 1250 2998; x_wconf 73' lang='lat'>778)</span> <span class='ocrx_word' id='word_1_322' title='bbox 1283 2938 1508 2996; x_wconf 68' lang='lat' dir='ltr'>prostrati</span> <span class='ocrx_word' id='word_1_323' title='bbox 1535 2942 1669 2983; x_wconf 76' lang='lat' dir='ltr'>erant</span> <span class='ocrx_word' id='word_1_324' title='bbox 1698 2937 1769 2981; x_wconf 89' lang='lat' dir='ltr'>ed.</span> 
     </span>
     <span class='ocr_line' id='line_1_39' title="bbox 141 2996 1695 3055; baseline -0.001 -13"><span class='ocrx_word' id='word_1_325' title='bbox 141 3002 200 3043; x_wconf 81' lang='lat'>32</span> <span class='ocrx_word' id='word_1_326' title='bbox 231 3000 458 3044; x_wconf 78' lang='lat' dir='ltr'>somnium</span> <span class='ocrx_word' id='word_1_327' title='bbox 488 2999 574 3043; x_wconf 79' lang='lat' dir='ltr'>LR</span> <span class='ocrx_word' id='word_1_328' title='bbox 606 3013 719 3043; x_wconf 89' lang='lat' dir='ltr'>corr.</span> <span class='ocrx_word' id='word_1_329' title='bbox 744 3013 768 3043; x_wconf 92' lang='lat' dir='ltr'>r</span> <span class='ocrx_word' id='word_1_330' title='bbox 799 2998 870 3043; x_wconf 89' lang='lat' dir='ltr'>ed.</span> <span class='ocrx_word' id='word_1_331' title='bbox 899 3000 906 3055; x_wconf 89' lang='grc' dir='ltr'>Ι</span> <span class='ocrx_word' id='word_1_332' title='bbox 939 2998 1004 3043; x_wconf 82' lang='lat' dir='ltr'>ad</span> <span class='ocrx_word' id='word_1_333' title='bbox 1033 3000 1226 3044; x_wconf 60' lang='grc' dir='ltr'>ἐπι-ατοῦ</span> <span class='ocrx_word' id='word_1_334' title='bbox 1254 2997 1343 3042; x_wconf 81' lang='lat' dir='ltr'>LR</span> <span class='ocrx_word' id='word_1_335' title='bbox 1371 2998 1424 3042; x_wconf 72' lang='lat' dir='ltr'>in</span> <span class='ocrx_word' id='word_1_336' title='bbox 1454 3001 1595 3043; x_wconf 75' lang='lat' dir='ltr'>certos</span> <span class='ocrx_word' id='word_1_337' title='bbox 1624 2996 1695 3041; x_wconf 83' lang='lat' dir='ltr'>ed.</span> 
     </span>
    </p>
   </div>
  </div>
 </body>
</html>
