2014 3226
220 176 328 228 352
687 174 919 218 DONATI
949 173 1228 217 INTERPR.
1268 174 1444 219 VERG.

219 315 363 363 dolor
400 316 497 361 fuit
535 314 718 376 perditi
756 315 935 375 patris,
983 316 1040 361 ut
1079 315 1211 375 apud
1249 314 1496 362 Didonem
1533 316 1725 376 positus
1767 317 1911 376 quasi
1970 355 1971 358 ,

219 405 331 436 cum
379 405 433 436 eo
482 390 740 449 praesente
788 388 1084 448 loqueretur.
1163 390 1331 450 posuit
1370 388 1651 449 specialiter
1688 389 1910 450 pericula

221 463 328 523 ipsa
376 463 553 523 quibus
598 463 958 509 interveniente
1012 461 1108 509 fine
1162 462 1364 509 vivendi
1411 462 1671 510 constabat
1724 463 1911 510 frustra

219 552 322 584 esse
371 536 657 596 liberatum,
706 535 789 582 sed
833 551 892 582 ne
931 537 985 582 in
1022 537 1264 583 relatione
1304 537 1506 583 maioris
1545 536 1710 584 luctus
1749 552 1908 585 mora·
1969 589 1971 592 Α

219 613 369 670 retur,
410 610 471 656 ad
511 610 890 671 generalitatem
929 610 1204 657 necessario
1245 610 1470 672 confugit
1508 613 1558 657 et
1597 609 1722 658 dixit
1751 611 1906 658 tantis
1960 643 1965 652 ·

221 685 549 744 nequicquam
596 684 762 745 erepte
808 684 1022 744 periclis.
1100 686 1316 732 ceterum
1355 685 1398 732 si
1442 685 1569 731 esset
1614 684 1909 746 interposita

220 758 549 818 enumeratio,
589 757 775 804 diceret
812 757 888 804 bis
928 757 1211 820 Pergameis
1249 758 1407 805 ruinis
1449 759 1685 819 ereptum,
1725 757 1910 805 diceret
1993 762 1997 814 ξ

220 832 345 878 collo
402 847 491 878 suo
545 833 764 891 vectum,
819 834 876 878 ut
927 833 1274 893 captivitatem
1319 831 1505 879 vitaret
1551 835 1638 879 aut
1683 835 1909 892 mortem,

219 906 402 953 diceret
455 906 507 951 in
565 905 694 952 mari
755 921 812 952 ac
871 907 1006 954 terra
1067 921 1194 968 quae
1254 906 1478 967 pericula
1539 905 1909 954 transmisisset.

218 979 418 1026 dolebat
466 981 632 1026 autem
669 979 862 1027 Aeneas
909 980 1243 1040 vehementer,
1293 979 1424 1040 quod
1465 979 1673 1027 infinitis
1715 979 1907 1027 casibus
1962 1000 1966 1021 ι

218 1056 267 1100 et
319 1053 553 1114 periculis
607 1053 846 1101 liberatus
903 1053 966 1101 ad
1012 1053 1214 1101 Italiam
1268 1055 1526 1115 pervenire
1580 1068 1679 1100 non
1728 1055 1907 1115 potuit.

219 1127 391 1174 definit
443 1129 592 1188 poeta
648 1143 798 1188 quam
851 1129 954 1174 vim
1008 1143 1127 1190 erga
1179 1127 1308 1176 filios
1362 1127 1546 1176 habeat
1594 1127 1908 1175 incolumitas

216 1203 391 1262 patris,
431 1203 606 1262 omnis,
644 1202 826 1262 inquit,
865 1217 1011 1249 curae
1050 1217 1290 1263 casusque
1329 1202 1569 1263 levamen,
1615 1202 1706 1249 hoc
1746 1203 1819 1249 est
1856 1201 1909 1248 in

218 1275 446 1322 omnibus
491 1276 725 1337 periculis
765 1276 949 1324 solacio
988 1277 1147 1337 patris
1190 1277 1303 1323 vixi.
1380 1291 1467 1324 nee
1504 1279 1636 1324 vates
1674 1275 1908 1332 Helenus,
1987 1294 1991 1335 3

217 1365 326 1396 earn
371 1350 526 1397 malta
570 1350 814 1397 horrenda
859 1354 1090 1406 moneret,
1142 1351 1227 1397 hos
1272 1351 1395 1398 mihi
1430 1350 1685 1409 praedixit
1736 1349 1907 1405 laetas,

217 1421 344 1483 [non
375 1424 490 1471 dira
525 1422 783 1485 GelaenOJ:
813 1439 902 1471 nec
932 1423 1058 1471 mihi
1087 1424 1335 1485 praedixit
1358 1423 1577 1472 Helenus
1607 1423 1697 1471 hos
1729 1424 1906 1485 luctus,

219 1513 328 1544 curn
367 1499 527 1545 multa
567 1497 861 1546 admiranda
899 1497 1221 1559 praediceret,
1259 1513 1350 1546 nec
1387 1498 1498 1559 ipsa
1539 1497 1765 1559 Celaeno,
1798 1513 1908 1545 cum
1979 1531 1982 1535 -

217 1573 378 1620 multa
432 1574 630 1634 optaret
682 1572 970 1633 maledicta,
1026 1587 1083 1619 ac
1135 1587 1226 1633 per
1277 1572 1372 1620 hoc
1425 1572 1545 1620 haec
1599 1572 1770 1620 futura
1818 1587 1908 1620 nec

218 1646 406 1694 amicus
454 1646 580 1694 dixit
624 1661 715 1694 nec
757 1646 964 1694 inimica
1009 1648 1274 1694 nuntiavit.
1351 1647 1428 1694 hie
1473 1647 1612 1694 labor
1657 1649 1908 1702 eoetremaS,

216 1721 474 1780 Zonyarnm
511 1722 628 1768 haee
663 1724 792 1768 meta
829 1723 1026 1769 viarum
1035 1738 1051 1768 .·
1094 1722 1152 1767 ut
1189 1736 1320 1768 mors
1361 1719 1626 1768 adveniens
1665 1735 1763 1767 non
1801 1722 1907 1767 tam
1938 1740 1962 1759 t-

129 1799 214 1838 715
231 1795 366 1842 vitae
403 1795 501 1856 illi,
542 1794 627 1842 sed
665 1794 894 1842 laborum
933 1795 1160 1842 attulerit
1196 1794 1358 1841 finem.
1434 1791 1578 1855 [hmo
1614 1809 1689 1842 me
1726 1794 1907 1855 digres-

216 1883 325 1915 sam
369 1870 541 1917 vestris
586 1869 706 1917 deas
748 1869 943 1929 appulit
978 1867 1123 1931 oria]
1196 1870 1268 1917 sie
1296 1872 1443 1928 pater
1479 1867 1674 1916 Aeneas
1711 1869 1907 1916 intentis
1967 1877 1971 1891 ’

217 1944 439 1990 omnibns
487 1958 618 1991 unns
662 1945 772 2004 fata
815 1945 1112 1991 renarrabat
1155 1943 1324 1991 divam
1378 1957 1641 2002 cursusque
1690 1942 1908 1990 docebat:
1964 1981 1976 1992 ,.

216 2018 374 2064 tacuit
421 2017 480 2064 de
527 2015 777 2065 Siciliensi
822 2017 1085 2080 naufragio
1132 2018 1182 2064 et
1228 2017 1302 2064 ait
1346 2017 1461 2064 hinc
1507 2031 1585 2063 me
1633 2016 1906 2079 digressum
1963 2015 1970 2043 Γ

217 2090 392 2138 vestris
431 2091 549 2138 deus
591 2091 788 2153 appulit
827 2092 948 2152 oris,
998 2093 1056 2138 ut
1094 2091 1374 2139 ostenderet
1411 2106 1463 2138 se
1503 2091 1755 2152 conplesse
1793 2105 1906 2152 pro·
1936 2104 1973 2154 '“s

215 2165 403 2226 posita,
452 2164 585 2226 quod
629 2167 795 2227 ipsum
839 2166 1076 2214 vitiosum
1122 2164 1219 2213 fuit
1256 2166 1479 2227 repetere
1518 2164 1651 2226 quod
1688 2163 1905 2212 Ilioneus
1966 2159 1975 2195 Γ

216 2239 359 2299 plene
404 2242 709 2287 narraverat.
786 2240 1014 2301 intentis,
1052 2240 1241 2301 inquit,
1280 2239 1528 2299 omnibus,
1575 2239 1668 2286 hoc
1707 2239 1782 2286 est
1821 2237 1906 2286 ad-

217 2313 311 2359 huc
355 2314 585 2373 intentis,
639 2316 696 2360 ut
743 2313 1022 2362 ostenderet
1066 2313 1270 2360 Aenean
1315 2313 1528 2361 libenter
1581 2311 1810 2360 auditum
1855 2313 1906 2359 et

217 2385 467 2434 auditores
498 2388 639 2434 textu
668 2387 970 2455 narrationis
1002 2387 1178 2436 satiari
1207 2387 1460 2448 nequisse:
1497 2387 1695 2447 intenti,
1725 2386 1903 2448 inquit,

336 2576 361 2615 9
394 2573 677 2616 transmisset
697 2571 784 2615 LR
807 2575 1044 2617 transisset
1065 2571 1137 2616 ed.
1162 2573 1487 2617 transmisisset
1514 2584 1613 2615 nos,
1711 2574 1765 2613 12
1797 2584 1904 2628 erya
1935 2618 1938 2619 ⁷

216 2631 303 2674 LR
326 2631 407 2674 ed]
437 2632 566 2688 apud
589 2630 699 2674 edF.
793 2636 849 2675 14
868 2632 1048 2677 oblatio
1077 2633 1227 2688 patris
1255 2632 1356 2676 vixi
1375 2630 1464 2674 LR
1493 2630 1719 2675 oblatione
1741 2643 1792 2686 p.
1815 2643 1856 2674 v.
1879 2643 1906 2673 r
1976 2683 1977 2687 Ἰ

214 2691 384 2735 solacio
415 2704 465 2746 p.
497 2704 536 2735 v.
569 2704 654 2734 nos
694 2691 867 2735 levatus
903 2705 1005 2736 snm
1041 2691 1193 2736 dolore
1231 2693 1341 2734 dum
1370 2695 1508 2746 pater
1547 2689 1667 2734 vixit
1711 2689 1783 2732 ed.
1979 2736 1981 2746 Α

219 2754 272 2793 16
303 2763 398 2794 non
429 2749 536 2794 dira
568 2748 759 2794 Celaeno
791 2749 924 2794 deest
954 2750 1004 2793 in
1035 2749 1135 2805 LR,
1167 2749 1250 2794 sed
1281 2747 1556 2805 explicatur.
1720 2751 1776 2791 20
1808 2751 1903 2792 tam
1982 2763 1983 2766 ¹

216 2822 303 2852 om.
336 2812 517 2852 tantum
545 2810 654 2864 post
683 2809 756 2852 illi
787 2808 1002 2865 interpol.
1037 2809 1109 2853 ed.
1265 2812 1319 2851 21
1353 2821 1588 2864 qaoquep
1556 2807 1665 2863 post
1694 2806 1903 2850 laborum

215 2867 600 2935 interpol.ed.1
655 2868 836 2912 hinc—
857 2873 912 2911 22
945 2868 1038 2913 oris
1066 2867 1280 2912 lemmati
1309 2866 1504 2924 praefixi
1536 2865 1702 2910 eadem
1732 2865 1923 2909 ductus·
1980 2867 1981 2870 ’

214 2925 398 2972 ratione
420 2940 515 2984 qua
540 2931 580 2980 1,
598 2931 667 2971 25
761 2931 818 2970 24
840 2927 914 2971 hie
935 2926 978 2970 R
1000 2928 1108 2972 hine
1129 2941 1163 2972 r
1257 2930 1432 2970 24-25
1457 2925 1708 2982 diyresswm
1729 2923 1906 2970 sicam-is

214 2985 257 3028 R
287 2999 402 3030 corr.
433 3000 469 3030 r
593 2989 648 3030 29
678 2991 891 3030 contextu
922 2986 993 3030 ed..
1037 2987 1043 3043 Ι
1091 2986 1264 3030 satiare
1293 2985 1348 3029 R.
1886 3021 1892 3025 .
