2014 3226
216 189 323 241 592
681 188 913 233 DONATI
942 188 1223 232 INTERPR.
1258 188 1435 232 VERG.

214 330 348 391 quod
394 330 666 376 dimittitur
712 330 914 390 superis.
992 328 1114 376 locis
1163 328 1283 390 ipsis
1330 344 1508 376 nomen
1554 328 1767 375 inditum
1816 332 1905 389 est,

213 406 270 450 ut
314 404 462 451 beata
509 407 557 450 et
603 404 861 450 fortunata
907 402 1158 462 dicantur,
1205 401 1337 464 quod
1390 404 1555 464 ipsum
1609 402 1903 451 vocabulum
1981 395 1985 402 ²

215 477 275 525 ab
330 478 431 525 illis
488 478 800 537 sumpserant
856 478 941 537 qui
998 476 1173 523 merito
1229 492 1317 523 suo
1370 475 1506 523 beati
1560 479 1610 524 et
1662 477 1906 524 fortunati
1957 494 1962 500 ·

217 552 316 599 dici
368 553 667 598 meruerunt.
746 566 842 611 quo
898 551 1029 597 enim
1082 551 1281 597 nomine
1336 551 1580 611 appellari
1634 549 1907 597 debuerunt

218 641 338 686 quos
385 624 617 686 probavit
667 639 835 672 cursus
885 625 1020 672 vitae
1069 626 1119 671 et
1165 639 1195 670 a
1239 623 1466 685 pessimis
1519 639 1651 672 mors
1706 639 1906 685 quoque
1950 630 1975 689 ξ

215 700 325 760 ipsa
372 696 639 747 discrevit?
707 713 836 757 pars
881 700 935 745 iri
976 699 1243 758 ¹orarniiieis
1291 701 1506 745 exercent
1552 698 1767 745 membra
1810 711 1907 756 pa-

126 776 210 815 645
230 774 443 828 laestris,
490 773 780 820 contendunt
824 772 939 819 lado
986 776 1027 820 et
1072 773 1212 831 fulva
1257 772 1503 819 lactantur
1547 773 1747 819 harena.
1822 786 1909 819 riec

214 861 311 894 ozon
353 847 605 894 lereicias
644 847 787 904 lorica
826 861 936 894 cam
973 850 1098 893 veste
1136 847 1361 893 sacerdos
1391 846 1662 905 obloquitur
1691 847 1909 893 numeris
1974 879 1977 885 ·

213 923 389 980 septem
429 920 718 968 discrimina
754 934 923 967 vocwm
961 922 1156 979 iamque
1191 920 1358 968 eadem
1388 921 1565 979 dipsitis,
1598 922 1699 967 iam
1722 920 1910 978 pectine
1967 911 1970 917 ⁸

206 996 380 1054 pulsat
425 995 630 1042 eburno:
683 1009 838 1056 usque
886 993 1007 1042 adeo
1054 993 1160 1041 illic
1207 995 1370 1042 securi
1416 993 1605 1056 degunt
1651 993 1736 1055 qui
1777 992 1909 1055 apud
1933 1010 1951 1042 1

218 1083 420 1131 superos
467 1070 599 1116 recte
646 1068 896 1128 vixerunt,
941 1070 998 1115 ut
1043 1068 1121 1116 his
1167 1068 1404 1116 honestae
1447 1070 1498 1115 et
1537 1067 1785 1129 simplices
1823 1083 1908 1115 vo·
1967 1108 1985 1135 ·.

216 1143 436 1204 luptates
484 1143 637 1190 etiam
682 1142 787 1189 illic
834 1144 1007 1204 gratae
1055 1143 1167 1189 sint.
1245 1158 1345 1190 non
1397 1142 1501 1189 illis
1555 1140 1768 1189 habendi
1823 1143 1910 1189 aut

212 1216 439 1278 rapiendi
483 1216 813 1280 iurgandique
859 1218 1004 1278 asper
1059 1216 1281 1264 adfectus
1336 1217 1431 1275 est,
1487 1215 1593 1276 sed,
1649 1215 1781 1277 quod
1834 1217 1909 1264 est
1968 1212 1972 1259 ἶ

214 1293 427 1353 gratum,
466 1290 583 1338 ludo
625 1293 817 1338 certant
851 1290 1069 1352 ludoque
1109 1289 1427 1337 contendunt.
1489 1290 1626 1337 lucta
1657 1290 1906 1337 certamen
1966 1287 1977 1330 ἒ

215 1364 366 1413 efficit
421 1366 470 1412 et
522 1365 774 1426 palaestra
828 1364 1098 1427 imaginem
1151 1363 1406 1425 quandam
1458 1364 1565 1411 veri
1618 1363 1902 1411 certaminis
1928 1383 1990 1428 1⁵⁴2

213 1439 356 1502 fingit
388 1454 458 1493 ac,
492 1455 553 1486 ne
586 1439 706 1500 quid
738 1454 907 1486 eorum
938 1437 1282 1500 voluptatibus
1315 1438 1457 1499 desit,
1491 1436 1715 1499 Orpheus
1753 1437 1904 1501 longa
1967 1437 1983 1501 ⁴J

213 1513 267 1560 id
314 1515 386 1561 est
433 1514 696 1560 summissa
742 1515 877 1560 veste
924 1513 1210 1574 conpositus
1256 1512 1440 1559 mulcet
1487 1511 1654 1559 omnia
1693 1510 1906 1560 dissonis
1968 1510 1972 1562 ’,

216 1587 512 1634 chordarum
542 1586 758 1647 vocibus,
784 1587 902 1633 dum
933 1587 1022 1634 has
1056 1588 1144 1634 aut
1173 1586 1373 1647 inpellit
1404 1585 1575 1649 digitis
1607 1589 1695 1633 aut
1718 1585 1906 1647 plectro
1966 1615 1967 1619 =

216 1662 475 1724 contingit.
553 1663 602 1708 et
639 1661 813 1708 multis
853 1661 1091 1722 exemplis
1131 1662 1181 1708 et
1218 1661 1312 1708 hoc
1349 1661 1458 1708 loco
1497 1659 1748 1724 Vergilius
1796 1675 1908 1721 pro*—
1979 1663 1989 1698 -ὲ

214 1735 302 1783 bat
341 1735 561 1782 citharae
601 1737 760 1782 artem
798 1736 930 1782 inter
966 1735 1198 1783 honestas
1240 1737 1291 1781 et
1327 1735 1621 1796 praecipuas
1657 1734 1908 1780 numerari
1932 1733 1990 1783 ε’

215 1810 446 1871 virtutes3
509 1811 583 1856 est
637 1801 769 1857 enim’
818 1810 1020 1856 musica.
1097 1810 1173 1856 hic
1213 1823 1368 1868 glenus
1414 1810 1669 1867 antiquum
1721 1807 1909 1863 Teucri,

208 1885 543 1944 pulcherrima
572 1884 761 1943 proles:
801 1885 1033 1944 antiquos
1064 1883 1158 1930 hoc
1188 1883 1296 1930 loco
1328 1884 1519 1930 veteres
1551 1883 1718 1944 potius
1759 1897 1910 1943 quam
1978 1886 1989 1935 ᾗ

218 1973 423 2021 magnos
463 1956 694 2005 debemus
735 1958 976 2020 accipere3
1017 1957 1149 2018 quod
1189 1956 1321 2004 enim
1358 1956 1526 2003 laudis
1563 1971 1714 2003 causa
1746 1955 1909 2003 dicen·
1967 1987 1975 2015 3

218 2031 337 2078 dum
381 2033 546 2078 fuerat
592 2031 719 2078 dixit
762 2031 1097 2093 pulcherrima
1141 2031 1318 2092 proles.
1397 2029 1609 2092 denique
1653 2032 1711 2077 ut
1749 2031 1909 2077 osten-
1971 2060 1990 2090 -37

219 2105 358 2153 deret
395 2121 446 2153 se
486 2105 545 2152 de
585 2104 949 2167 antiquioribus
987 2105 1141 2167 loqui,
1173 2103 1367 2152 addidit
1396 2105 1702 2165 maynariimi
1731 2104 1909 2159 heroeS,
1954 2118 1955 2121 ’
1981 2151 1994 2163 „

217 2182 324 2227 nati
368 2179 646 2227 melioribus
693 2181 860 2234 annis,
906 2180 965 2226 ut
1009 2179 1102 2228 hoc
1149 2194 1326 2242 genere
1375 2177 1610 2239 probaret
1647 2177 1759 2225 aliis
1798 2177 1912 2226 illos
1992 2166 1996 2186 ‘

221 2254 428 2301 saeculis
481 2253 631 2301 fuisse
686 2254 988 2316 progenitos.
1066 2268 1178 2300 cum
1219 2253 1312 2300 hoc
1357 2252 1561 2312 dicitur,
1607 2253 1913 2300 monstratur

219 2327 334 2375 illos
380 2343 480 2375 non
527 2327 687 2376 solum
733 2327 926 2390 generis
963 2327 1096 2375 bona
1133 2327 1363 2374 habuisse
1402 2342 1576 2374 verum
1614 2326 1768 2373 etiam
1807 2340 1911 2373 sae·

133 2402 218 2442 650
236 2401 460 2449 culorum
507 2400 684 2462 quibus
731 2401 868 2448 nasci
913 2402 1210 2448 meruerunt.
1287 2400 1492 2460 Ilusque
1538 2397 1911 2459 Assaracusque
1962 2392 1964 2394 ’

223 2479 266 2523 et
305 2475 482 2522 Troiae
519 2475 796 2522 Dardanas
833 2478 1024 2523 auctor:
1062 2489 1172 2523 ecce
1211 2474 1299 2521 ubi
1335 2474 1513 2521 melius
1553 2474 1754 2536 aperuit
1792 2473 1911 2534 quia

342 2650 368 2689 5
400 2659 519 2690 mors
542 2658 712 2701 quoque
735 2643 778 2688 V
800 2658 974 2701 quoque
999 2658 1116 2688 mors
1139 2643 1183 2686 H
1207 2643 1288 2688 edI
1319 2658 1429 2701 quos
1452 2659 1507 2687 m.
1534 2643 1643 2687 edF.
1748 2647 1774 2686 6
1805 2643 1914 2698 post
1970 2680 1994 2701 ⁷=

223 2706 434 2750 discrevit
481 2703 686 2760 spatium
731 2703 870 2747 unius
918 2706 966 2747 et
1017 2703 1204 2747 dimidii
1257 2717 1415 2748 versus
1470 2701 1616 2760 signis
1675 2701 1914 2758 expletum
1957 2698 1988 2750 μ’

223 2765 278 2808 ut
309 2768 395 2808 566
427 2763 470 2807 V
499 2762 620 2806 nihil
652 2762 957 2807 desideratur.
1105 2767 1128 2806 7
1160 2778 1201 2806 v.
1221 2766 1307 2806 644
1340 2762 1472 2806 deest
1501 2761 1551 2804 in
1581 2760 1624 2804 V
1654 2774 1806 2816 neque
1837 2773 1914 2804 ex—
1967 2782 1977 2789 „

257 2822 450 2876 licatur3
488 2821 703 2878 interpol.
737 2822 808 2865 ed.
935 2826 988 2866 10
1019 2835 1161 2878 usqae
1191 2822 1350 2866 adillic
1380 2821 1422 2865 V
1453 2835 1568 2864 corr.
1602 2820 1673 2863 ed.
1713 2821 1719 2876 Ι
1767 2819 1916 2864 securi
1966 2845 1995 2875 ᾗ,

303 2883 443 2926 severi
482 2881 552 2924 ed.
585 2879 742 2924 nescio
783 2893 844 2923 an
881 2880 1064 2924 melius.
1225 2885 1280 2924 14
1309 2881 1507 2937 yradum
1537 2879 1579 2923 V
1608 2883 1791 2936 ymtum
1828 2891 1912 2922 no·
1965 2878 1977 2925 ’Ϊ

254 2941 447 2984 audium
485 2939 575 2984 ΗΟ
609 2939 680 2983 ed.
836 2944 887 2982 17
929 2940 1127 2984 dissonis
1156 2939 1199 2983 V
1235 2940 1382 2984 variis
1421 2938 1491 2982 ed.
1644 2942 1699 2981 21
1739 2938 1915 2987 musica

276 2999 366 3043 ΗΟ
400 3013 478 3043 ars
507 3013 617 3043 sarie
649 2999 851 3044 liberalis
882 2998 988 3042 add.
1023 2998 1094 3042 ed.
