2014 3226
213 169 321 220 226
680 167 912 211 DONATI
943 167 1222 210 INTERPR.
1256 167 1433 212 VERG.

211 307 363 369 [iacet
414 310 583 368 amens
639 309 773 354 litore
828 311 1028 354 truncus
1084 309 1401 367 avulsumque
1446 310 1627 356 umeris
1674 312 1819 368 caput
1864 312 1909 356 et

210 385 315 431 stote
360 384 551 429 nomme
601 379 814 441 corpus]
892 383 1043 428 iacet:
1099 397 1188 428 nec
1226 382 1324 428 fuit
1363 383 1450 443 qui
1488 382 1635 430 funus
1677 384 1779 430 eius
1824 382 1906 430 de-

210 457 344 504 bitae
393 456 675 517 sepulturae
722 454 995 502 mandaret.
1072 454 1268 519 ingens:
1330 455 1513 503 honore
1560 457 1640 503 vel
1689 472 1906 517 corpore.

211 531 379 578 litore:
441 529 527 576 ubi
574 530 719 575 litare
767 531 1109 588 consueverat,
1159 530 1394 590 quoniam
1439 531 1573 576 intra
1615 529 1816 577 domum
1855 532 1906 578 et

213 605 327 651 ante
368 619 477 650 aras
519 603 779 650 constabat
818 603 1046 650 occisum.
1118 606 1343 650 truncus:
1385 605 1533 664 atque
1572 605 1764 651 utinam
1804 620 1902 652 non
1949 620 1972 653 5

211 678 397 725 divisus
437 677 490 723 in
529 677 708 738 partis!
761 679 811 724 et
850 678 955 725 sine
995 677 1192 725 nomine
1233 692 1431 738 corpus:
1480 677 1738 725 ordinatur
1775 680 1905 726 iacet

208 754 383 814 ingens
423 766 598 813 corpus
638 752 688 797 et
727 751 831 798 sine
870 750 1082 798 nomine.
1159 751 1388 799 nonnulli
1424 751 1505 798 hic
1554 752 1658 799 sine
1705 753 1903 799 nomine

210 827 313 873 sine
355 825 599 887 dignitate
634 826 900 886 accipiunt,
932 824 1017 872 sed
1047 840 1147 872 non
1178 825 1251 872 ita
1282 827 1378 885 est3
1417 841 1533 872 nam
1566 840 1676 872 cum
1709 828 1904 887 corpori

210 900 485 947 detractum
534 899 687 946 fuerit
734 901 905 960 caput,
954 898 1049 946 erit
1096 899 1200 947 81116
1245 898 1465 960 1101111116,
1514 914 1626 946 011111
1675 901 1904 962 cognosci

208 972 500 1034 nequiverit.
590 974 722 1020 iacet
773 974 947 1035 ingens
1001 973 1148 1021 litore
1201 977 1429 1033 truncus,
1489 974 1621 1020 iacet
1675 973 1902 1021 avulsum
1929 990 1973 1022 ιο

209 1047 394 1095 umeris
442 1049 612 1109 caput,
658 1048 790 1094 iacet
836 1048 941 1094 sine
980 1049 1179 1095 nomine
1219 1063 1416 1108 corpus:
1473 1047 1748 1108 separanda
1787 1050 1904 1095 sunt

208 1122 329 1168 haec
369 1136 397 1167 a
437 1121 772 1183 superioribus
812 1120 930 1168 dum
967 1122 1369 1182 pronuntiantur,
1402 1137 1462 1168 ne
1493 1121 1776 1169 intellectus
1815 1137 1903 1183 pa-

208 1197 318 1243 tens
357 1195 491 1242 facta
532 1196 818 1243 confusione
857 1195 1097 1243 turbetur.
1177 1195 1238 1242 ab
1280 1197 1562 1243 accusativo
1608 1197 1740 1242 enim
1786 1210 1903 1243 casu

207 1270 452 1317 transiens
500 1270 543 1316 si
597 1269 660 1315 ad
712 1269 1010 1317 nominativi
1065 1284 1205 1318 casus
1262 1269 1640 1317 declinationem
1685 1285 1901 1331 pronun-

208 1343 339 1391 tians
386 1342 576 1406 veniat,
631 1341 754 1390 facit
806 1344 986 1390 vitium
1040 1343 1249 1406 iungens
1299 1344 1500 1391 Troiam
1547 1344 1799 1391 incensam
1853 1345 1903 1391 et
1928 1358 1971 1392 15

208 1418 443 1480 prolapsa
489 1416 740 1464 videntem
779 1417 1044 1480 Pergama,
1093 1419 1170 1465 tot
1210 1417 1461 1479 quondam
1499 1417 1696 1479 populis
1734 1417 1901 1466 terris-

210 1508 303 1553 que
359 1491 625 1552 superbum
678 1493 992 1554 regnatorem
1038 1491 1190 1539 Asiae
1247 1494 1296 1539 et
1345 1493 1474 1539 iacet
1527 1492 1701 1554 ingens
1755 1492 1903 1540 litore

207 1569 434 1626 truncus,
479 1565 610 1613 iacet
657 1565 888 1613 avulsum
935 1567 1118 1613 umeris
1163 1567 1337 1627 caput,
1383 1566 1514 1612 iacet
1561 1566 1664 1613 sine
1704 1567 1905 1613 nomine

209 1654 399 1702 corpus,
439 1641 496 1686 ut
535 1640 686 1688 semel
724 1640 945 1700 positum
982 1640 1113 1687 iacet
1153 1639 1215 1686 ad
1253 1639 1352 1686 tria
1391 1655 1542 1701 supra
1581 1640 1714 1687 dicta
1751 1639 1901 1701 perti-

206 1715 337 1775 neat,
370 1729 495 1775 quae
527 1713 639 1775 ipsa
669 1714 769 1760 tria
806 1729 916 1760 cum
947 1714 1254 1764 nominativo
1288 1716 1403 1761 sunt
1433 1715 1613 1775 posita,
1646 1714 1902 1775 superiora
1927 1729 1997 1765 20·

206 1803 322 1836 vero
363 1802 474 1835 cum
513 1788 814 1847 accusatiVO,
851 1787 1061 1849 proinde
1097 1787 1220 1836 haec
1259 1789 1456 1849 oportet
1495 1788 1730 1849 separari.

118 1864 205 1904 560
318 1860 389 1908 At
424 1876 500 1908 me
538 1865 640 1909 tum
669 1862 891 1920 primum
921 1876 1095 1909 saevus
1128 1863 1433 1910 circumstetit
1461 1863 1648 1917 horror,
1680 1862 1901 1921 obstipui.

206 1936 355 1983 subiit
400 1936 505 1983 cari
546 1937 778 1996 genitor-is
823 1937 1006 1995 imam,
1061 1939 1118 1983 ut
1159 1951 1318 1996 reyem
1368 1950 1665 1995 aequaevum
1719 1936 1903 1984 crudeli

207 2009 404 2057 vulnere
441 2010 545 2057 vidi
581 2011 733 2057 vitam
773 2010 1097 2058 exhalantem:
1134 2010 1241 2072 hoc,
1280 2010 1459 2072 inquit,
1497 2010 1604 2058 viso
1643 2011 1763 2057 tunc
1800 2011 1901 2071 pri·-

206 2099 343 2130 mum
387 2099 465 2130 me
511 2083 687 2131 horror
731 2084 942 2145 inv'asit3
996 2083 1310 2132 considerans
1358 2085 1539 2146 quippe
1589 2083 1740 2131 etiam
1777 2084 1900 2132 meis
1925 2097 1998 2138 251

207 2156 482 2205 adfectibus
530 2157 720 2220 aliquid
765 2158 926 2206 simile
975 2160 1062 2205 aut
1107 2160 1207 2205 iam
1256 2159 1522 2220 contigisse
1562 2159 1650 2205 aut
1687 2157 1900 2205 forsitan

205 2231 446 2278 inminere
491 2245 590 2277 non
639 2232 856 2279 inaniter
895 2230 1262 2293 commovebar3
1315 2231 1419 2279 vidi
1459 2233 1590 2279 enim
1630 2230 1900 2279 concidisse

206 2305 460 2353 fortunam
505 2303 636 2368 regis
684 2306 772 2366 qui
818 2320 1099 2367 aequaevus
1137 2307 1237 2353 mei
1274 2305 1425 2353 fuerit
1462 2307 1637 2367 patris,
1675 2305 1781 2354 vidi
1819 2321 1901 2353 ex-

206 2378 461 2426 halantem
513 2379 671 2426 vitam
723 2395 814 2441 per
865 2380 1039 2443 ingens
1094 2380 1288 2428 vulnus.
1367 2394 1476 2427 ecce
1527 2379 1612 2427 ubi
1660 2378 1904 2441 probatur

328 2509 351 2548 1
392 2505 509 2548 iacet
531 2529 588 2536 —-
615 2508 640 2546 2
680 2517 844 2561 corpus
890 2505 1022 2549 deest
1066 2505 1116 2548 in
1155 2505 1242 2548 LR
1287 2504 1462 2549 inserui
1510 2504 1674 2550 eadem
1716 2504 1903 2549 ratione
1964 2506 1966 2508 ’

208 2563 375 2606 ductus
408 2575 502 2618 qua
535 2567 576 2617 1,
594 2567 664 2606 25.
762 2567 788 2606 6
819 2565 918 2608 sine
948 2578 1112 2620 corpus
1141 2564 1228 2607 LR
1258 2565 1439 2609 nomine
1469 2564 1693 2620 interpos.
1726 2579 1749 2607 r
1780 2563 1894 2623 611.Ι
1971 2614 1975 2615 ⁷

207 2623 447 2667 ordinator
477 2621 565 2665 LR
595 2622 842 2667 ordinatwr
870 2623 940 2667 ita
970 2638 994 2666 r
1025 2623 1125 2668 sine
1157 2625 1226 2668 ita
1255 2637 1341 2667 nos
1373 2637 1462 2667 om
1487 2623 1558 2667 ed.
1669 2627 1692 2666 '7
1727 2624 1903 2681 inqenw

206 2681 242 2724 L
274 2681 432 2739 ingeni
461 2680 504 2724 R
534 2681 695 2738 inqens
725 2681 761 2724 L
783 2681 828 2725 H
849 2695 972 2726 man.
1003 2697 1041 2726 r.
1151 2687 1203 2727 11
1236 2684 1404 2727 umeris
1427 2695 1516 2726 om.
1533 2682 1576 2726 R
1601 2681 1708 2725 add.
1733 2696 1828 2724 r=
1846 2681 1900 2725 L.
1960 2727 1962 2731 y

298 2745 352 2784 15
383 2741 538 2785 vitrim
568 2739 656 2783 LR
685 2741 848 2785 vitium
876 2756 901 2785 1·
931 2741 1003 2787 ed.
1102 2746 1157 2786 16
1189 2743 1406 2798 terrisque
1435 2741 1523 2784 LR.
1553 2756 1579 2785 r
1631 2743 1792 2797 nisque
1824 2740 1898 2784 ed.

299 2804 352 2843 17
385 2803 428 2843 et
457 2800 575 2843 iacet
605 2798 691 2842 LR
721 2804 763 2844 et
793 2813 880 2843 om.
907 2800 978 2844 ed.
1078 2804 1133 2844 18
1165 2801 1281 2846 iacet
1310 2801 1520 2845 avulsum
1543 2755 1631 2844 11Ιέ
1660 2802 1776 2844 iacet
1806 2813 1898 2844 om.

207 2872 289 2914 que
322 2858 382 2902 ad
413 2873 484 2902 av.
518 2857 624 2903 add.
659 2858 729 2902 ed.
759 2860 766 2915 Ι
793 2859 909 2903 iacet
937 2860 1036 2903 sine
1065 2859 1152 2903 LR
1181 2861 1298 2904 iacet
1328 2873 1416 2904 om.
1441 2859 1512 2904 ed.
1638 2863 1693 2903 19
1723 2864 1776 2903 ut
1806 2872 1898 2903 om.

206 2916 278 2961 ed.
385 2917 584 2974 pertinet
613 2916 684 2961 ed.
838 2922 894 2960 22
919 2919 1156 2974 priamum
1188 2918 1276 2962 LR
1300 2919 1504 2975 primum
1533 2932 1569 2962 r.
1711 2922 1767 2961 23
1798 2917 1902 2963 vidi

206 2990 294 3020 om.
358 2975 400 3018 R
431 2975 540 3020 add.
573 2990 607 3019 r.
732 2980 787 3019 26
818 2977 1048 3031 effectibus
1077 2992 1112 3022 r.
1856 2984 1860 2989 '
