2014 3226
134 150 205 201 94
597 147 826 190 DONATI
859 146 1139 189 INTERPRA.
1174 145 1352 189 VERG.

135 290 375 337 confidere
415 287 601 335 1·ebus“.
674 304 731 334 en
772 287 1020 333 Priamus:
1061 302 1159 333 non
1200 290 1396 333 tantum
1437 286 1822 333 demonstrantis

135 366 208 410 est
240 369 407 410 verum
442 362 590 409 etiam
623 361 855 419 dolentis,
897 363 1063 421 potest
1096 361 1225 406 enim
1259 362 1326 406 sic
1361 359 1554 406 adverti
1590 361 1823 421 positum,

137 440 191 484 ut
232 438 456 483 videatur
496 435 673 482 dixisse
715 450 822 482 ecce
865 434 927 481 ad
968 450 1115 494 quam
1161 434 1507 480 infelicitatem
1555 434 1823 494 perductus

137 515 209 558 est
248 511 486 557 Priamus.
566 510 727 569 eoepit
773 510 873 554 iam
922 507 1113 555 dolores
1162 523 1274 555 suos
1323 523 1562 568 exponere
1605 523 1726 568 quos
1767 523 1824 553 ex

137 599 341 645 persona
381 582 712 644 potentissimi
744 583 889 644 regis,
923 583 1051 628 senis
1085 597 1279 642 quoque
1314 584 1362 627 et
1395 581 1549 627 soceri
1583 581 1821 642 capiebat.
1871 598 1888 629 5

136 668 247 704 sunt
295 659 372 703 hic
422 658 572 703 etiam
621 672 709 703 sua
755 657 977 717 praemia
1026 655 1184 710 laudi,
1233 658 1347 702 sunt
1387 655 1621 701 lacrimae
1660 671 1824 702 rerum

136 744 183 777 et
223 734 324 791 ipsa
372 731 644 791 propositio
686 733 781 788 est,
836 746 952 776 nam
993 730 1274 791 specialiter
1314 729 1534 775 dicturus
1576 731 1649 776 est
1698 745 1822 789 quae

136 804 382 851 laudanda
436 805 516 850 vel
573 819 699 864 quae
756 803 964 850 dolenda
1019 804 1132 850 sint.
1219 806 1267 849 et
1321 805 1536 850 mentem
1591 803 1825 850 mortalia

134 885 367 941 tangunt:
409 878 631 926 absolute
670 879 890 938 positum
928 879 1001 925 est
1033 873 1307 939 †tanguut,
1339 877 1623 924 intellectus
1656 878 1823 923 tamen

134 953 218 998 ille
259 955 351 999 est:
399 951 686 998 mortalium
726 953 939 998 mentem
978 953 1194 1014 tangunt
1235 965 1575 1012 quaecumque
1617 950 1823 998 adversa
1850 969 1890 1000 10

133 1025 422 1072 mortalibus
465 1025 743 1073 acciderint.
823 1025 996 1072 deinde
1037 1026 1260 1085 sequitur
1299 1025 1434 1072 solve
1473 1027 1657 1084 metus,
1697 1025 1822 1071 feret

132 1100 251 1146 haec
293 1099 512 1160 aliquam
550 1099 645 1146 tibi
683 1099 818 1146 fama
858 1099 1081 1146 salutem.
1142 1100 1310 1159 potuit
1342 1100 1472 1145 enim
1506 1115 1563 1145 ex
1595 1114 1651 1146 eo
1683 1099 1821 1145 nasci

134 1173 340 1221 'Didonis
387 1174 466 1220 vel
513 1173 790 1220 incolarum
835 1172 1102 1220 miseratio.
1181 1175 1250 1220 sic
1297 1175 1368 1220 (cit
1413 1175 1554 1232 atque
1601 1174 1820 1220 anianum

44 1252 127 1290 465
138 1249 336 1306 pictura
373 1249 539 1306 pascit
583 1249 726 1294 inani
771 1248 924 1294 inulta
967 1260 1159 1306 yenietzs
1206 1247 1433 1306 largyoqne
1479 1250 1685 1293 ‘umectat
1728 1249 1819 1304 fln-

133 1323 255 1368 mine
308 1322 516 1368 vultum:
579 1322 801 1367 animum
854 1322 1051 1382 pictura
1105 1321 1266 1381 pascit
1312 1323 1361 1366 et
1406 1321 1564 1367 multa
1620 1335 1819 1383 gemens
1844 1337 1886 1370 15

130 1396 403 1455 propositio
451 1398 546 1455 est,
600 1397 881 1442 monstrant
921 1394 1053 1441 enim
1094 1410 1218 1455 quae
1257 1393 1310 1441 in
1350 1394 1438 1441 illa
1478 1395 1674 1456 pictura-
1715 1395 1818 1442 eius

131 1469 350 1515 animum
410 1468 688 1528 reficerent,
760 1484 885 1529 quae
949 1467 1271 1515 acerbitatem
1334 1467 1518 1515 doloris
1581 1469 1816 1527 excirent,

130 1544 393 1603 utrumque
439 1545 608 1590 tamen
656 1542 1012 1590 considerantis
1062 1543 1283 1589 animum
1323 1541 1534 1588 ducebat
1574 1542 1637 1590 ad
1674 1542 1819 1589 lacri-

129 1631 248 1675 mas,
277 1632 374 1678 quo
407 1617 595 1664 factum
627 1619 702 1665 est
732 1618 789 1663 ut
821 1615 1066 1663 diceretur
1096 1616 1335 1679 largoque
1367 1617 1587 1663 umectat
1617 1615 1817 1663 flumine

130 1690 336 1737 vultum.
396 1690 591 1738 doletur
630 1691 760 1738 enim
802 1690 947 1750 quod,
979 1691 1095 1737 lieet
1127 1690 1321 1753 egregie
1354 1691 1542 1737 factum
1572 1689 1816 1750 videatur,
1841 1707 1884 1739 20
1963 1714 1966 1715 ⁷

130 1765 333 1823 perierit
377 1766 567 1824 tamen,
621 1764 817 1812 doletur
873 1764 1024 1810 etiam
1076 1764 1206 1824 quod
1253 1765 1495 1825 processit
1542 1763 1813 1812 adversum.

128 1837 306 1898 incipit
343 1838 446 1884 iam
483 1838 778 1899 respondere
817 1837 1240 1900 propositionibus
1281 1837 1639 1900 superioribus:
1678 1852 1816 1886 nam-

129 1925 218 1969 que
272 1911 462 1958 videbat
512 1914 584 1959 nti
637 1913 864 1959 bellantes
917 1912 1159 1971 Peryama
1221 1913 1401 1959 circuni
1454 1913 1545 1958 hac
1596 1913 1819 1971 fuyerent

133 1983 279 2039 Grai,
326 1988 566 2044 premeret
613 1986 832 2034 Troiana
878 1988 1100 2033 iuventus
1109 2002 1124 2031 .·
1184 1986 1275 2033 leae
1321 1986 1563 2046 Plzryyes,
1614 1987 1817 2032 instaret

129 2072 278 2104 curru
325 2059 549 2106 ori-status
594 2057 818 2107 Achilles.
897 2075 1026 2119 ecee,
1075 2061 1223 2106 sicuti
1269 2061 1550 2121 proposuit,
1599 2059 1816 2108 ostendit
1840 2075 1882 2109 25

128 2130 313 2178 bellum
367 2147 470 2180 esse
526 2133 656 2194 quod
710 2133 840 2180 inter
892 2133 1133 2195 plurimos
1189 2133 1398 2196 geritur3
1463 2133 1611 2180 simul
1663 2134 1814 2180 etiam

250 2306 271 2344 1
305 2302 544 2356 confideret
573 2301 660 2344 LR
691 2316 804 2346 corr.
839 2302 909 2346 ed.
1004 2307 1028 2345 2
1058 2303 1260 2359 positum
1292 2316 1380 2346 om.
1407 2303 1478 2346 ed.
1577 2307 1602 2346 5
1634 2308 1676 2347 et
1707 2317 1813 2358 quo·

129 2373 212 2415 qne
243 2360 314 2403 ed.
437 2365 462 2403 9
496 2362 646 2418 tanyit
677 2362 725 2404 et
754 2361 803 2404 in
834 2361 1055 2405 lemmate
1087 2363 1135 2405 et
1164 2361 1214 2404 in
1246 2361 1635 2418 interpretatione
1666 2361 1766 2405 LR.
1803 2363 1808 2419 ξ

128 2418 328 2463 absolute
351 2420 553 2475 positum
584 2425 646 2463 est
677 2421 827 2478 tanyit
857 2420 957 2475 LR,
990 2420 1072 2464 sed
1105 2426 1291 2465 mentem
1323 2422 1370 2464 et
1401 2421 1614 2466 mortalia
1643 2423 1698 2464 ut
1730 2421 1811 2465 ab·

128 2476 279 2522 solute
309 2477 466 2534 posita
498 2478 804 2534 explicantur,
835 2493 928 2523 non
960 2484 1171 2538 tangunt,
1204 2493 1348 2536 quare
1373 2479 1639 2536 corruptela.
1662 2480 1809 2524 mani-

127 2536 249 2580 festa
295 2538 388 2591 est,
443 2536 524 2580 sed
578 2551 760 2581 crucem
814 2551 1048 2595 apponere
1094 2538 1243 2582 malui
1289 2552 1431 2593 quam
1478 2539 1720 2596 corrigere.

131 2600 184 2639 15
216 2597 495 2640 aninmm—
510 2610 688 2654 yemens
710 2610 799 2640 om.
818 2597 889 2640 ed.
984 2602 1038 2640 16
1071 2602 1133 2642 est
1165 2611 1253 2642 om.
1271 2597 1342 2641 ed..
1371 2601 1377 2652 Ι
1407 2603 1661 2642 monstrant
1690 2598 1809 2642 enim

127 2653 214 2697 LR
243 2655 363 2699 enim
393 2659 616 2699 monstrat
645 2655 716 2699 ed..
812 2660 865 2699 17
898 2656 1128 2710 reficerent
1148 2656 1240 2699 LR
1264 2657 1334 2700 ed.
1367 2657 1633 2711 refecerint?
1661 2660 1666 2712 Ι
1694 2671 1809 2712 quae

127 2712 214 2757 LR.
244 2727 408 2769 quaeve
439 2713 509 2758 ed.
547 2717 552 2768 Ι
595 2714 874 2758 aeersitatem
905 2714 990 2757 LR
1021 2716 1306 2760 acerbitatem
1337 2715 1407 2759 ed.
1444 2717 1451 2772 Ι
1493 2716 1692 2760 eoeoirent
1722 2715 1808 2758 LR

127 2773 375 2816 excitarent
405 2773 476 2818 ed.
509 2773 760 2818 excierint?
941 2779 995 2817 19
1028 2775 1269 2832 laryusque
1300 2776 1458 2830 (supra
1488 2775 1631 2831 recte)
1662 2774 1716 2820 R.
1868 2823 1876 2827 ,

129 2834 185 2873 20
212 2831 391 2876 doletur
420 2831 507 2875 LR
536 2832 655 2876 dolet
686 2831 756 2875 ed.
791 2834 857 2888 (et
886 2831 1042 2886 infra).
1072 2835 1077 2888 Ι
1104 2834 1331 2878 videretur
1361 2833 1432 2876 ed.
1589 2837 1642 2876 21
1671 2847 1806 2889 prae-

126 2891 256 2934 cessit
285 2889 356 2934 ed.
493 2895 548 2935 22
574 2891 903 2947 propositionis
933 2890 1019 2934 LR
1051 2893 1173 2936 -ibus
1203 2892 1238 2935 L
1277 2891 1320 2935 II
1350 2905 1472 2935 man.
1501 2893 1808 2949 propositioni

125 2949 352 3004 superiori
381 2948 452 2993 ed.
575 2954 632 2993 24
666 2950 805 2995 Graii
834 2949 906 2993 ed.
