2014 3226
145 188 252 240 298
611 184 842 228 DONATI
871 183 1155 228 INTERPR.
1189 182 1369 228 VERG.

144 327 388 374 industria
436 325 738 373 latebrarum
785 324 927 370 iubeo
977 323 1121 370 sociis
1171 339 1308 370 arma
1355 324 1579 384 capiant,
1625 324 1682 369 ut
1724 338 1834 370 cum

145 402 253 448 dira
308 402 451 462 gente
507 399 689 446 bellum
746 412 1038 461 gereremus.
1117 396 1340 444 addendo
1397 397 1505 444 dira
1561 396 1704 460 gente
1757 411 1834 442 ex·

145 476 336 522 cusavit
375 475 558 519 crimen
597 472 878 532 violentiae,
913 487 1062 531 quam
1095 469 1305 518 Celaeno
1346 471 1532 518 faciens
1564 485 1654 531 pro
1688 484 1837 516 causa

146 565 236 596 sua
276 548 560 608 plenissime
599 547 860 607 prosecuta
901 547 974 592 est
1014 545 1179 592 dicens
1214 545 1455 592 Troianos
1499 546 1836 605 persecutores

144 622 480 668 innocentium
510 621 847 681 harpyiarum.
909 620 1029 666 haut
1057 633 1195 666 secas
1235 633 1292 665 ae
1329 620 1453 666 iussi
1492 620 1705 678 faciant:
1743 617 1835 677 illi,
1883 633 1904 665 5

144 696 321 756 inquit,
352 710 452 740 non
492 693 639 741 aliter
678 694 902 740 fecerunt
934 708 992 740 ac
1022 694 1161 740 iussi.
1225 693 1348 740 iussi
1380 692 1585 739 verbum
1617 694 1706 752 est,
1737 706 1837 738 non

144 769 474 830 participium.
538 770 768 826 tectosque
797 781 892 826 per
929 768 1127 814 herbam
1167 767 1431 826 disponunt
1463 780 1595 814 enses
1629 769 1672 812 et
1700 767 1839 813 scuta

144 845 343 890 latentm
389 842 621 889 eondwnt:
677 841 866 888 scilicet
914 843 971 887 ut
1016 840 1223 888 insidias
1270 840 1511 901 harpyiae
1556 855 1657 887 non
1704 838 1837 887 vide-

143 919 266 963 rent.
343 915 422 962 hio
479 930 672 976 quoque
727 915 965 962 narrandi
1019 913 1292 975 conpendio
1347 929 1464 961 usus
1514 916 1614 973 est,
1677 912 1838 961 solum

145 992 274 1037 enim
314 989 583 1052 gerendum
623 1005 734 1036 cum
771 989 976 1050 harpyis
1015 988 1201 1036 bellum
1239 988 1554 1049 praedixerat
1594 988 1739 1035 sociis
1791 988 1840 1033 et
1864 1003 1907 1035 10
1994 1046 1996 1051 θ

145 1081 282 1111 arma
315 1066 560 1124 caperent,
591 1079 690 1110 non
727 1066 897 1110 tamen
935 1064 992 1110 ut
1030 1063 1151 1110 haec
1192 1063 1510 1125 contegerent
1539 1060 1722 1122 herbis,
1755 1060 1840 1108 sed

145 1139 222 1185 illi
260 1139 483 1185 fecerunt
519 1138 719 1199 ingenio
760 1153 871 1198 suo,
911 1136 1216 1198 sapientibus
1258 1138 1388 1183 enim
1427 1136 1622 1183 locutus
1661 1135 1838 1182 fuerat.

55 1217 142 1257 245
160 1227 264 1260 una
294 1214 347 1258 irc
370 1211 623 1271 praecelsa
651 1212 862 1258 consedit
884 1226 1004 1270 rupe
1033 1209 1237 1258 Celaeno
1268 1211 1443 1269 infelix
1473 1212 1605 1257 vates
1636 1210 1840 1268 rumpit-

148 1301 236 1345 que
259 1286 385 1333 hane
403 1287 596 1345 pectore
625 1299 809 1333 vocem:
839 1284 892 1331 in
923 1285 1177 1346 praecelsa
1207 1300 1344 1346 rupe,
1378 1284 1615 1346 quoniam
1646 1282 1841 1330 viderat

149 1360 317 1421 parari
348 1375 599 1406 armorum
630 1359 934 1406 violentiam.
1001 1359 1177 1406 bellurn
1216 1360 1360 1406 etiam
1390 1371 1486 1418 pro
1526 1357 1668 1405 caede
1700 1357 1841 1404 boum
1865 1373 1908 1406 15
1992 1358 1995 1409 ἓ

152 1435 409 1492 stratisque
427 1435 658 1488 iuvenci&
676 1433 1138 1488 Laomedontiadae,
1157 1432 1390 1480 bellemme
1411 1432 1595 1490 {referre
1610 1431 1842 1491 paratis?
1991 1413 1995 1490 ξ

155 1508 390 1568 invectio,
439 1523 587 1568 quam
634 1508 858 1568 oportuit
896 1523 995 1554 non
1032 1507 1213 1553 habere
1251 1507 1522 1567 principia,
1575 1506 1674 1552 fuit
1712 1505 1843 1552 enim
1992 1494 1994 1503 ¹

157 1583 428 1629 irascentis.
499 1596 610 1628 cum
648 1596 751 1641 vos,
790 1582 970 1642 inquit,
1007 1580 1150 1628 nobis
1189 1595 1374 1642 poenas
1413 1595 1503 1641 pro
1541 1579 1701 1626 inlata
1739 1578 1843 1627 vio-

156 1656 310 1703 lentia
358 1655 600 1715 debeatis,
639 1655 805 1702 facitis
844 1670 978 1702 more
1019 1654 1212 1717 generis
1252 1654 1428 1713 vestri,
1468 1655 1526 1701 ut
1562 1652 1842 1714 provocetis

158 1729 285 1776 bello
315 1731 525 1790 paterna
547 1728 848 1790 possidentis
873 1731 924 1776 et
946 1729 1076 1777 ferro
1107 1729 1334 1776 innoxias
1367 1728 1628 1789 adpetatis.
1681 1728 1842 1775 iratae
1867 1743 1911 1776 20

154 1803 368 1851 invectio
414 1803 577 1851 brevis
625 1802 811 1863 extitit,
862 1802 982 1851 licet
1026 1802 1077 1849 in
1123 1803 1235 1863 ipsa
1279 1802 1525 1850 brevitate
1565 1802 1732 1849 omnia
1770 1802 1843 1848 te-

156 1879 385 1938 neantur,
424 1893 539 1924 nam
571 1877 791 1925 adseruit
819 1892 1082 1938 personam
1114 1891 1256 1924 suam
1288 1875 1493 1923 dicendo
1527 1875 1659 1936 quod
1682 1877 1846 1923 essent

155 1952 404 2011 innoxiae,
468 1950 767 1998 deformavit
813 1950 1036 1999 diversae
1082 1951 1241 2012 partis
1294 1949 1591 2012 appellando
1637 1948 1843 1996 Laome-

155 2024 438 2084 dontiadas,
485 2024 617 2086 quod
662 2040 842 2072 nomen
879 2040 970 2086 pro
1011 2023 1233 2072 convicio
1272 2025 1463 2086 posuit,
1511 2022 1637 2070 dixit
1680 2024 1844 2085 ipsam

153 2112 375 2158 causam,
428 2099 661 2147 iuvencos
716 2099 907 2147 scilicet
956 2100 1138 2146 stratos
1192 2097 1363 2159 caede,
1418 2099 1468 2145 et
1520 2098 1613 2145 hoc
1667 2112 1843 2161 genere
1868 2112 1913 2146 25

153 2173 413 2233 proposuit
458 2173 730 2220 invasionis
779 2174 988 2232 crimen,
1034 2172 1160 2220 dixit
1215 2171 1368 2219 etiam
1418 2171 1638 2220 criminis
1684 2171 1843 2232 ipsius

154 2247 497 2309 augmentum,
543 2248 600 2293 ut
644 2249 758 2308 post
801 2247 1043 2308 inpletam
1081 2248 1134 2294 in
1174 2248 1400 2293 armenta
1439 2247 1490 2292 et
1528 2260 1700 2308 greges
1740 2245 1843 2293 vio-

153 2320 360 2366 lentiam
407 2321 559 2367 etiam
599 2320 657 2367 de
697 2322 1063 2383 expugnatione
1103 2319 1419 2368 dominarum
1459 2335 1516 2367 ac
1554 2334 1671 2366 nece
1711 2319 1844 2381 cogi-

151 2396 282 2441 tasse
315 2393 588 2440 videantur.
650 2395 703 2440 in
734 2394 845 2455 ipsa
885 2409 1081 2456 quoque
1121 2393 1484 2458 significatione
1522 2395 1844 2440 iuvencorum
1969 2453 1975 2462 Ι

151 2467 443 2514 1161111111111111
479 2467 698 2514 ostendit
728 2467 950 2515 dolorem
981 2469 1156 2529 fuisse,
1193 2467 1466 2528 plurimum
1498 2468 1631 2514 enim
1661 2466 1842 2526 differt,
1865 2480 1911 2515 eo
1967 2497 1989 2517 2«

150 2541 193 2588 si
225 2542 410 2602 species
440 2541 722 2601 invadatur,
747 2556 860 2589 cum
892 2542 959 2590 sit
989 2543 1224 2590 meritum
1254 2541 1460 2588 nullum.
1515 2543 1574 2589 ut
1604 2541 1842 2602 maiorem

269 2700 291 2739 1
319 2697 516 2740 latebrae
537 2696 624 2740 uni
638 2695 726 2738 LR
749 2697 776 2740 1.
796 2711 936 2740 unum
962 2711 986 2740 r
1018 2697 1296 2741 latebrarum
1319 2709 1405 2740 nos
1437 2701 1479 2740 et
1500 2695 1750 2740 mutatione
1768 2694 1839 2739 ed..

266 2759 293 2799 8
318 2760 359 2799 et
389 2759 443 2798 ut
471 2754 514 2797 R
544 2759 584 2798 et
616 2753 706 2798 del.
738 2769 773 2797 r.
868 2760 920 2799 11
955 2761 997 2800 et
1027 2770 1159 2801 arma
1188 2755 1276 2798 LR
1305 2759 1359 2799 ut
1389 2770 1431 2799 a.
1463 2768 1500 2798 r.
1594 2759 1649 2798 12
1681 2767 1840 2798 versus

148 2817 385 2858 238—244
416 2826 510 2857 non
542 2812 846 2870 explicantur.
963 2819 1018 2859 13
1050 2816 1265 2872 rupitque
1295 2813 1368 2858 ed.
1479 2817 1532 2856 17
1565 2814 1769 2858 inventio
1799 2812 1842 2856 R
1907 2859 1911 2863 ,
1983 2847 1985 2867 ;

149 2871 206 2917 ef.
240 2876 310 2917 41.
420 2876 476 2917 23
508 2872 711 2917 diversae
735 2874 890 2929 partis
921 2873 1008 2916 LR
1036 2874 1154 2930 (soil.
1181 2887 1428 2930 personam
1459 2871 1518 2916 cf.
1551 2876 1577 2915 2
1599 2874 1724 2929 ‚59⁵0
1757 2870 1840 2916 ad«-
1904 2895 1908 2901 ·

147 2933 452 2976 versariorum
470 2936 648 2987 partem
673 2931 745 2975 ed.
826 2936 883 2976 25
907 2933 1040 2977 caede
1055 2932 1142 2976 LR
1158 2946 1248 2989 pro
1271 2945 1307 2976 6.
1327 2931 1398 2975 ed.
1485 2935 1541 2975 30
1565 2931 1843 2976 normanum
1982 2954 1983 2977 1

147 2989 235 3032 LR
263 2991 457 3035 multum
488 2989 559 3034 ed.
653 2995 707 3033 31
741 3005 842 3035 eum
873 2990 961 3034 LR
991 2991 1062 3036 ed.
1095 2994 1257 3043 euius?
1293 2994 1299 3047 Ι
1334 2995 1420 3036 aut
1448 2989 1536 3034 LR
1566 2995 1619 3034 ut
1649 2989 1721 3034 ed.
