2014 3226
124 1485 209 1525 555
226 1479 339 1525 lacti
376 1478 671 1538 Latiumque
701 1482 929 1538 petamus
940 1496 955 1534 ;
995 1480 1075 1525 sin
1115 1480 1372 1537 absumpta
1409 1478 1548 1525 salus
1587 1482 1629 1525 et
1667 1481 1722 1532 te,
1758 1481 1905 1536 pater

222 158 327 209 110
687 155 915 198 DONATI
946 154 1227 198 INTERPR.
1261 154 1439 198 VERG.

217 298 419 344 modum
458 297 510 343 in
551 295 889 343 vicissitudine
929 295 1245 355 polliceatur,
1284 311 1442 355 neque
1482 294 1575 342 hoc
1615 295 1909 356 simpliciter

218 374 359 431 facit3
399 387 514 418 nam
555 374 602 417 et
641 371 945 431 reciprocam
983 368 1371 417 benivolentiam
1419 367 1629 430 spondet
1669 372 1717 416 et
1755 371 1908 416 terret

219 446 512 492 audientem.
592 460 702 491 cum
743 445 874 490 enim
913 442 1035 489 dicit
1074 458 1335 504 possumus
1369 442 1462 489 tibi
1494 442 1724 503 prodesse
1758 445 1907 504 atque

215 521 310 578 ita,
358 522 412 564 ut
458 534 554 565 non
601 521 650 564 te
700 518 954 577 paeniteat
1008 517 1338 577 praestitisse,
1392 516 1701 578 intellegitur
1755 517 1907 564 etiam

216 593 341 638 illud
384 592 619 650 adserere,
659 606 803 652 posse
844 594 892 637 et
930 605 1119 650 nocere,
1161 591 1203 637 si
1241 606 1317 637 res
1352 592 1582 652 exegerit,
1613 590 1706 638 hoc
1738 589 1905 638 modo:
1952 607 1974 640 5

218 669 257 713 si
299 666 422 713 vivit
462 682 545 712 rex
585 668 751 712 noster
800 658 1065 730 (credimus
1113 664 1245 711 enim
1292 680 1406 711 eum
1453 679 1729 725 superesse,
1774 663 1906 712 tanti

217 741 346 786 enim
394 741 490 786 fuit
536 738 721 797 meriti,
769 743 824 785 ut
878 738 1002 785 nihil
1055 738 1250 785 adversi
1295 731 1606 803 incurrerit),
1660 737 1786 784 nihil
1832 740 1908 786 est

217 813 349 874 quod
403 816 620 859 metuere
677 812 951 859 debeamus.
1039 814 1082 859 si
1141 813 1305 858 autem
1359 813 1561 859 recessit
1616 828 1646 860 a
1698 811 1907 874 superis,

215 887 449 933 habemus
497 889 548 933 in
597 887 820 948 proximo
868 886 1101 946 Acesten,
1150 886 1314 934 virum
1361 902 1598 948 magnum
1646 888 1694 933 et
1739 901 1906 949 regem

216 962 502 1022 opulentum
542 962 684 1020 viris,
726 962 875 1008 armis
916 962 966 1007 et
1005 960 1285 1008 substantia
1333 960 1469 1007 omni
1515 961 1770 1021 copiosum
1815 975 1904 1007 nec
1930 976 1988 1009 102

215 1035 451 1094 alienum,
500 1035 583 1081 sed
630 1051 783 1081 unum
831 1051 887 1081 ex
933 1034 1075 1082 nobis
1121 1034 1423 1095 perindeque
1472 1035 1559 1095 qui
1604 1033 1731 1081 illud
1774 1033 1904 1094 quod

213 1111 377 1170 potest
409 1124 590 1171 negare
622 1125 721 1156 non
752 1109 923 1169 possit.
987 1123 1095 1155 ecce
1126 1109 1179 1154 in
1213 1107 1402 1155 duobus
1435 1109 1591 1155 tantis
1632 1110 1682 1154 et
1718 1107 1904 1155 talibus

213 1184 445 1244 proponit
499 1197 636 1244 spem
691 1186 740 1230 et
793 1183 938 1229 inicit
990 1185 1190 1228 metum.
1268 1183 1453 1244 ingerit
1506 1183 1609 1228 iam.
1659 1196 1904 1228 summam

213 1256 468 1317 petitionis
508 1273 607 1303 non
640 1272 897 1305 onerosam
928 1257 1225 1318 praestanti:
1267 1259 1550 1315 quassatam
1580 1258 1735 1303 ventis
1765 1256 1906 1303 liceat

211 1331 477 1378 subducere
516 1332 716 1378 classem
757 1333 799 1377 ct
835 1331 971 1378 silvis
1004 1333 1173 1390 aptare
1205 1330 1363 1377 trabes
1396 1334 1439 1377 et
1467 1331 1702 1389 strinyere
1732 1343 1902 1385 remos,
1929 1345 1969 1379 15

211 1406 255 1451 si
294 1406 441 1452 datur
478 1404 682 1452 Italiam
721 1406 862 1452 sociis
903 1407 946 1451 et
981 1419 1089 1463 φερε
1129 1407 1309 1464 recepto
1349 1405 1560 1458 tendere,
1607 1408 1662 1450 ut
1698 1404 1904 1451 Italiam

212 1554 385 1611 optime
426 1553 687 1607 Teucrum,
719 1555 903 1612 pont-us
940 1553 1080 1599 habet
1117 1552 1308 1612 Libyae
1346 1566 1432 1600 nec
1469 1566 1579 1611 spes
1616 1553 1719 1598 iam
1755 1555 1906 1599 restat

211 1627 335 1681 Iuli,
385 1630 436 1674 at
472 1629 598 1686 freta
638 1626 868 1674 Sicaniae
905 1627 1075 1674 saltem
1113 1627 1339 1685 sedesque
1369 1629 1604 1686 paratas,
1644 1627 1774 1673 un‘de
1811 1626 1904 1673 huc

212 1701 416 1755 advecti,
471 1715 719 1760 reyemque
757 1704 983 1760 petamus
1029 1699 1246 1748 Acesten.
1326 1700 1412 1760 da,
1458 1699 1646 1760 inquit,
1693 1700 1902 1761 copiam,
1925 1715 1972 1750 20

182 1774 508 1822 ,deducamus
555 1776 697 1823 navis
736 1776 789 1821 in
827 1775 1000 1834 litora,
1048 1774 1310 1822 caedamus
1350 1791 1408 1822 ex
1448 1774 1585 1822 silvis
1624 1774 1904 1821 necessaria

210 1847 431 1909 fabricis,
478 1851 535 1895 ut
571 1864 857 1910 reparemus
897 1849 1146 1898 convulsa.
1225 1848 1344 1910 quid
1384 1847 1652 1909 conpositis
1691 1847 1901 1895 navibus

211 1922 433 1969 futurum
473 1926 598 1970 esset
637 1926 957 1984 conpetenter
996 1922 1231 1981 ostendit,
1277 1923 1348 1970 ait
1388 1923 1520 1969 enim
1558 1921 1896 1985 navigandum

210 1995 350 2043 nobis
398 1996 490 2043 erit
535 1996 596 2043 ad
635 1995 857 2056 Italiam,
905 1997 948 2044 si
987 1997 1252 2060 contigerit
1289 2012 1456 2058 regem
1494 1995 1674 2043 habere
1712 1995 1899 2043 incolu-

211 2085 354 2130 mem,
395 2073 494 2130 aut,
534 2071 576 2118 si
614 2070 667 2116 id
704 2086 804 2118 non
841 2070 1007 2131 fuerit,
1039 2071 1104 2118 ad
1136 2070 1360 2118 Siciliam
1401 2073 1551 2131 atque
1592 2070 1655 2116 ad
1686 2069 1899 2117 Acesten
1922 2084 1965 2126 25

209 2142 523 2191 tendendum.
585 2144 796 2207 epilogis
835 2145 1011 2192 dehinc
1051 2143 1300 2192 concludit
1338 2144 1465 2192 hanc
1503 2147 1698 2205 partem
1737 2145 1898 2191 osten—

211 2216 328 2264 dens
374 2216 535 2265 solum
580 2233 724 2278 posse
770 2218 973 2266 Aenean
1019 2219 1222 2266 Italiam
1267 2217 1370 2264 filio
1419 2217 1650 2265 obtinere
1687 2220 1735 2265 et
1780 2218 1899 2265 fecit

211 2290 586 2353 apostropham,
631 2295 688 2338 ut
734 2292 955 2339 animum
993 2292 1204 2340 Didonis
1253 2292 1317 2339 ad
1362 2292 1696 2339 miserationis
1738 2290 1896 2352 partis
1964 2319 1965 2322 =

210 2367 419 2427 urgeret.
506 2364 570 2425 si,
622 2365 808 2426 inquit,
863 2368 1036 2414 contra
1088 2367 1322 2414 meritum
1374 2369 1518 2413 tuum
1570 2366 1814 2414 secessisti
1867 2380 1898 2412 a

210 2439 424 2500 superis,
488 2440 531 2485 si
590 2439 738 2487 funus
799 2442 941 2487 tuum
1002 2441 1267 2504 naufragia
1335 2439 1651 2499 sorbuerunt,
1712 2439 1755 2487 si
1807 2441 1895 2486 tuo
1952 2490 1954 2492 ,

329 2612 354 2650 3
387 2607 644 2651 audientem
675 2607 762 2651 LR
793 2610 1039 2654 audaciam
1071 2610 1142 2654 ed.
1183 2613 1189 2666 Ι
1224 2623 1413 2666 possum
1444 2609 1515 2654 ed.
1640 2612 1663 2650 7
1695 2613 1748 2652 ut
1777 2609 1896 2652 nihil
1956 2646 1958 2651 .

209 2667 295 2711 LR
325 2667 367 2710 si
396 2666 617 2722 intel-pos.
651 2667 722 2711 ed.
905 2673 932 2713 8
971 2669 1033 2713 ad
1063 2683 1248 2725 superos
1279 2669 1351 2712 ed.
1532 2672 1558 2711 9
1597 2668 1650 2711 in
1681 2668 1894 2724 proximo

210 2740 299 2771 om.
331 2725 402 2770 ed.
534 2730 588 2770 11
621 2726 752 2770 nobis
781 2726 869 2770 LR
897 2729 1066 2772 nostris
1097 2727 1167 2772 ed.
1302 2733 1356 2772 13
1382 2728 1518 2784 ponit
1549 2727 1620 2770 ed;
1745 2731 1798 2770 19
1831 2726 1895 2770 ad
1922 2727 1970 2782 Ὗ

207 2786 328 2836 freta
357 2784 456 2828 LR.
580 2789 635 2829 21
667 2790 719 2829 ut
750 2785 1025 2831 deducamus
1056 2787 1126 2830 ed.
1156 2789 1162 2843 Ι
1195 2792 1237 2831 et
1266 2786 1508 2831 caedamus
1538 2785 1610 2831 ed.
1646 2788 1652 2842 Ι
1687 2787 1739 2830 in
1766 2786 1896 2830 silvis
1951 2827 1954 2834 2

210 2843 280 2887 ed.
403 2848 458 2887 23
490 2849 806 2900 consequenter
835 2845 906 2888 ed.
1022 2850 1078 2889 24
1111 2846 1173 2890 ad
1201 2847 1394 2891 Italiam
1424 2859 1512 2888 om.
1540 2845 1611 2888 ed.
1724 2849 1779 2888 25
1811 2849 1895 2889 aut
1939 2850 1957 2899 ᾖς

210 2902 418 2947 Siciliam
438 2902 493 2946 R.
588 2906 644 2947 27
677 2903 874 2948 obtinere
896 2903 984 2947 LR
999 2919 1174 2961 parare
1197 2907 1246 2949 et
1267 2906 1495 2961 transpos.
1531 2904 1600 2947 ed.
1696 2907 1752 2947 28
1783 2916 1892 2959 apo·
1931 2914 1954 2956 2}

207 2962 416 3017 strophen
447 2961 519 3006 ed.
1934 2998 1953 3031 ,ᾖ
