2014 3226
763 147 1067 191 AENEIDOS
1101 147 1163 190 111
1709 149 1819 201 285

126 287 355 349 arvisque
380 288 522 334 novis
548 288 754 347 operata
782 285 1025 334 iuventus.
1082 288 1364 335 defecerant
1389 304 1582 349 quoque
1609 288 1820 348 arbores,

125 361 305 409 herbae
340 362 389 407 et
421 359 690 421 quodquod
727 361 1005 420 protulerat
1044 364 1192 408 terra.
1256 362 1319 409 ad
1351 363 1470 409 haec
1503 363 1635 409 mala
1668 365 1818 410 etiam

126 435 250 481 illud
291 436 584 494 accesserat,
624 435 681 480 ut
719 433 958 496 languore
997 434 1104 495 ipso
1146 437 1360 496 correpti
1399 452 1498 483 non
1539 436 1817 484 evaderent.

126 511 174 556 et
228 509 395 555 letifer
449 522 628 554 annus:
687 510 779 559 ‚aut
832 524 921 569 per
973 511 1134 555 totum
1191 526 1375 556 annum
1430 510 1652 558 homines
1704 513 1820 558 sunt

80 602 100 633 5
125 584 309 630 mortui
363 584 451 629 aut
506 595 664 628 annus
717 580 847 628 diem
894 582 1095 628 letalem
1149 584 1293 630 rebus
1348 584 1574 631 omnibus
1631 585 1817 632 attulit.

127 658 382 704 enumerat
420 655 521 703 iam
561 655 813 702 evidenter
853 659 974 716 quot
1013 657 1145 703 mala
1179 673 1235 704 ex
1266 658 1355 704 illo
1386 658 1655 719 principali
1686 659 1818 706 malo

127 733 297 777 exorta
329 730 442 778 sint.
505 730 787 787 linquebant
817 730 973 777 dulcis
1005 733 1201 778 animas
1240 735 1327 778 aut
1365 747 1512 791 aeyru
1553 734 1806 779 trahebant
1825 736 1908 775 140

127 818 354 864 corpora:
395 806 482 850 aut
513 803 852 850 moriebantur
883 804 1119 864 homines,
1153 807 1239 864 ait,
1272 807 1360 852 aut
1391 806 1677 867 corporibus
1705 806 1819 854 tabe

127 878 382 926 dissolutis
406 877 674 925 trahebant
695 877 1030 924 miserabilem
1055 879 1225 926 vitam.
1282 883 1383 926 tum
1413 882 1592 927 sterilis
1623 894 1821 928 exurere

61 972 103 1003 10
126 951 289 1000 Sirius
327 966 494 1011 ayros:
535 950 692 998 Sirius
725 967 836 998 cum
868 953 1103 1012 exoritur,
1137 953 1303 1000 omnia
1336 970 1460 1014 quae
1493 956 1627 1001 terra
1658 955 1822 1017 gignit

127 1027 289 1074 exurit
328 1028 377 1072 et
417 1025 539 1072 facit
578 1040 688 1072 eam
728 1026 968 1085 sterilem,
1008 1028 1065 1073 ut
1103 1028 1208 1088 ipse
1249 1030 1344 1087 est,
1392 1027 1653 1075 adimendo
1694 1044 1820 1089 quae

126 1102 308 1161 portat.
384 1102 582 1147 tantum
629 1099 841 1160 denique
886 1100 936 1146 in
986 1101 1154 1148 omnia
1197 1103 1450 1148 invaserat
1501 1103 1711 1162 malum,
1765 1104 1822 1148 ut

125 1174 377 1222 nonnullis
430 1173 637 1235 perditis
691 1189 782 1221 nec
834 1175 936 1221 illis
992 1190 1102 1236 spes
1158 1175 1333 1223 salutis
1382 1175 1668 1223 retinendae
1717 1191 1820 1223 esse

18 1302 23 1309 .
125 1250 294 1309 posset
340 1248 427 1309 qui
473 1264 523 1295 se
571 1262 804 1295 evasuros
853 1249 1063 1296 forsitan
1115 1249 1448 1297 credidissent.
1526 1265 1702 1298 rursus
1755 1250 1822 1297 ad

15 1311 30 1401 ξ
60 1342 102 1374 15
126 1323 344 1370 oraclum
393 1321 618 1383 Ortyyiae
663 1322 998 1382 Phoebumque
1043 1337 1258 1371 remenso
1302 1324 1525 1370 hortatur
1560 1328 1706 1383 pater
1750 1325 1822 1371 ire

126 1398 256 1444 mari
279 1397 563 1455 veniamque
578 1397 801 1455 precari:
839 1398 997 1458 pater,
1028 1398 1208 1459 inquit,
1241 1413 1394 1458 meus,
1427 1397 1545 1460 quia
1577 1399 1626 1445 et
1659 1400 1821 1445 aetate

128 1473 178 1517 et
223 1471 471 1532 sapientia
519 1473 668 1531 atque
717 1472 1070 1519 exercitatione
1110 1474 1297 1519 ceteros
1341 1471 1585 1532 anteibat,
1631 1473 1822 1533 primus

129 1546 282 1592 sensit
322 1544 515 1605 aliquid
552 1545 741 1592 factum
781 1548 956 1592 contra
993 1547 1304 1608 praescripta
1340 1547 1579 1608 responsi,
1614 1545 1821 1607 proinde

129 1617 325 1667 dicebat
364 1618 426 1665 ad
464 1617 751 1680 Apollinem
789 1619 1004 1680 repetita
1042 1619 1363 1682 navigatione
1402 1619 1727 1680 redeundum,
1766 1623 1822 1666 ut

62 1711 105 1744 20
129 1691 281 1740 errati
312 1693 459 1740 venia
489 1695 753 1754 peteretur.
805 1708 953 1752 quam
981 1695 1125 1753 fessis
1155 1697 1302 1752 finem
1331 1695 1475 1742 rebus
1504 1695 1646 1753 ferat,
1678 1693 1809 1740 unde
1827 1697 1910 1736 145

128 1767 351 1814 laborum
405 1769 636 1826 temptare
690 1768 935 1815 auxilium
989 1768 1170 1822 iubeat,
1234 1782 1326 1827 quo
1386 1771 1567 1816 vertere
1627 1782 1823 1815 cursus:

129 1840 342 1888 ediceret
388 1841 614 1888 laborum
660 1840 808 1889 finem
853 1841 1181 1903 finiendisque
1226 1843 1348 1904 ipsis
1395 1841 1646 1889 laboribus
1693 1841 1822 1888 unde

19 1920 34 1942 ³⁷
128 1915 388 1976 provenire
443 1915 684 1962 auxilium
737 1918 906 1977 posset
958 1916 1039 1964 vel
1091 1917 1143 1963 in
1198 1932 1345 1977 quem
1406 1917 1571 1964 locum
1630 1915 1824 1963 iuberet

130 2003 299 2037 cursus
338 1989 678 2051 navigationis
716 1989 917 2037 inflecti.
995 1990 1166 2037 iubeat
1204 1990 1256 2036 in
1294 1989 1456 2038 medio
1496 1990 1715 2052 positum
1749 1991 1824 2038 est

20 2049 25 2086 ³
63 2081 106 2114 25
132 2065 182 2111 et
219 2065 357 2111 tenet
395 2064 561 2110 omnia
601 2064 927 2126 omnibusque
968 2063 1260 2112 desideratis
1299 2066 1517 2126 aptatur.

20 2092 28 2220 1
241 2137 355 2185 Nox
408 2141 513 2185 erat
565 2141 609 2186 et
660 2139 802 2186 terris
856 2139 1096 2186 animalia
1149 2152 1348 2186 somnus
1400 2139 1628 2186 habebat:
1697 2153 1823 2199 quae

131 2211 325 2259 dixerat
361 2211 601 2260 Anchises
641 2211 874 2260 faciunda
912 2228 1008 2260 nox
1047 2212 1382 2260 interveniens
1414 2211 1623 2260 distulit.
1687 2211 1823 2259 deni-

131 2301 227 2347 que
281 2300 423 2333 omne
478 2285 771 2333 animalium
824 2301 978 2349 genus
1031 2302 1121 2348 pro
1172 2285 1464 2334 necessitate
1511 2287 1720 2333 naturae
1767 2300 1824 2333 ac

130 2359 368 2420 temporis
407 2359 698 2407 dormiebat.
775 2361 960 2421 effiyies
997 2374 1168 2408 sacrae
1205 2361 1374 2408 divum
1410 2360 1707 2420 Phryyiiqwe
1738 2373 1825 2418 pe-

252 2550 277 2587 2
310 2550 352 2588 et
381 2545 625 2602 quodquod
647 2545 734 2588 LR
761 2544 819 2588 cf.
846 2549 888 2599 9,
905 2548 960 2588 89
986 2548 1029 2588 et
1050 2545 1277 2602 quidquid
1298 2559 1323 2588 r
1346 2544 1442 2599 ed.;
1474 2544 1674 2589 fortasse
1697 2549 1823 2599 quot·

132 2609 240 2659 quot
263 2603 420 2647 deleto
442 2609 512 2648 et?
603 2609 629 2646 5
657 2618 812 2649 annus
835 2604 953 2648 diem
977 2605 1114 2648 letum
1138 2603 1223 2647 LR
1246 2604 1318 2648 ed.
1345 2619 1388 2648 a.
1415 2605 1458 2647 d.
1484 2605 1562 2648 lete:
1583 2603 1626 2647 R
1647 2603 1750 2659 ipse
1773 2601 1823 2645 in

132 2675 296 2706 rasura
319 2662 461 2708 annis
482 2664 579 2708 dies
602 2664 739 2709 letwm
761 2661 800 2707 τ’
824 2665 878 2707 ut
900 2662 1085 2707 videtur
1108 2663 1227 2708 diem
1250 2664 1425 2708 letalem
1447 2676 1547 2707 nos.
1646 2666 1672 2705 6
1704 2661 1826 2718 quod

132 2721 219 2765 LR
249 2726 356 2778 quot
385 2736 409 2764 r
439 2736 555 2778 quae
586 2723 658 2766 ed.
798 2727 851 2766 11
883 2726 938 2766 ut
967 2723 1062 2778 ipse
1093 2727 1158 2767 est
1186 2722 1274 2766 LR
1304 2723 1376 2766 ed.
1408 2727 1574 2767 cuncta
1602 2721 1742 2766 simul
1770 2718 1822 2763 r'.

224 2785 278 2824 12
305 2782 526 2838 portabat
555 2782 627 2827 ed.
764 2786 818 2824 13
849 2781 1090 2826 retinenda
1120 2781 1207 2825 LR
1237 2782 1344 2826 -dae
1375 2781 1446 2825 ed.
1577 2785 1632 2824 15
1664 2791 1822 2824 oracu-

133 2839 228 2884 lum
259 2840 358 2884 LR.
528 2845 582 2886 16
615 2842 728 2898 quia
758 2840 846 2884 LR
875 2839 947 2884 ed.
980 2841 1062 2897 qui
1090 2855 1126 2885 r.
1185 2841 1192 2899 Ι
1248 2846 1290 2886 et
1327 2845 1472 2885 aetate
1509 2853 1598 2884 om.
1631 2838 1703 2883 ed.

136 2903 192 2942 20
223 2913 361 2956 quam
390 2898 478 2946 LR
508 2914 636 2958 quem
667 2901 740 2945 ed.
775 2901 781 2957 Ι
815 2900 939 2954 ferat
966 2899 1053 2942 LR
1083 2900 1250 2955 afferat
1278 2915 1315 2943 r.
1436 2903 1491 2943 21
1524 2903 1708 2943 temtare
1738 2896 1825 2941 1.ss

133 2959 348 3015 temptari
375 2971 411 3001 r.
528 2964 583 3004 27
615 2959 842 3015 faciunda
875 2958 910 3002 L
940 2959 1136 3013 facinda
1165 2959 1208 3003 R
1235 2958 1452 3014 facienda
1484 2957 1556 3003 ed.
1599 2981 1606 2986 ·
