2014 3226
237 169 343 221 588
706 169 937 213 DONATI
968 169 1229 213 INTERPR
1239 205 1248 213 .
1280 170 1457 216 VERG.

235 323 362 356 ucoca
402 310 586 357 clienti:
624 309 729 357 illic
768 310 968 356 fuerunt
1009 311 1095 370 qui
1134 310 1246 357 odio
1286 310 1565 358 habuerunt
1604 311 1782 358 fratres
1814 327 1928 360 suos

238 385 287 430 et
327 385 413 444 qui
451 385 618 444 patres
660 386 864 446 egerunt
902 399 1053 430 manu
1093 384 1172 431 vel
1213 384 1297 444 qui
1340 384 1640 446 pauperibus
1689 385 1927 433 conflave-

150 465 236 505 610
252 459 370 504 runt
407 457 645 503 fraudem.
717 461 804 504 aut
841 460 923 517 qui
964 458 1145 504 die-itiis
1182 459 1273 504 soti
1310 459 1569 506 incubuere
1606 461 1807 518 repertis
1844 474 1929 506 uec

229 535 425 590 partem
463 546 672 590 posuere
718 533 843 586 suis,
893 546 1015 590 quae
1054 533 1270 579 mamma
1309 532 1452 579 turba
1492 535 1581 579 est:
1634 532 1738 580 illic
1779 534 1930 580 etiam
1990 551 1993 570 1

238 605 314 651 illi
363 605 449 665 qui
495 606 665 651 nancti
712 605 912 653 divitias
960 605 1150 652 nullam
1191 607 1292 652 suis
1331 608 1526 666 partem
1564 607 1725 654 facere
1764 606 1929 654 1761116-
1970 601 1995 686 οξ

239 681 369 738 runt,
412 694 622 738 quorum
659 679 929 726 multitudo
969 680 1133 726 fuerat
1171 681 1402 726 maxima.
1480 681 1653 739 quique
1695 681 1751 727 ob
1792 680 1931 728 adul·
1991 720 1993 724 ,

240 755 414 799 terium
461 754 612 799 caesi:
675 755 724 800 et
772 754 859 813 qui
906 753 966 800 ob
1014 753 1229 800 inlicitos
1278 753 1567 800 concubitus
1616 753 1765 800 alieni
1821 770 1931 802 con-

240 827 367 888 iugii
405 828 614 874 mactati
653 830 788 873 sunt:
830 829 1004 886 quique
1043 842 1187 874 arma
1225 829 1373 875 secuti
1410 828 1563 887 inpia,
1597 830 1653 875 ut
1692 830 1808 876 sunt
1847 828 1933 889 qui
1986 855 1993 881 ,3

240 899 491 948 coniuncti
529 900 888 948 necessitudine
929 900 1185 964 sanguinis
1227 903 1312 948 aut
1349 901 1621 948 adfinitatis
1655 903 1932 949 contractas
1988 908 1993 956 ’,

239 974 529 1022 inimicitias
568 990 723 1035 usque
765 974 828 1021 ad
867 975 1160 1038 sanguinem
1201 974 1399 1022 ducunt.
1475 990 1561 1022 rece
1598 977 1738 1022 veriti
1783 976 1933 1024 domi-
1956 965 1993 1029 11⁴

238 1062 414 1095 uorum
449 1045 625 1110 fallere
663 1049 883 1096 dextros:
921 1049 997 1095 illi
1037 1064 1231 1110 quoque
1265 1049 1350 1109 qui
1383 1048 1679 1110 deceperunt
1710 1049 1933 1098 dominos

241 1138 367 1182 suos,
406 1125 616 1183 possunt
656 1122 806 1169 etiam
845 1123 921 1169 illi
961 1123 1187 1184 intellegi
1226 1124 1313 1184 qui
1349 1124 1674 1184 imperatores
1705 1123 1934 1186 prodide-
1975 1179 1979 1185 J

239 1199 369 1243 runt.
447 1197 625 1243 inclusi
662 1211 875 1256 poenam
923 1200 1193 1255 expectaret:
1245 1196 1337 1243 hoc
1377 1197 1434 1244 de
1476 1197 1703 1245 omnibus
1747 1197 1935 1245 dietum
1980 1194 1993 1260 ’1

241 1273 316 1318 est
371 1286 492 1332 quos
548 1285 699 1332 supra
753 1270 1018 1331 conplexus
1075 1272 1170 1331 est,
1223 1270 1355 1332 quod
1409 1271 1565 1319 clausi
1619 1273 1935 1334 expectarent
1987 1258 1993 1278 ⁸

240 1359 467 1407 poenam,
508 1347 765 1406 expectare
807 1346 972 1391 autem
1011 1360 1198 1406 poenae
1231 1346 1474 1392 incertum
1506 1346 1647 1407 peius
1680 1348 1755 1393 est
1786 1361 1934 1407 quam

152 1423 237 1464 615
254 1419 377 1479 pati.
454 1433 515 1465 rie
569 1433 746 1478 quaere
799 1420 958 1466 doceri
1012 1433 1158 1477 quam
1203 1433 1417 1477 poeuam
1472 1423 1558 1466 aut
1607 1434 1730 1479 quae
1774 1421 1936 1480 forma

239 1495 370 1540 viros
415 1493 672 1552 fortunave
717 1494 907 1540 mersit:
970 1493 1088 1553 quid
1135 1494 1266 1539 enim
1311 1493 1518 1541 referret
1565 1493 1758 1555 Sibylla
1806 1493 1937 1555 quod

239 1566 460 1613 nondum
505 1566 558 1613 in
605 1567 807 1613 illorum
855 1568 1118 1613 criminum
1155 1581 1264 1614 reos
1303 1567 1468 1614 fuerat
1507 1565 1799 1614 definitum?
1874 1583 1935 1614 ne
1975 1579 1982 1612 3

243 1655 465 1702 quaeras,
492 1641 673 1701 inquit,
698 1640 884 1687 discere
915 1655 1014 1701 qua
1044 1656 1205 1702 poena
1237 1641 1323 1688 isti
1355 1640 1663 1700 adficiantur‚
1689 1656 1799 1688 cum
1831 1641 1937 1689 sola
1972 1693 1991 1718 ,J

242 1716 309 1762 sit
345 1715 549 1761 interim
589 1714 721 1776 quod
761 1729 870 1761 eam
911 1717 1172 1775 expectant
1212 1716 1262 1762 et
1298 1730 1387 1762 nec
1419 1718 1614 1777 tempus
1647 1731 1744 1777 quo
1776 1731 1936 1777 poena
1982 1709 1987 1782 η’

240 1788 350 1850 ipsa
395 1791 608 1836 ventura
654 1790 720 1836 sit
766 1791 950 1835 norunt
995 1803 1085 1836 1166
1131 1789 1294 1836 sciunt
1340 1805 1467 1851 quae
1513 1789 1604 1837 illa
1647 1791 1727 1837 sit.
1807 1788 1936 1850 quod
1959 1791 1991 1859 [ἑ]

242 1862 367 1910 dixit
413 1863 493 1910 hic
542 1862 721 1923 quibus
767 1863 919 1910 invisi
964 1862 1166 1923 fratres,
1215 1862 1332 1910 dum
1371 1865 1478 1911 vita
1516 1863 1771 1925 manebat,
1819 1863 1936 1911 dum
1979 1861 1991 1939 J

241 1938 348 1984 vita
385 1936 619 1984 manebat
658 1936 885 1984 omnibus
924 1939 1091 1998 potest
1131 1938 1295 1998 aptari
1333 1952 1456 1998 quos
1496 1937 1801 1986 diversorum
1844 1939 1936 1984 cri-
1978 1972 1999 2011 J

239 2011 430 2057 minum
477 2026 585 2058 reos
633 2026 784 2071 supra
831 2012 1162 2071 enumeravit3
1225 2026 1392 2059 omnes
1451 2013 1604 2072 enim,
1659 2011 1778 2059 dum
1830 2013 1937 2059 vita
1974 2012 1990 2070 11

241 2084 495 2142 manebat,
555 2084 813 2146 praedicta
876 2085 1084 2132 crimina
1146 2084 1463 2133 admiserant.
1540 2100 1716 2133 samum
1768 2088 1936 2145 inycus

240 2158 439 2205 vobvunt
476 2159 586 2213 alii,
627 2158 817 2206 scilicet
855 2158 960 2206 sine
998 2158 1095 2205 fine
1133 2159 1387 2219 volvendi,
1429 2159 1679 2219 radiisque
1716 2163 1937 2207 rotarum
1967 2190 1988 2251 ᾖ

243 2233 448 2280 districti
478 2232 715 2292 peudeut:
763 2234 812 2279 et
849 2232 930 2279 hic
969 2232 1282 2295 inteHegitur
1321 2232 1429 2294 alii3
1483 2249 1582 2280 non
1621 2249 1795 2281 saxum
1833 2233 1936 2281 vol-
1966 2254 1987 2296 ,ᾖ

242 2309 427 2367 ventes,
469 2306 554 2354 sed
594 2306 683 2353 alii
722 2306 950 2354 distracti
991 2306 1055 2354 ad
1091 2309 1267 2368 rotam,
1299 2309 1358 2354 ut
1389 2307 1455 2354 sit
1486 2307 1648 2354 stricti
1679 2307 1744 2354 ad
1772 2309 1936 2355 rotam

243 2379 331 2427 alii
356 2395 529 2428 saxum
552 2379 835 2441 volvebant,
861 2380 951 2428 alii
973 2379 1257 2442 pendebant
1279 2383 1501 2428 rotarum
1525 2381 1679 2428 radiis
1706 2381 1935 2429 districti.

1987 1089 1993 1120 1

363 2567 388 2606 2
422 2569 464 2608 et
493 2565 574 2620 qui
603 2563 646 2607 V
677 2566 758 2621 qui
788 2578 877 2608 om.
903 2565 974 2608 ed.
1114 2569 1140 2608 3
1170 2566 1404 2622 huupuere
1434 2579 1518 2622 pro
1550 2566 1791 2610 incubuere
1821 2564 1875 2610 V
1963 2605 1967 2614 ,

244 2627 268 2666 ’1
309 2624 566 2668 concubitos
602 2622 658 2667 V.
819 2628 844 2667 9
871 2625 1118 2668 coniuncti
1140 2650 1197 2656 ——
1224 2629 1279 2668 10
1315 2625 1587 2669 inimicitias
1622 2624 1850 2668 mutando
1889 2626 1940 2668 et
1958 2626 1994 2694 ζ

243 2682 504 2726 omittendo
529 2682 736 2739 corrupit
759 2683 830 2726 ed.
927 2688 979 2726 11
1006 2683 1082 2726 ille
1104 2682 1159 2727 V.
1256 2688 1310 2727 12
1334 2684 1408 2728 illi
1431 2697 1518 2727 om.
1538 2683 1609 2727 ed.
1704 2687 1760 2726 14
1790 2676 1986 2739 clauc-iz}

242 2740 286 2784 V
315 2742 486 2786 inclusi
516 2742 589 2785 ed.
714 2746 768 2786 15
794 2754 994 2798 poenam
1025 2741 1067 2784 V
1092 2755 1267 2797 poenas
1299 2742 1370 2786 ed.
1407 2743 1412 2800 Ι
1440 2757 1586 2799 poene
1615 2741 1658 2786 V
1689 2756 1778 2786 om.
1805 2742 1876 2786 ed
1955 2704 1986 2812 ξ’

245 2804 300 2844 17
332 2801 494 2855 referet
527 2799 565 2844 V
595 2801 783 2855 referret
813 2800 885 2844 ed.
1019 2805 1071 2844 19
1105 2802 1250 2846 dicere
1281 2801 1324 2846 V
1354 2803 1506 2846 doceri
1535 2801 1607 2846 ed.
1641 2801 1808 2845 discere
1837 2804 1937 2845 1165.
1952 2798 1983 2857 3

334 2863 389 2902 21
421 2864 596 2904 ‘norumt
619 2886 675 2892 —
699 2861 853 2904 sciunt
881 2859 923 2903 V
954 2860 1113 2903 norint
1135 2886 1192 2892 --
1216 2861 1367 2905 sciant
1398 2861 1468 2904 6(1.
1621 2865 1795 2903 22--23
1827 2859 1963 2904 dum

242 2918 340 2962 vita
369 2919 583 2962 manebat
611 2918 685 2962 bis
716 2918 759 2963 V
790 2917 934 2962 semel
967 2918 1038 2962 ed.
1173 2923 1227 2962 27
1261 2919 1464 2964 destricti
1492 2918 1548 2963 V.
1592 2921 1599 2976 Ι
1647 2933 1742 2964 reon
1773 2933 1938 2963 saxum

243 3003 300 3009 -—
319 2981 375 3020 28
409 2977 471 3021 ad
502 2983 649 3022 rotam
681 2978 769 3022 alii
798 2991 886 3021 om.
914 2977 984 3021 ed.
1109 2980 1165 3021 28
1197 2978 1408 3023 distracti
1437 2978 1500 3022 ad
1523 2983 1709 3034 portam
1738 2977 1793 3023 V.
1856 2988 1862 2992 “
1983 2991 1985 2994 ·
