2014 3226
780 163 1083 208 AENEIDOS
1116 164 1158 206 V
1709 166 1816 218 525

126 305 266 351 navis
315 303 521 364 ducunt,
568 305 706 351 venti
754 304 1062 351 currentibus
1109 303 1455 365 blandiuntur,
1505 305 1686 366 quietis
1734 322 1817 366 pe·

126 377 303 424 tendae
350 379 545 439 tempus
594 379 690 436 est,
738 379 931 438 quiesce
980 378 1236 439 paulisper
1284 381 1332 425 et
1372 379 1537 426 oculos
1578 382 1688 426 tuos
1729 379 1817 425 ali-

128 451 423 512 quantulum
460 451 715 498 laboribus
757 451 1004 512 subtrahe,
1047 467 1116 511 ac,
1148 467 1209 498 ne
1248 454 1414 512 partes
1455 454 1569 499 tuae
1610 452 1818 499 navibus

126 524 436 572 currentibus
491 525 815 588 denegentur,
871 541 960 588 ego
1016 525 1212 572 interim
1266 525 1426 574 officio
1474 526 1817 590 gubernatoris

80 615 101 647 5
125 599 337 646 intrabo.
414 599 534 646 haec
582 598 707 646 dixit
755 600 840 660 qui
888 599 1148 658 suadebat,
1197 599 1281 646 sed
1328 600 1488 647 latent
1528 616 1653 661 quae
1693 600 1817 647 dixi-

125 688 232 720 mus
281 674 466 733 opponi
514 689 539 720 e
586 673 779 720 diverso
827 674 1046 734 potuisse
1096 689 1319 734 quaeque
1368 674 1674 721 adseruimus
1715 689 1817 722 esse

125 749 408 809 praeventa.
479 747 611 794 idem
651 747 782 794 enim
821 746 947 793 dixit
986 747 1152 794 ferunt
1190 748 1299 808 ipsa
1340 764 1557 809 aequora
1596 748 1816 809 classem,

126 823 369 882 aequatae
411 820 667 882 adspirant
706 836 878 881 aurae,
919 837 978 868 ne
1018 820 1282 868 Palinurus
1323 822 1528 881 diceret,
1575 822 1706 883 quod
1743 823 1816 868 in-

125 895 277 942 ferius
325 895 472 954 dixit,
519 911 655 942 mare
696 910 898 942 saevum
939 896 1012 942 est
1053 896 1101 941 et
1139 894 1368 956 infidum,
1407 896 1665 957 inportuni
1704 898 1819 943 sunt

58 985 102 1016 10
125 968 288 1029 flatus,
327 969 605 1029 relinquere
646 985 744 1015 non
782 983 984 1030 possum
1025 968 1243 1016 officium
1284 969 1509 1016 omnibus
1542 985 1735 1031 semper
1765 971 1817 1016 in

125 1043 217 1089 hac
257 1042 389 1090 unda
429 1044 683 1104 suspectis.
753 1042 900 1089 datur
930 1043 1052 1090 hora
1085 1043 1262 1104 quieti:
1304 1043 1534 1090 dissoluti
1573 1046 1647 1091 est
1687 1043 1817 1091 enim

125 1117 338 1163 dormire
388 1119 502 1164 ante
541 1118 736 1178 tempus
777 1118 847 1176 et,
897 1118 1014 1178 quia
1054 1132 1158 1164 esse
1201 1117 1254 1163 id
1291 1117 1456 1178 ipsum
1496 1119 1691 1178 tempus
1732 1116 1816 1164 ad-

125 1190 402 1250 serebatur,
448 1192 616 1253 posset
664 1191 762 1239 dici
801 1207 898 1238 non
939 1206 1042 1238 esse
1084 1190 1425 1238 dormiendum
1466 1194 1670 1253 propter
1707 1208 1816 1252 per-

123 1264 293 1312 fidiam
330 1266 481 1312 maris
516 1266 565 1312 et
595 1265 931 1328 navigationis
962 1266 1219 1312 incertum.
1284 1280 1427 1326 pone,
1457 1265 1637 1326 inquit,
1669 1267 1819 1327 caput

58 1355 99 1388 15
123 1339 374 1400 fessosque
422 1339 588 1386 oculos
635 1339 801 1386 furare
848 1338 1031 1398 labori,
1077 1340 1180 1398 ipse
1228 1354 1307 1399 090
1345 1339 1604 1399 paulisper
1641 1354 1737 1399 pro
1777 1342 1819 1386 te.

124 1415 210 1460 tua
250 1427 454 1460 munera
492 1413 648 1460 inibo:
686 1412 807 1460 bene
847 1412 973 1460 dixit
1011 1413 1191 1473 furare,
1230 1414 1288 1460 ut
1328 1412 1689 1474 quodammodo
1729 1428 1818 1460 1100

123 1487 234 1548 ipsa
272 1488 433 1534 maria
472 1487 654 1534 scirent
691 1487 986 1534 Palinurum
1027 1486 1284 1547 quievisse.
1359 1486 1539 1535 modici
1579 1488 1816 1548 temporis

125 1561 171 1608 ei
215 1562 438 1622 requiem
486 1561 746 1623 suadebat,
801 1563 857 1607 ut
908 1559 1129 1608 obtinere
1183 1561 1451 1622 potuisset,
1506 1562 1624 1622 quia
1678 1560 1818 1608 brevi

125 1635 289 1696 spatio
328 1634 539 1682 insidiae
580 1635 801 1696 conpleri
839 1636 1123 1696 potuerunt,
1161 1650 1259 1695 qua
1298 1650 1447 1682 causa
1487 1634 1679 1682 addidit
1710 1636 1816 1696 ipse

8 1727 12 1774 f
57 1724 101 1757 20
126 1725 216 1772 ego
263 1724 353 1770 pro
401 1711 449 1756 te
496 1708 742 1772 vigilabo,
781 1724 871 1772 ego
912 1708 1179 1770 suscipiam
1218 1707 1435 1756 officium
1475 1710 1629 1755 tuum.
1708 1723 1816 1756 ecce

27 1779 29 1781 ’
125 1799 182 1830 ex
230 1782 418 1831 duobus
465 1784 744 1845 persuasio,
792 1782 850 1829 de
890 1782 1134 1830 brevitate
1172 1782 1410 1844 temporis
1452 1784 1501 1829 et
1539 1782 1598 1830 de
1638 1782 1818 1830 securi-

124 1858 228 1904 tate
274 1858 519 1918 promissa
567 1857 956 1921 gubernationis.
1036 1858 1114 1904 cui
1160 1858 1241 1903 vix
1288 1856 1506 1903 attollens
1547 1857 1820 1904 Palinurus

125 1932 314 1979 lumina
351 1932 512 1991 fatur.-
566 1932 649 1978 vix
690 1931 938 1991 attollens,
978 1931 1096 1992 quia
1133 1930 1454 1992 premebatur
1491 1931 1593 1977 iam
1631 1930 1816 1978 virtute

9 2064 11 2068 .
124 2005 349 2067 potioris.
418 2019 554 2053 mene
591 2005 712 2052 salis
742 2006 932 2065 placidi
963 2004 1148 2052 vultum
1178 2006 1445 2063 fluctusque
1476 2006 1656 2064 quietos
1685 2006 1817 2064 19110-

8 2071 19 2118 3-
58 2093 102 2128 85
125 2093 240 2127 rare
276 2079 445 2127 iubes?
483 2094 614 2126 meve
651 2080 764 2126 huie
802 2079 1040 2138 confidere
1077 2079 1323 2126 monstro?
1372 2077 1577 2126 Aenean
1609 2079 1803 2126 credam
1819 2083 1904 2123 850

10 2156 16 2161 “
124 2150 296 2214 [(quid
351 2155 478 2200 enim
530 2153 762 2213 fallacius
816 2154 1000 2200 austris
1047 2155 1089 2199 et
1134 2151 1319 2213 caelo?)
1375 2154 1543 2199 totiens
1596 2153 1818 2212 deeeptus

125 2227 305 2287 fraude
341 2228 532 2275 sereni?
527 2225 562 2289 ]
570 2244 585 2274 :
623 2228 786 2289 putaS,
825 2227 1004 2288 inquit,
1045 2242 1120 2273 me
1159 2227 1347 2274 nescire
1387 2225 1507 2288 quid
1546 2228 1728 2290 agatur
1763 2226 1817 2273 in

246 2387 273 2426 4
312 2383 464 2437 officio
495 2382 581 2425 LR
622 2383 690 2426 -ia
721 2397 744 2425 r
783 2383 897 2426 -ium
931 2381 1017 2435 ed.,
1058 2382 1140 2424 sed
1179 2381 1413 2425 ablativus
1449 2394 1551 2425 esse
1587 2382 1755 2437 potest.

127 2446 154 2485 5
193 2442 376 2486 intrabo
414 2441 501 2484 LR
539 2442 697 2486 subibo
736 2441 806 2485 ed.
991 2445 1015 2483 7
1056 2441 1175 2484 idem
1213 2440 1300 2484 LR
1337 2441 1388 2484 id
1427 2441 1498 2485 ed.
1683 2444 1736 2483 12
1777 2444 1819 2483 et

125 2501 239 2557 quia
263 2527 318 2532 -
344 2506 518 2557 tempus
556 2514 645 2544 om
678 2500 720 2543 R
759 2499 910 2557 suppl.
944 2500 994 2543 in
1026 2513 1172 2557 marg.
1205 2515 1228 2543 r
1252 2522 1308 2537 =
1333 2500 1368 2543 L
1408 2501 1559 2556 ipsum
1590 2513 1679 2543 om.
1706 2498 1814 2543 edF.

219 2564 274 2603 14
305 2561 526 2604 incertum
557 2559 645 2603 LR
675 2559 1043 2604 incertitudinem
1074 2558 1146 2603 ed.
1293 2563 1348 2603 15
1378 2559 1539 2614 furari
1566 2558 1609 2602 R
1638 2572 1706 2603 -re
1734 2572 1769 2601 r.
1806 2558 1813 2614 Ι

127 2632 231 2676 erqo
261 2617 348 2662 LR
378 2632 457 2678 eqo
487 2633 522 2662 r.
575 2621 581 2675 Ι
633 2633 718 2674 per
748 2622 788 2662 te
820 2618 892 2662 ed.
924 2619 1045 2675 poet.
1185 2622 1237 2662 17
1271 2618 1487 2676 quievisse
1517 2616 1604 2660 LR
1630 2622 1818 2685 propter

125 2678 330 2735 spatium
367 2677 583 2735 interpol.
618 2677 688 2721 ed.
748 2680 754 2734 Ι
811 2678 997 2722 modic-it
1034 2676 1119 2720 LR
1157 2682 1175 2722 t
1213 2677 1303 2721 del.
1336 2692 1371 2721 r.
1431 2679 1436 2734 Ι
1493 2677 1728 2734 etemporis
1765 2675 1814 2718 L.

221 2741 276 2780 18
322 2742 363 2781 et
409 2738 606 2794 requiem
644 2736 731 2780 LR
769 2737 840 2780 ed.
889 2740 932 2781 et
976 2749 1077 2794 exp.
1117 2750 1141 2779 r
1185 2738 1227 2780 ei
1267 2749 1365 2780 nos.
1423 2738 1430 2792 1
1485 2736 1738 2780 suadebant
1775 2733 1815 2776 Β

126 2810 162 2840 n
201 2795 290 2840 del.
323 2811 358 2839 r.
540 2800 596 2840 25
635 2809 754 2841 meve
793 2796 900 2841 huic
934 2794 1020 2838 LR-
1060 2809 1181 2840 mene
1218 2796 1259 2839 h.
1293 2795 1364 2840 ed.
1399 2797 1447 2839 et
1477 2793 1615 2851 Verg.
1647 2793 1770 2837 libri.
1805 2792 1811 2852 1

127 2855 319 2899 Aenean
348 2855 530 2900 credam
561 2869 648 2899 0111
682 2854 753 2899 0(1.
921 2858 976 2899 26
1010 2854 1122 2911 quid
1146 2881 1201 2887 —
1229 2858 1284 2898 27
1315 2855 1462 2899 sereni
1493 2852 1671 2906 addidi,
1703 2851 1815 2908 quia

129 2912 246 2958 Don.
288 2913 450 2958 statim
487 2927 671 2958 versum
701 2918 786 2958 851
835 2915 1010 2958 tractat
1058 2913 1131 2963 (cf
1167 2918 1206 2968 1,
1232 2915 1320 2970 25).
1501 2916 1558 2955 26
1596 2911 1816 2966 fallacius

129 2973 303 3018 austris
332 2973 498 3030 scripsi
531 2973 787 3018 secundum
818 2972 1256 3029 interpretationem
1288 2987 1326 3015 v.
1360 2970 1495 3015 infra.
