<?xml version="1.0" encoding="UTF-8"?>
<!DOCTYPE html PUBLIC "-//W3C//DTD XHTML 1.0 Transitional//EN"
    "http://www.w3.org/TR/xhtml1/DTD/xhtml1-transitional.dtd">
<html xmlns="http://www.w3.org/1999/xhtml" xml:lang="en" lang="en">
 <head>
  <title>
</title>
<meta http-equiv="Content-Type" content="text/html;charset=utf-8" />
  <meta name='ocr-system' content='tesseract 3.04.00' />
  <meta name='ocr-capabilities' content='ocr_page ocr_carea ocr_par ocr_line ocrx_word'/>
</head>
<body>
  <div class='ocr_page' id='page_1' title='image "./interpretationes01donauoft_0359.png"; bbox 0 0 2014 3226; ppageno 0'>
   <div class='ocr_carea' id='block_1_1' title="bbox 792 185 1840 240">
    <p class='ocr_par' dir='ltr' id='par_1_1' title="bbox 792 185 1840 240">
     <span class='ocr_line' id='line_1_1' title="bbox 792 185 1840 240; baseline 0.001 -13"><span class='ocrx_word' id='word_1_1' title='bbox 792 185 1094 229; x_wconf 77' lang='lat' dir='ltr'>AENEmos</span> <span class='ocrx_word' id='word_1_2' title='bbox 1126 186 1189 228; x_wconf 88' lang='lat'>111</span> <span class='ocrx_word' id='word_1_3' title='bbox 1734 188 1840 240; x_wconf 84' lang='lat'>309</span> 
     </span>
    </p>
   </div>
   <div class='ocr_carea' id='block_1_2' title="bbox 0 323 1931 2607">
    <p class='ocr_par' dir='ltr' id='par_1_2' title="bbox 0 323 1931 2607">
     <span class='ocr_line' id='line_1_2' title="bbox 156 323 1843 388; baseline 0.002 -18"><span class='ocrx_word' id='word_1_4' title='bbox 156 326 348 387; x_wconf 76' lang='lat' dir='ltr'>gereret</span> <span class='ocrx_word' id='word_1_5' title='bbox 394 323 620 372; x_wconf 87' lang='lat' dir='ltr'>ubertate</span> <span class='ocrx_word' id='word_1_6' title='bbox 667 325 1006 387; x_wconf 85' lang='lat' dir='ltr'>lacrimarum,</span> <span class='ocrx_word' id='word_1_7' title='bbox 1060 341 1181 387; x_wconf 87' lang='lat' dir='ltr'>quas</span> <span class='ocrx_word' id='word_1_8' title='bbox 1229 328 1423 388; x_wconf 82' lang='lat' dir='ltr'>copiose</span> <span class='ocrx_word' id='word_1_9' title='bbox 1479 326 1738 386; x_wconf 85' lang='lat' dir='ltr'>fundebat,</span> <span class='ocrx_word' id='word_1_10' title='bbox 1795 332 1843 374; x_wconf 82' lang='lat' dir='ltr'>et</span> 
     </span>
     <span class='ocr_line' id='line_1_3' title="bbox 157 397 1843 464; baseline 0.001 -20"><span class='ocrx_word' id='word_1_11' title='bbox 157 397 453 446; x_wconf 87' lang='lat' dir='ltr'>clamoribus</span> <span class='ocrx_word' id='word_1_12' title='bbox 499 398 726 446; x_wconf 86' lang='lat' dir='ltr'>tristibus</span> <span class='ocrx_word' id='word_1_13' title='bbox 768 398 1138 446; x_wconf 82' lang='lat' dir='ltr'>demonstravit.</span> <span class='ocrx_word' id='word_1_14' title='bbox 1216 403 1382 461; x_wconf 90' lang='lat' dir='ltr'>potest</span> <span class='ocrx_word' id='word_1_15' title='bbox 1421 404 1469 448; x_wconf 87' lang='lat' dir='ltr'>et</span> <span class='ocrx_word' id='word_1_16' title='bbox 1510 402 1579 447; x_wconf 90' lang='lat' dir='ltr'>sic</span> <span class='ocrx_word' id='word_1_17' title='bbox 1618 401 1843 464; x_wconf 76' lang='lat' dir='ltr'>intellegi</span> 
     </span>
     <span class='ocr_line' id='line_1_4' title="bbox 156 472 1841 534; baseline 0.002 -17"><span class='ocrx_word' id='word_1_18' title='bbox 156 474 219 531; x_wconf 91' lang='lat' dir='ltr'>et,</span> <span class='ocrx_word' id='word_1_19' title='bbox 259 474 315 518; x_wconf 93' lang='lat' dir='ltr'>ut</span> <span class='ocrx_word' id='word_1_20' title='bbox 354 472 582 531; x_wconf 75' lang='lat' dir='ltr'>arbitror,</span> <span class='ocrx_word' id='word_1_21' title='bbox 621 472 712 519; x_wconf 90' lang='lat' dir='ltr'>hoc</span> <span class='ocrx_word' id='word_1_22' title='bbox 751 474 911 534; x_wconf 84' lang='lat' dir='ltr'>magis</span> <span class='ocrx_word' id='word_1_23' title='bbox 953 477 1026 520; x_wconf 86' lang='lat' dir='ltr'>est</span> <span class='ocrx_word' id='word_1_24' title='bbox 1064 489 1255 520; x_wconf 88' lang='lat' dir='ltr'>verum:</span> <span class='ocrx_word' id='word_1_25' title='bbox 1296 490 1393 521; x_wconf 89' lang='lat' dir='ltr'>non</span> <span class='ocrx_word' id='word_1_26' title='bbox 1433 475 1583 522; x_wconf 87' lang='lat' dir='ltr'>fuisse</span> <span class='ocrx_word' id='word_1_27' title='bbox 1623 490 1841 523; x_wconf 88' lang='lat' dir='ltr'>necessa—</span> 
     </span>
     <span class='ocr_line' id='line_1_5' title="bbox 0 546 1841 631; baseline 0.003 -40"><span class='ocrx_word' id='word_1_28' title='bbox 0 553 1 631; x_wconf 18' lang='lat'>*</span> <span class='ocrx_word' id='word_1_29' title='bbox 153 547 284 592; x_wconf 89' lang='lat' dir='ltr'>rium</span> <span class='ocrx_word' id='word_1_30' title='bbox 338 546 438 593; x_wconf 91' lang='lat' dir='ltr'>alia</span> <span class='ocrx_word' id='word_1_31' title='bbox 493 561 749 607; x_wconf 84' lang='lat' dir='ltr'>quaerere,</span> <span class='ocrx_word' id='word_1_32' title='bbox 804 547 1037 607; x_wconf 86' lang='lat' dir='ltr'>quoniam</span> <span class='ocrx_word' id='word_1_33' title='bbox 1092 549 1143 593; x_wconf 92' lang='lat' dir='ltr'>in</span> <span class='ocrx_word' id='word_1_34' title='bbox 1199 548 1366 596; x_wconf 88' lang='lat' dir='ltr'>dolore</span> <span class='ocrx_word' id='word_1_35' title='bbox 1420 550 1586 610; x_wconf 87' lang='lat' dir='ltr'>posita</span> <span class='ocrx_word' id='word_1_36' title='bbox 1632 548 1690 595; x_wconf 88' lang='lat' dir='ltr'>de</span> <span class='ocrx_word' id='word_1_37' title='bbox 1738 549 1841 596; x_wconf 90' lang='lat' dir='ltr'>solo</span> 
     </span>
     <span class='ocr_line' id='line_1_6' title="bbox 0 619 1841 690; baseline 0.001 -23"><span class='ocrx_word' id='word_1_38' title='bbox 0 678 1 690; x_wconf 13' lang='grc' dir='ltr'>ἵ</span> <span class='ocrx_word' id='word_1_39' title='bbox 110 635 129 667; x_wconf 82' lang='lat'><strong>5</strong></span> <span class='ocrx_word' id='word_1_40' title='bbox 153 619 334 666; x_wconf 88' lang='lat' dir='ltr'>marito</span> <span class='ocrx_word' id='word_1_41' title='bbox 373 619 544 666; x_wconf 85' lang='lat' dir='ltr'>debuit</span> <span class='ocrx_word' id='word_1_42' title='bbox 581 619 743 681; x_wconf 90' lang='lat' dir='ltr'>loqui,</span> <span class='ocrx_word' id='word_1_43' title='bbox 782 636 927 681; x_wconf 91' lang='lat' dir='ltr'>quem</span> <span class='ocrx_word' id='word_1_44' title='bbox 966 621 1179 681; x_wconf 86' lang='lat' dir='ltr'>putabat</span> <span class='ocrx_word' id='word_1_45' title='bbox 1219 622 1412 669; x_wconf 82' lang='lat' dir='ltr'>Aeneae</span> <span class='ocrx_word' id='word_1_46' title='bbox 1461 623 1715 669; x_wconf 89' lang='lat' dir='ltr'>sociatum.</span> <span class='ocrx_word' id='word_1_47' title='bbox 1793 625 1841 669; x_wconf 84' lang='lat' dir='ltr'>te</span> 
     </span>
     <span class='ocr_line' id='line_1_7' title="bbox 0 688 1842 759; baseline 0.003 -20"><span class='ocrx_word' id='word_1_48' title='bbox 0 688 21 759; x_wconf 35' lang='grc' dir='ltr'><em>ψ</em></span> <span class='ocrx_word' id='word_1_49' title='bbox 154 697 203 740; x_wconf 90' lang='lat' dir='ltr'>et</span> <span class='ocrx_word' id='word_1_50' title='bbox 251 692 411 741; x_wconf 83' lang='lat' dir='ltr'>adfers</span> <span class='ocrx_word' id='word_1_51' title='bbox 458 694 533 741; x_wconf 92' lang='lat' dir='ltr'>bis</span> <span class='ocrx_word' id='word_1_52' title='bbox 581 693 812 742; x_wconf 86' lang='lat' dir='ltr'>debemus</span> <span class='ocrx_word' id='word_1_53' title='bbox 861 695 1106 756; x_wconf 88' lang='lat' dir='ltr'>accipere,</span> <span class='ocrx_word' id='word_1_54' title='bbox 1156 698 1212 742; x_wconf 92' lang='lat' dir='ltr'>ut</span> <span class='ocrx_word' id='word_1_55' title='bbox 1259 697 1324 743; x_wconf 90' lang='lat' dir='ltr'>sit</span> <span class='ocrx_word' id='word_1_56' title='bbox 1370 711 1548 742; x_wconf 87' lang='lat' dir='ltr'>verane</span> <span class='ocrx_word' id='word_1_57' title='bbox 1595 699 1644 743; x_wconf 90' lang='lat' dir='ltr'>te</span> <span class='ocrx_word' id='word_1_58' title='bbox 1692 696 1842 744; x_wconf 89' lang='lat' dir='ltr'>facies</span> 
     </span>
     <span class='ocr_line' id='line_1_8' title="bbox 0 761 1843 829; baseline 0.001 -15"><span class='ocrx_word' id='word_1_59' title='bbox 0 761 1 768; x_wconf 66' lang='grc'>’</span> <span class='ocrx_word' id='word_1_60' title='bbox 155 765 352 814; x_wconf 80' lang='lat' dir='ltr'>adfers?</span> <span class='ocrx_word' id='word_1_61' title='bbox 392 783 536 815; x_wconf 83' lang='lat' dir='ltr'>verus</span> <span class='ocrx_word' id='word_1_62' title='bbox 575 771 625 815; x_wconf 93' lang='lat' dir='ltr'>te</span> <span class='ocrx_word' id='word_1_63' title='bbox 664 768 788 815; x_wconf 87' lang='lat' dir='ltr'>mihi</span> <span class='ocrx_word' id='word_1_64' title='bbox 826 769 1028 815; x_wconf 87' lang='lat' dir='ltr'>nuntius</span> <span class='ocrx_word' id='word_1_65' title='bbox 1070 768 1266 816; x_wconf 84' lang='lat' dir='ltr'>adfers‘?</span> <span class='ocrx_word' id='word_1_66' title='bbox 1343 771 1423 816; x_wconf 79' lang='lat' dir='ltr'>vix</span> <span class='ocrx_word' id='word_1_67' title='bbox 1452 784 1621 828; x_wconf 78' lang='lat' dir='ltr'>pauca</span> <span class='ocrx_word' id='word_1_68' title='bbox 1659 772 1843 829; x_wconf 78' lang='lat' dir='ltr'>furenti</span> 
     </span>
     <span class='ocr_line' id='line_1_9' title="bbox 151 841 1843 891; baseline 0.002 -4"><span class='ocrx_word' id='word_1_69' title='bbox 151 842 356 888; x_wconf 74' lang='lat' dir='ltr'>subicio:</span> <span class='ocrx_word' id='word_1_70' title='bbox 417 843 580 889; x_wconf 83' lang='lat' dir='ltr'>insam‘</span> <span class='ocrx_word' id='word_1_71' title='bbox 628 841 811 890; x_wconf 87' lang='lat' dir='ltr'>doloris</span> <span class='ocrx_word' id='word_1_72' title='bbox 858 842 1111 890; x_wconf 87' lang='lat' dir='ltr'>muliebris</span> <span class='ocrx_word' id='word_1_73' title='bbox 1159 843 1549 891; x_wconf 78' lang='lat' dir='ltr'>inmoderatione</span> <span class='ocrx_word' id='word_1_74' title='bbox 1597 843 1658 891; x_wconf 89' lang='lat' dir='ltr'>ab</span> <span class='ocrx_word' id='word_1_75' title='bbox 1706 847 1843 891; x_wconf 87' lang='lat' dir='ltr'>statu</span> 
     </span>
     <span class='ocr_line' id='line_1_10' title="bbox 151 916 1843 979; baseline 0.001 -17"><span class='ocrx_word' id='word_1_76' title='bbox 151 916 332 962; x_wconf 88' lang='lat' dir='ltr'>mentis</span> <span class='ocrx_word' id='word_1_77' title='bbox 380 916 604 964; x_wconf 88' lang='lat' dir='ltr'>exclusus</span> <span class='ocrx_word' id='word_1_78' title='bbox 653 916 758 975; x_wconf 86' lang='lat' dir='ltr'>vix,</span> <span class='ocrx_word' id='word_1_79' title='bbox 805 916 990 978; x_wconf 87' lang='lat' dir='ltr'>inquit,</span> <span class='ocrx_word' id='word_1_80' title='bbox 1038 917 1191 963; x_wconf 82' lang='lat' dir='ltr'>etiam</span> <span class='ocrx_word' id='word_1_81' title='bbox 1237 919 1342 978; x_wconf 89' lang='lat' dir='ltr'>ipse</span> <span class='ocrx_word' id='word_1_82' title='bbox 1387 919 1557 978; x_wconf 79' lang='lat' dir='ltr'>paucis</span> <span class='ocrx_word' id='word_1_83' title='bbox 1596 918 1843 979; x_wconf 82' lang='lat' dir='ltr'>respondi,</span> 
     </span>
     <span class='ocr_line' id='line_1_11' title="bbox 87 989 1843 1053; baseline 0.001 -16"><span class='ocrx_word' id='word_1_84' title='bbox 87 1005 129 1038; x_wconf 78' lang='grc' dir='ltr'>ιο</span> <span class='ocrx_word' id='word_1_85' title='bbox 154 989 233 1036; x_wconf 86' lang='lat' dir='ltr'>vel</span> <span class='ocrx_word' id='word_1_86' title='bbox 289 989 420 1050; x_wconf 90' lang='lat' dir='ltr'>quod</span> <span class='ocrx_word' id='word_1_87' title='bbox 474 1005 628 1037; x_wconf 90' lang='lat' dir='ltr'>essem</span> <span class='ocrx_word' id='word_1_88' title='bbox 681 990 912 1037; x_wconf 91' lang='lat' dir='ltr'>turbatus</span> <span class='ocrx_word' id='word_1_89' title='bbox 963 991 1042 1038; x_wconf 86' lang='lat' dir='ltr'>vel</span> <span class='ocrx_word' id='word_1_90' title='bbox 1098 991 1229 1051; x_wconf 89' lang='lat' dir='ltr'>quod</span> <span class='ocrx_word' id='word_1_91' title='bbox 1285 993 1459 1038; x_wconf 87' lang='lat' dir='ltr'>scirem</span> <span class='ocrx_word' id='word_1_92' title='bbox 1509 992 1650 1038; x_wconf 89' lang='lat' dir='ltr'>illam</span> <span class='ocrx_word' id='word_1_93' title='bbox 1696 992 1843 1053; x_wconf 87' lang='lat' dir='ltr'>plura</span> 
     </span>
     <span class='ocr_line' id='line_1_12' title="bbox 154 1063 1843 1127; baseline 0.001 -16"><span class='ocrx_word' id='word_1_94' title='bbox 154 1063 324 1111; x_wconf 92' lang='lat' dir='ltr'>audire</span> <span class='ocrx_word' id='word_1_95' title='bbox 364 1079 462 1111; x_wconf 88' lang='lat' dir='ltr'>non</span> <span class='ocrx_word' id='word_1_96' title='bbox 502 1079 659 1124; x_wconf 89' lang='lat' dir='ltr'>posse.</span> <span class='ocrx_word' id='word_1_97' title='bbox 719 1068 761 1111; x_wconf 75' lang='lat' dir='ltr'>ct</span> <span class='ocrx_word' id='word_1_98' title='bbox 797 1067 930 1112; x_wconf 81' lang='lat' dir='ltr'>raris</span> <span class='ocrx_word' id='word_1_99' title='bbox 969 1065 1191 1112; x_wconf 73' lang='lat' dir='ltr'>turbatus</span> <span class='ocrx_word' id='word_1_100' title='bbox 1232 1066 1423 1112; x_wconf 72' lang='lat' dir='ltr'>vocibus</span> <span class='ocrx_word' id='word_1_101' title='bbox 1461 1066 1612 1112; x_wconf 78' lang='lat' dir='ltr'>hisco:</span> <span class='ocrx_word' id='word_1_102' title='bbox 1650 1068 1843 1127; x_wconf 90' lang='lat' dir='ltr'>pertur-</span> 
     </span>
     <span class='ocr_line' id='line_1_13' title="bbox 151 1137 1843 1200; baseline 0.001 -16"><span class='ocrx_word' id='word_1_103' title='bbox 151 1137 352 1184; x_wconf 87' lang='lat' dir='ltr'>batione</span> <span class='ocrx_word' id='word_1_104' title='bbox 390 1139 571 1185; x_wconf 84' lang='lat' dir='ltr'>mentis</span> <span class='ocrx_word' id='word_1_105' title='bbox 611 1138 813 1186; x_wconf 89' lang='lat' dir='ltr'>hiabam</span> <span class='ocrx_word' id='word_1_106' title='bbox 851 1140 1017 1200; x_wconf 91' lang='lat' dir='ltr'>potius</span> <span class='ocrx_word' id='word_1_107' title='bbox 1058 1155 1210 1200; x_wconf 91' lang='lat' dir='ltr'>quam</span> <span class='ocrx_word' id='word_1_108' title='bbox 1248 1138 1507 1200; x_wconf 80' lang='lat' dir='ltr'>loquebar3</span> <span class='ocrx_word' id='word_1_109' title='bbox 1546 1155 1688 1187; x_wconf 88' lang='lat' dir='ltr'>rarae</span> <span class='ocrx_word' id='word_1_110' title='bbox 1727 1142 1843 1186; x_wconf 89' lang='lat' dir='ltr'>sunt</span> 
     </span>
     <span class='ocr_line' id='line_1_14' title="bbox 153 1212 1841 1273; baseline 0.002 -16"><span class='ocrx_word' id='word_1_111' title='bbox 153 1212 282 1258; x_wconf 90' lang='lat' dir='ltr'>enim</span> <span class='ocrx_word' id='word_1_112' title='bbox 321 1226 465 1259; x_wconf 84' lang='lat' dir='ltr'>voces</span> <span class='ocrx_word' id='word_1_113' title='bbox 506 1227 616 1259; x_wconf 93' lang='lat' dir='ltr'>cum</span> <span class='ocrx_word' id='word_1_114' title='bbox 656 1212 718 1260; x_wconf 91' lang='lat' dir='ltr'>ob</span> <span class='ocrx_word' id='word_1_115' title='bbox 759 1212 980 1273; x_wconf 87' lang='lat' dir='ltr'>aliquam</span> <span class='ocrx_word' id='word_1_116' title='bbox 1022 1228 1221 1260; x_wconf 88' lang='lat' dir='ltr'>causam</span> <span class='ocrx_word' id='word_1_117' title='bbox 1261 1214 1494 1260; x_wconf 87' lang='lat' dir='ltr'>continua</span> <span class='ocrx_word' id='word_1_118' title='bbox 1541 1213 1691 1261; x_wconf 85' lang='lat' dir='ltr'>verba</span> <span class='ocrx_word' id='word_1_119' title='bbox 1739 1229 1841 1262; x_wconf 90' lang='lat' dir='ltr'>esse</span> 
     </span>
     <span class='ocr_line' id='line_1_15' title="bbox 151 1288 1931 1347; baseline 0.002 -16"><span class='ocrx_word' id='word_1_120' title='bbox 151 1301 250 1332; x_wconf 93' lang='lat' dir='ltr'>non</span> <span class='ocrx_word' id='word_1_121' title='bbox 295 1288 516 1346; x_wconf 89' lang='lat' dir='ltr'>possunt.</span> <span class='ocrx_word' id='word_1_122' title='bbox 593 1288 700 1333; x_wconf 79' lang='lat' dir='ltr'>vivo</span> <span class='ocrx_word' id='word_1_123' title='bbox 748 1288 963 1345; x_wconf 76' lang='lat' dir='ltr'>equidem</span> <span class='ocrx_word' id='word_1_124' title='bbox 1007 1289 1250 1346; x_wconf 77' lang='lat' dir='ltr'>vitamque</span> <span class='ocrx_word' id='word_1_125' title='bbox 1294 1290 1502 1334; x_wconf 72' lang='lat' dir='ltr'>extrema</span> <span class='ocrx_word' id='word_1_126' title='bbox 1532 1302 1625 1347; x_wconf 76' lang='lat' dir='ltr'>per</span> <span class='ocrx_word' id='word_1_127' title='bbox 1663 1289 1827 1335; x_wconf 76' lang='lat' dir='ltr'>omnia</span> <span class='ocrx_word' id='word_1_128' title='bbox 1844 1291 1931 1330; x_wconf 81' lang='lat'>315</span> 
     </span>
     <span class='ocr_line' id='line_1_16' title="bbox 87 1359 1842 1423; baseline 0.001 -16"><span class='ocrx_word' id='word_1_129' title='bbox 87 1374 128 1407; x_wconf 79' lang='lat'>16</span> <span class='ocrx_word' id='word_1_130' title='bbox 152 1359 297 1406; x_wconf 81' lang='lat' dir='ltr'>duco:</span> <span class='ocrx_word' id='word_1_131' title='bbox 344 1359 442 1406; x_wconf 90' lang='lat' dir='ltr'>cito</span> <span class='ocrx_word' id='word_1_132' title='bbox 480 1360 737 1421; x_wconf 88' lang='lat' dir='ltr'>respondit</span> <span class='ocrx_word' id='word_1_133' title='bbox 774 1360 1042 1423; x_wconf 87' lang='lat' dir='ltr'>propositis</span> <span class='ocrx_word' id='word_1_134' title='bbox 1084 1364 1134 1408; x_wconf 88' lang='lat' dir='ltr'>et</span> <span class='ocrx_word' id='word_1_135' title='bbox 1179 1362 1407 1408; x_wconf 88' lang='lat' dir='ltr'>fortunae</span> <span class='ocrx_word' id='word_1_136' title='bbox 1456 1377 1572 1409; x_wconf 91' lang='lat' dir='ltr'>suae</span> <span class='ocrx_word' id='word_1_137' title='bbox 1618 1362 1842 1409; x_wconf 86' lang='lat' dir='ltr'>miserias</span> 
     </span>
     <span class='ocr_line' id='line_1_17' title="bbox 150 1432 1843 1498; baseline 0.001 -18"><span class='ocrx_word' id='word_1_138' title='bbox 150 1432 444 1481; x_wconf 87' lang='lat' dir='ltr'>brevissima</span> <span class='ocrx_word' id='word_1_139' title='bbox 496 1434 832 1483; x_wconf 89' lang='lat' dir='ltr'>insinuatione</span> <span class='ocrx_word' id='word_1_140' title='bbox 887 1435 1118 1498; x_wconf 85' lang='lat' dir='ltr'>signavit.</span> <span class='ocrx_word' id='word_1_141' title='bbox 1197 1437 1254 1482; x_wconf 93' lang='lat' dir='ltr'>ut</span> <span class='ocrx_word' id='word_1_142' title='bbox 1308 1438 1475 1482; x_wconf 91' lang='lat' dir='ltr'>autem</span> <span class='ocrx_word' id='word_1_143' title='bbox 1530 1435 1843 1482; x_wconf 88' lang='lat' dir='ltr'>confirmaret</span> 
     </span>
     <span class='ocr_line' id='line_1_18' title="bbox 153 1507 1843 1568; baseline 0.001 -14"><span class='ocrx_word' id='word_1_144' title='bbox 153 1523 279 1568; x_wconf 88' lang='lat' dir='ltr'>quae</span> <span class='ocrx_word' id='word_1_145' title='bbox 319 1507 526 1568; x_wconf 86' lang='lat' dir='ltr'>dixerat,</span> <span class='ocrx_word' id='word_1_146' title='bbox 566 1508 768 1556; x_wconf 89' lang='lat' dir='ltr'>adiecit:</span> <span class='ocrx_word' id='word_1_147' title='bbox 807 1524 868 1557; x_wconf 73' lang='lat' dir='ltr'>ne</span> <span class='ocrx_word' id='word_1_148' title='bbox 906 1510 1090 1564; x_wconf 72' lang='lat' dir='ltr'>dubita,</span> <span class='ocrx_word' id='word_1_149' title='bbox 1130 1525 1248 1557; x_wconf 71' lang='lat' dir='ltr'>nam</span> <span class='ocrx_word' id='word_1_150' title='bbox 1285 1523 1402 1557; x_wconf 81' lang='lat' dir='ltr'>vera</span> <span class='ocrx_word' id='word_1_151' title='bbox 1440 1510 1587 1557; x_wconf 70' lang='lat' dir='ltr'>vides.</span> <span class='ocrx_word' id='word_1_152' title='bbox 1656 1508 1843 1557; x_wconf 84' lang='lat' dir='ltr'>sciebat</span> 
     </span>
     <span class='ocr_line' id='line_1_19' title="bbox 153 1583 1843 1646; baseline 0.001 -18"><span class='ocrx_word' id='word_1_153' title='bbox 153 1583 283 1629; x_wconf 89' lang='lat' dir='ltr'>enim</span> <span class='ocrx_word' id='word_1_154' title='bbox 322 1597 373 1629; x_wconf 89' lang='lat' dir='ltr'>se</span> <span class='ocrx_word' id='word_1_155' title='bbox 413 1597 525 1629; x_wconf 89' lang='lat' dir='ltr'>cum</span> <span class='ocrx_word' id='word_1_156' title='bbox 564 1598 622 1630; x_wconf 90' lang='lat' dir='ltr'>ea</span> <span class='ocrx_word' id='word_1_157' title='bbox 660 1583 802 1645; x_wconf 90' lang='lat' dir='ltr'>loqui</span> <span class='ocrx_word' id='word_1_158' title='bbox 834 1599 985 1646; x_wconf 90' lang='lat' dir='ltr'>quam</span> <span class='ocrx_word' id='word_1_159' title='bbox 1017 1585 1263 1631; x_wconf 87' lang='lat' dir='ltr'>amentem</span> <span class='ocrx_word' id='word_1_160' title='bbox 1293 1584 1479 1631; x_wconf 85' lang='lat' dir='ltr'>fecerat</span> <span class='ocrx_word' id='word_1_161' title='bbox 1509 1583 1663 1631; x_wconf 88' lang='lat' dir='ltr'>dolor.</span> <span class='ocrx_word' id='word_1_162' title='bbox 1723 1584 1843 1630; x_wconf 76' lang='lat' dir='ltr'>heu!</span> 
     </span>
     <span class='ocr_line' id='line_1_20' title="bbox 151 1656 1842 1719; baseline 0.001 -16"><span class='ocrx_word' id='word_1_163' title='bbox 151 1658 260 1715; x_wconf 79' lang='lat' dir='ltr'>quis</span> <span class='ocrx_word' id='word_1_164' title='bbox 292 1659 334 1703; x_wconf 77' lang='lat' dir='ltr'>te</span> <span class='ocrx_word' id='word_1_165' title='bbox 364 1670 509 1704; x_wconf 81' lang='lat' dir='ltr'>casus</span> <span class='ocrx_word' id='word_1_166' title='bbox 540 1656 769 1705; x_wconf 77' lang='lat' dir='ltr'>deiectam</span> <span class='ocrx_word' id='word_1_167' title='bbox 800 1660 998 1719; x_wconf 63' lang='lat' dir='ltr'>coniuge</span> <span class='ocrx_word' id='word_1_168' title='bbox 1030 1661 1160 1705; x_wconf 74' lang='lat' dir='ltr'>tanto</span> <span class='ocrx_word' id='word_1_169' title='bbox 1194 1658 1397 1717; x_wconf 76' lang='lat' dir='ltr'>excipit?</span> <span class='ocrx_word' id='word_1_170' title='bbox 1429 1661 1516 1704; x_wconf 77' lang='lat' dir='ltr'>aut</span> <span class='ocrx_word' id='word_1_171' title='bbox 1545 1671 1669 1717; x_wconf 79' lang='lat' dir='ltr'>quae</span> <span class='ocrx_word' id='word_1_172' title='bbox 1691 1657 1842 1718; x_wconf 74' lang='lat' dir='ltr'>diyna</span> 
     </span>
     <span class='ocr_line' id='line_1_21' title="bbox 86 1730 1842 1794; baseline 0 -17"><span class='ocrx_word' id='word_1_173' title='bbox 86 1745 128 1777; x_wconf 81' lang='lat'>20</span> <span class='ocrx_word' id='word_1_174' title='bbox 150 1732 272 1778; x_wconf 72' lang='lat' dir='ltr'>satis</span> <span class='ocrx_word' id='word_1_175' title='bbox 310 1731 512 1788; x_wconf 68' lang='lat' dir='ltr'>fortuna</span> <span class='ocrx_word' id='word_1_176' title='bbox 542 1732 741 1779; x_wconf 74' lang='lat' dir='ltr'>revisit?</span> <span class='ocrx_word' id='word_1_177' title='bbox 802 1733 980 1794; x_wconf 83' lang='lat' dir='ltr'>incipit</span> <span class='ocrx_word' id='word_1_178' title='bbox 1010 1732 1204 1780; x_wconf 87' lang='lat' dir='ltr'>Aeneas</span> <span class='ocrx_word' id='word_1_179' title='bbox 1243 1732 1462 1780; x_wconf 81' lang='lat' dir='ltr'>vicissim</span> <span class='ocrx_word' id='word_1_180' title='bbox 1500 1730 1750 1792; x_wconf 80' lang='lat' dir='ltr'>inquirere</span> <span class='ocrx_word' id='word_1_181' title='bbox 1788 1731 1842 1777; x_wconf 89' lang='lat' dir='ltr'>in</span> 
     </span>
     <span class='ocr_line' id='line_1_22' title="bbox 153 1803 1841 1868; baseline 0.001 -18"><span class='ocrx_word' id='word_1_182' title='bbox 153 1819 250 1864; x_wconf 88' lang='lat' dir='ltr'>qua</span> <span class='ocrx_word' id='word_1_183' title='bbox 295 1804 498 1852; x_wconf 88' lang='lat' dir='ltr'>fortuna</span> <span class='ocrx_word' id='word_1_184' title='bbox 534 1803 879 1854; x_wconf 89' lang='lat' dir='ltr'>Andromache</span> <span class='ocrx_word' id='word_1_185' title='bbox 921 1808 1036 1868; x_wconf 93' lang='lat' dir='ltr'>post</span> <span class='ocrx_word' id='word_1_186' title='bbox 1075 1807 1421 1867; x_wconf 85' lang='lat' dir='ltr'>captivitatem</span> <span class='ocrx_word' id='word_1_187' title='bbox 1459 1806 1732 1853; x_wconf 86' lang='lat' dir='ltr'>constituta</span> <span class='ocrx_word' id='word_1_188' title='bbox 1770 1806 1841 1851; x_wconf 85' lang='lat' dir='ltr'>vi-</span> 
     </span>
     <span class='ocr_line' id='line_1_23' title="bbox 151 1877 1842 1941; baseline -0.001 -15"><span class='ocrx_word' id='word_1_189' title='bbox 151 1877 371 1939; x_wconf 83' lang='lat' dir='ltr'>deretur,</span> <span class='ocrx_word' id='word_1_190' title='bbox 419 1878 554 1939; x_wconf 93' lang='lat' dir='ltr'>quod</span> <span class='ocrx_word' id='word_1_191' title='bbox 598 1879 761 1941; x_wconf 91' lang='lat' dir='ltr'>ipsum</span> <span class='ocrx_word' id='word_1_192' title='bbox 808 1896 909 1927; x_wconf 91' lang='lat' dir='ltr'>non</span> <span class='ocrx_word' id='word_1_193' title='bbox 954 1880 1059 1928; x_wconf 91' lang='lat' dir='ltr'>sine</span> <span class='ocrx_word' id='word_1_194' title='bbox 1106 1880 1274 1928; x_wconf 90' lang='lat' dir='ltr'>dolore</span> <span class='ocrx_word' id='word_1_195' title='bbox 1325 1878 1553 1927; x_wconf 85' lang='lat' dir='ltr'>faciebat.</span> <span class='ocrx_word' id='word_1_196' title='bbox 1631 1878 1842 1940; x_wconf 81' lang='lat' dir='ltr'>denique</span> 
     </span>
     <span class='ocr_line' id='line_1_24' title="bbox 150 1952 1842 2017; baseline 0 -18"><span class='ocrx_word' id='word_1_197' title='bbox 150 1967 250 2000; x_wconf 89' lang='lat' dir='ltr'>non</span> <span class='ocrx_word' id='word_1_198' title='bbox 289 1967 319 2000; x_wconf 93' lang='lat' dir='ltr'>a</span> <span class='ocrx_word' id='word_1_199' title='bbox 357 1952 520 2000; x_wconf 85' lang='lat' dir='ltr'>verbis</span> <span class='ocrx_word' id='word_1_200' title='bbox 553 1955 731 2015; x_wconf 90' lang='lat' dir='ltr'>coepit,</span> <span class='ocrx_word' id='word_1_201' title='bbox 770 1954 856 2003; x_wconf 92' lang='lat' dir='ltr'>sed</span> <span class='ocrx_word' id='word_1_202' title='bbox 895 1970 925 2002; x_wconf 92' lang='lat' dir='ltr'>a</span> <span class='ocrx_word' id='word_1_203' title='bbox 955 1955 1158 2017; x_wconf 86' lang='lat' dir='ltr'>gemitu,</span> <span class='ocrx_word' id='word_1_204' title='bbox 1190 1955 1364 2016; x_wconf 89' lang='lat' dir='ltr'>utpote</span> <span class='ocrx_word' id='word_1_205' title='bbox 1396 1952 1486 2015; x_wconf 92' lang='lat' dir='ltr'>qui</span> <span class='ocrx_word' id='word_1_206' title='bbox 1515 1968 1614 2000; x_wconf 91' lang='lat' dir='ltr'>non</span> <span class='ocrx_word' id='word_1_207' title='bbox 1644 1954 1842 2000; x_wconf 87' lang='lat' dir='ltr'>tantum</span> 
     </span>
     <span class='ocr_line' id='line_1_25' title="bbox 151 2025 1842 2076; baseline 0 -4"><span class='ocrx_word' id='word_1_208' title='bbox 151 2026 256 2074; x_wconf 88' lang='lat' dir='ltr'>eius</span> <span class='ocrx_word' id='word_1_209' title='bbox 303 2041 420 2074; x_wconf 89' lang='lat' dir='ltr'>casu</span> <span class='ocrx_word' id='word_1_210' title='bbox 466 2043 640 2075; x_wconf 86' lang='lat' dir='ltr'>verum</span> <span class='ocrx_word' id='word_1_211' title='bbox 686 2028 838 2076; x_wconf 89' lang='lat' dir='ltr'>etiam</span> <span class='ocrx_word' id='word_1_212' title='bbox 875 2027 1103 2076; x_wconf 89' lang='lat' dir='ltr'>Hectoris</span> <span class='ocrx_word' id='word_1_213' title='bbox 1149 2027 1491 2075; x_wconf 85' lang='lat' dir='ltr'>recordatione</span> <span class='ocrx_word' id='word_1_214' title='bbox 1536 2025 1842 2074; x_wconf 85' lang='lat' dir='ltr'>movebatur.</span> 
     </span>
     <span class='ocr_line' id='line_1_26' title="bbox 84 2099 1842 2164; baseline 0.001 -17"><span class='ocrx_word' id='word_1_215' title='bbox 84 2114 127 2147; x_wconf 75' lang='lat'>85</span> <span class='ocrx_word' id='word_1_216' title='bbox 152 2099 275 2148; x_wconf 89' lang='lat' dir='ltr'>adeo</span> <span class='ocrx_word' id='word_1_217' title='bbox 329 2100 421 2148; x_wconf 93' lang='lat' dir='ltr'>hoc</span> <span class='ocrx_word' id='word_1_218' title='bbox 476 2102 740 2164; x_wconf 85' lang='lat' dir='ltr'>conplexus</span> <span class='ocrx_word' id='word_1_219' title='bbox 796 2105 870 2150; x_wconf 89' lang='lat' dir='ltr'>est</span> <span class='ocrx_word' id='word_1_220' title='bbox 926 2104 976 2150; x_wconf 91' lang='lat' dir='ltr'>et</span> <span class='ocrx_word' id='word_1_221' title='bbox 1030 2102 1156 2149; x_wconf 85' lang='lat' dir='ltr'>dixit</span> <span class='ocrx_word' id='word_1_222' title='bbox 1199 2102 1301 2149; x_wconf 90' lang='lat' dir='ltr'>heu</span> <span class='ocrx_word' id='word_1_223' title='bbox 1347 2104 1397 2149; x_wconf 90' lang='lat' dir='ltr'>et</span> <span class='ocrx_word' id='word_1_224' title='bbox 1440 2103 1706 2163; x_wconf 88' lang='lat' dir='ltr'>postquam</span> <span class='ocrx_word' id='word_1_225' title='bbox 1752 2099 1842 2149; x_wconf 85' lang='lat' dir='ltr'>illo</span> 
     </span>
     <span class='ocr_line' id='line_1_27' title="bbox 151 2173 1842 2239; baseline 0 -18"><span class='ocrx_word' id='word_1_226' title='bbox 151 2173 364 2236; x_wconf 87' lang='lat' dir='ltr'>gemitus</span> <span class='ocrx_word' id='word_1_227' title='bbox 404 2176 548 2239; x_wconf 88' lang='lat' dir='ltr'>signo</span> <span class='ocrx_word' id='word_1_228' title='bbox 587 2175 809 2224; x_wconf 88' lang='lat' dir='ltr'>dolorem</span> <span class='ocrx_word' id='word_1_229' title='bbox 847 2178 926 2224; x_wconf 94' lang='lat' dir='ltr'>sui</span> <span class='ocrx_word' id='word_1_230' title='bbox 964 2177 1119 2224; x_wconf 80' lang='lat' dir='ltr'>animi</span> <span class='ocrx_word' id='word_1_231' title='bbox 1158 2175 1541 2235; x_wconf 87' lang='lat' dir='ltr'>demonstravit,</span> <span class='ocrx_word' id='word_1_232' title='bbox 1588 2175 1721 2237; x_wconf 90' lang='lat' dir='ltr'>quis,</span> <span class='ocrx_word' id='word_1_233' title='bbox 1768 2173 1842 2221; x_wconf 89' lang='lat' dir='ltr'>in-</span> 
     </span>
     <span class='ocr_line' id='line_1_28' title="bbox 152 2246 1842 2313; baseline 0.001 -19"><span class='ocrx_word' id='word_1_234' title='bbox 152 2248 283 2309; x_wconf 89' lang='lat' dir='ltr'>quit,</span> <span class='ocrx_word' id='word_1_235' title='bbox 329 2250 380 2296; x_wconf 89' lang='lat' dir='ltr'>te</span> <span class='ocrx_word' id='word_1_236' title='bbox 426 2264 569 2297; x_wconf 87' lang='lat' dir='ltr'>casus</span> <span class='ocrx_word' id='word_1_237' title='bbox 618 2250 860 2298; x_wconf 88' lang='lat' dir='ltr'>deiectam</span> <span class='ocrx_word' id='word_1_238' title='bbox 899 2250 1108 2313; x_wconf 85' lang='lat' dir='ltr'>coniuge</span> <span class='ocrx_word' id='word_1_239' title='bbox 1147 2252 1291 2298; x_wconf 88' lang='lat' dir='ltr'>tanto</span> <span class='ocrx_word' id='word_1_240' title='bbox 1331 2246 1548 2311; x_wconf 80' lang='lat' dir='ltr'>excipit?</span> <span class='ocrx_word' id='word_1_241' title='bbox 1586 2250 1674 2296; x_wconf 90' lang='lat' dir='ltr'>aut</span> <span class='ocrx_word' id='word_1_242' title='bbox 1713 2263 1842 2309; x_wconf 85' lang='lat' dir='ltr'>quae</span> 
     </span>
     <span class='ocr_line' id='line_1_29' title="bbox 150 2318 1842 2385; baseline -0.001 -16"><span class='ocrx_word' id='word_1_243' title='bbox 150 2320 303 2385; x_wconf 87' lang='lat' dir='ltr'>digna</span> <span class='ocrx_word' id='word_1_244' title='bbox 349 2324 473 2371; x_wconf 84' lang='lat' dir='ltr'>satis</span> <span class='ocrx_word' id='word_1_245' title='bbox 521 2324 724 2373; x_wconf 88' lang='lat' dir='ltr'>fortuna</span> <span class='ocrx_word' id='word_1_246' title='bbox 768 2322 973 2373; x_wconf 79' lang='lat' dir='ltr'>revisit?</span> <span class='ocrx_word' id='word_1_247' title='bbox 1052 2325 1161 2385; x_wconf 90' lang='lat' dir='ltr'>quis</span> <span class='ocrx_word' id='word_1_248' title='bbox 1206 2326 1258 2371; x_wconf 88' lang='lat' dir='ltr'>te</span> <span class='ocrx_word' id='word_1_249' title='bbox 1305 2338 1446 2372; x_wconf 89' lang='lat' dir='ltr'>casus</span> <span class='ocrx_word' id='word_1_250' title='bbox 1490 2337 1621 2370; x_wconf 91' lang='lat' dir='ltr'>nunc</span> <span class='ocrx_word' id='word_1_251' title='bbox 1658 2318 1842 2370; x_wconf 74' lang='lat' dir='ltr'>habet?</span> 
     </span>
     <span class='ocr_line' id='line_1_30' title="bbox 150 2394 1842 2459; baseline 0 -17"><span class='ocrx_word' id='word_1_252' title='bbox 150 2395 231 2443; x_wconf 86' lang='lat' dir='ltr'>vel</span> <span class='ocrx_word' id='word_1_253' title='bbox 283 2397 447 2458; x_wconf 86' lang='lat' dir='ltr'>qualis</span> <span class='ocrx_word' id='word_1_254' title='bbox 502 2399 579 2445; x_wconf 87' lang='lat' dir='ltr'>est</span> <span class='ocrx_word' id='word_1_255' title='bbox 630 2398 833 2446; x_wconf 85' lang='lat' dir='ltr'>fortuna</span> <span class='ocrx_word' id='word_1_256' title='bbox 885 2401 975 2446; x_wconf 90' lang='lat' dir='ltr'>tua</span> <span class='ocrx_word' id='word_1_257' title='bbox 1027 2397 1279 2459; x_wconf 87' lang='lat' dir='ltr'>praesenti</span> <span class='ocrx_word' id='word_1_258' title='bbox 1335 2400 1580 2458; x_wconf 90' lang='lat' dir='ltr'>tempore,</span> <span class='ocrx_word' id='word_1_259' title='bbox 1644 2394 1842 2457; x_wconf 86' lang='lat' dir='ltr'>quando</span> 
     </span>
     <span class='ocr_line' id='line_1_31' title="bbox 84 2467 1842 2535; baseline -0.001 -18"><span class='ocrx_word' id='word_1_260' title='bbox 84 2482 128 2517; x_wconf 68' lang='lat' dir='ltr'>zo</span> <span class='ocrx_word' id='word_1_261' title='bbox 151 2471 346 2519; x_wconf 85' lang='lat' dir='ltr'>constat</span> <span class='ocrx_word' id='word_1_262' title='bbox 391 2472 656 2520; x_wconf 86' lang='lat' dir='ltr'>amissione</span> <span class='ocrx_word' id='word_1_263' title='bbox 695 2472 828 2520; x_wconf 87' lang='lat' dir='ltr'>tanti</span> <span class='ocrx_word' id='word_1_264' title='bbox 866 2472 1090 2535; x_wconf 81' lang='lat' dir='ltr'>coniugis</span> <span class='ocrx_word' id='word_1_265' title='bbox 1130 2474 1179 2520; x_wconf 87' lang='lat' dir='ltr'>te</span> <span class='ocrx_word' id='word_1_266' title='bbox 1219 2486 1322 2520; x_wconf 90' lang='lat' dir='ltr'>esse</span> <span class='ocrx_word' id='word_1_267' title='bbox 1362 2467 1640 2519; x_wconf 82' lang='lat' dir='ltr'>deiectam?</span> <span class='ocrx_word' id='word_1_268' title='bbox 1715 2483 1842 2531; x_wconf 85' lang='lat' dir='ltr'>quae</span> 
     </span>
     <span class='ocr_line' id='line_1_32' title="bbox 150 2544 1841 2607; baseline -0.001 -17"><span class='ocrx_word' id='word_1_269' title='bbox 150 2545 320 2592; x_wconf 87' lang='lat' dir='ltr'>autem</span> <span class='ocrx_word' id='word_1_270' title='bbox 373 2546 440 2593; x_wconf 88' lang='lat' dir='ltr'>sit</span> <span class='ocrx_word' id='word_1_271' title='bbox 490 2546 603 2607; x_wconf 88' lang='lat' dir='ltr'>ipsa</span> <span class='ocrx_word' id='word_1_272' title='bbox 655 2545 888 2606; x_wconf 88' lang='lat' dir='ltr'>deiecti0,</span> <span class='ocrx_word' id='word_1_273' title='bbox 949 2561 1008 2593; x_wconf 86' lang='lat' dir='ltr'>ex</span> <span class='ocrx_word' id='word_1_274' title='bbox 1069 2545 1480 2607; x_wconf 86' lang='lat' dir='ltr'>consequentibus</span> <span class='ocrx_word' id='word_1_275' title='bbox 1540 2544 1841 2592; x_wconf 85' lang='lat' dir='ltr'>invenimus:</span> 
     </span>
    </p>
   </div>
   <div class='ocr_carea' id='block_1_3' title="bbox 149 2642 504 2651">
    <p class='ocr_par' dir='ltr' id='par_1_3' title="bbox 149 2642 504 2651">
     <span class='ocr_line' id='line_1_33' title="bbox 149 2642 504 2651; baseline 0 575"><span class='ocrx_word' id='word_1_276' title='bbox 149 2642 504 2651; x_wconf 95' lang='lat' dir='ltr'> </span> 
     </span>
    </p>
   </div>
   <div class='ocr_carea' id='block_1_4' title="bbox 147 2695 1837 2814">
    <p class='ocr_par' dir='ltr' id='par_1_4' title="bbox 147 2695 1837 2814">
     <span class='ocr_line' id='line_1_34' title="bbox 271 2695 1837 2759; baseline -0.001 -17"><span class='ocrx_word' id='word_1_277' title='bbox 271 2703 294 2742; x_wconf 92' lang='lat'>1</span> <span class='ocrx_word' id='word_1_278' title='bbox 319 2706 508 2757; x_wconf 64' lang='lat' dir='ltr'>gemeret</span> <span class='ocrx_word' id='word_1_279' title='bbox 530 2700 619 2744; x_wconf 84' lang='lat' dir='ltr'>LR</span> <span class='ocrx_word' id='word_1_280' title='bbox 642 2701 713 2746; x_wconf 90' lang='lat' dir='ltr'>ed.</span> <span class='ocrx_word' id='word_1_281' title='bbox 737 2705 907 2759; x_wconf 76' lang='lat' dir='ltr'>qereret</span> <span class='ocrx_word' id='word_1_282' title='bbox 929 2713 1014 2744; x_wconf 84' lang='lat' dir='ltr'>nos</span> <span class='ocrx_word' id='word_1_283' title='bbox 1038 2700 1207 2744; x_wconf 81' lang='lat' dir='ltr'>cf.492.</span> <span class='ocrx_word' id='word_1_284' title='bbox 1318 2705 1341 2744; x_wconf 80' lang='lat'>7</span> <span class='ocrx_word' id='word_1_285' title='bbox 1367 2700 1520 2756; x_wconf 81' lang='lat' dir='ltr'>adfert</span> <span class='ocrx_word' id='word_1_286' title='bbox 1534 2698 1623 2742; x_wconf 86' lang='lat' dir='ltr'>LR.</span> <span class='ocrx_word' id='word_1_287' title='bbox 1637 2711 1751 2742; x_wconf 84' lang='lat' dir='ltr'>corr.</span> <span class='ocrx_word' id='word_1_288' title='bbox 1766 2711 1799 2740; x_wconf 89' lang='lat' dir='ltr'>r.</span> <span class='ocrx_word' id='word_1_289' title='bbox 1830 2695 1837 2753; x_wconf 84' lang='grc' dir='ltr'>Ι</span> 
     </span>
     <span class='ocr_line' id='line_1_35' title="bbox 147 2757 1836 2814; baseline -0.002 -11"><span class='ocrx_word' id='word_1_290' title='bbox 147 2757 315 2812; x_wconf 77' lang='lat' dir='ltr'>ferenti</span> <span class='ocrx_word' id='word_1_291' title='bbox 342 2758 386 2802; x_wconf 82' lang='lat' dir='ltr'>R·</span> <span class='ocrx_word' id='word_1_292' title='bbox 417 2773 533 2804; x_wconf 84' lang='lat' dir='ltr'>corr.</span> <span class='ocrx_word' id='word_1_293' title='bbox 555 2774 592 2804; x_wconf 88' lang='lat' dir='ltr'>r.</span> <span class='ocrx_word' id='word_1_294' title='bbox 674 2774 684 2783; x_wconf 88' lang='lat'><strong>·</strong></span> <span class='ocrx_word' id='word_1_295' title='bbox 719 2765 746 2804; x_wconf 90' lang='lat'>8</span> <span class='ocrx_word' id='word_1_296' title='bbox 778 2759 1011 2804; x_wconf 76' lang='lat' dir='ltr'>muliebris</span> <span class='ocrx_word' id='word_1_297' title='bbox 1040 2759 1129 2803; x_wconf 86' lang='lat' dir='ltr'>LR</span> <span class='ocrx_word' id='word_1_298' title='bbox 1161 2759 1232 2804; x_wconf 86' lang='lat' dir='ltr'>ed.</span> <span class='ocrx_word' id='word_1_299' title='bbox 1257 2760 1351 2805; x_wconf 80' lang='lat' dir='ltr'>-bri</span> <span class='ocrx_word' id='word_1_300' title='bbox 1380 2774 1403 2803; x_wconf 91' lang='lat' dir='ltr'>r</span> <span class='ocrx_word' id='word_1_301' title='bbox 1432 2758 1632 2803; x_wconf 76' lang='lat' dir='ltr'>fortasse</span> <span class='ocrx_word' id='word_1_302' title='bbox 1661 2758 1800 2800; x_wconf 81' lang='lat' dir='ltr'>recte.</span> <span class='ocrx_word' id='word_1_303' title='bbox 1830 2757 1836 2814; x_wconf 80' lang='grc' dir='ltr'>Ι</span> 
     </span>
    </p>
   </div>
   <div class='ocr_carea' id='block_1_5' title="bbox 149 2814 1846 2992">
    <p class='ocr_par' dir='ltr' id='par_1_5' title="bbox 149 2814 1846 2992">
     <span class='ocr_line' id='line_1_36' title="bbox 150 2814 1841 2864; baseline -0.002 -3"><span class='ocrx_word' id='word_1_304' title='bbox 150 2816 208 2861; x_wconf 81' lang='lat' dir='ltr'>ab</span> <span class='ocrx_word' id='word_1_305' title='bbox 239 2815 327 2861; x_wconf 82' lang='lat' dir='ltr'>LR</span> <span class='ocrx_word' id='word_1_306' title='bbox 356 2832 387 2862; x_wconf 86' lang='grc' dir='ltr'><strong><em>α</em></strong></span> <span class='ocrx_word' id='word_1_307' title='bbox 418 2818 489 2863; x_wconf 87' lang='lat' dir='ltr'>ed.</span> <span class='ocrx_word' id='word_1_308' title='bbox 645 2823 697 2863; x_wconf 89' lang='lat'>11</span> <span class='ocrx_word' id='word_1_309' title='bbox 730 2821 855 2863; x_wconf 79' lang='lat' dir='ltr'>raris</span> <span class='ocrx_word' id='word_1_310' title='bbox 883 2819 1066 2864; x_wconf 69' lang='lat' dir='ltr'>vocam</span> <span class='ocrx_word' id='word_1_311' title='bbox 1093 2819 1216 2864; x_wconf 78' lang='lat' dir='ltr'>hisco</span> <span class='ocrx_word' id='word_1_312' title='bbox 1245 2818 1333 2863; x_wconf 85' lang='lat' dir='ltr'>LR.</span> <span class='ocrx_word' id='word_1_313' title='bbox 1372 2824 1413 2863; x_wconf 85' lang='lat' dir='ltr'>et</span> <span class='ocrx_word' id='word_1_314' title='bbox 1444 2831 1500 2862; x_wconf 81' lang='lat' dir='ltr'>ac</span> <span class='ocrx_word' id='word_1_315' title='bbox 1530 2816 1741 2863; x_wconf 65' lang='lat' dir='ltr'>turbatus</span> <span class='ocrx_word' id='word_1_316' title='bbox 1770 2814 1841 2857; x_wconf 90' lang='lat' dir='ltr'>in-</span> 
     </span>
     <span class='ocr_line' id='line_1_37' title="bbox 151 2874 1846 2923; baseline 0.001 -4"><span class='ocrx_word' id='word_1_317' title='bbox 151 2875 298 2920; x_wconf 81' lang='lat' dir='ltr'>seruit</span> <span class='ocrx_word' id='word_1_318' title='bbox 326 2877 399 2920; x_wconf 85' lang='lat' dir='ltr'>ed.</span> <span class='ocrx_word' id='word_1_319' title='bbox 523 2882 577 2921; x_wconf 76' lang='lat'>17</span> <span class='ocrx_word' id='word_1_320' title='bbox 610 2879 779 2923; x_wconf 81' lang='lat' dir='ltr'>adiecit</span> <span class='ocrx_word' id='word_1_321' title='bbox 809 2877 896 2921; x_wconf 82' lang='lat' dir='ltr'>LR</span> <span class='ocrx_word' id='word_1_322' title='bbox 924 2878 1039 2922; x_wconf 73' lang='lat' dir='ltr'>dicit</span> <span class='ocrx_word' id='word_1_323' title='bbox 1069 2877 1141 2922; x_wconf 88' lang='lat' dir='ltr'>ed.</span> <span class='ocrx_word' id='word_1_324' title='bbox 1272 2883 1330 2923; x_wconf 78' lang='lat'>24</span> <span class='ocrx_word' id='word_1_325' title='bbox 1359 2878 1542 2923; x_wconf 79' lang='lat' dir='ltr'>verbum</span> <span class='ocrx_word' id='word_1_326' title='bbox 1571 2874 1658 2919; x_wconf 81' lang='lat' dir='ltr'>LR</span> <span class='ocrx_word' id='word_1_327' title='bbox 1687 2887 1846 2921; x_wconf 76' lang='lat' dir='ltr'>verum</span> 
     </span>
     <span class='ocr_line' id='line_1_38' title="bbox 149 2934 1782 2992; baseline 0.001 -15"><span class='ocrx_word' id='word_1_328' title='bbox 149 2947 174 2977; x_wconf 85' lang='lat' dir='ltr'>r</span> <span class='ocrx_word' id='word_1_329' title='bbox 204 2934 276 2978; x_wconf 87' lang='lat' dir='ltr'>ed.</span> <span class='ocrx_word' id='word_1_330' title='bbox 326 2937 334 2992; x_wconf 91' lang='grc' dir='ltr'>Ι</span> <span class='ocrx_word' id='word_1_331' title='bbox 388 2938 745 2982; x_wconf 82' lang='lat' dir='ltr'>recordationem</span> <span class='ocrx_word' id='word_1_332' title='bbox 775 2937 1070 2982; x_wconf 75' lang='lat' dir='ltr'>movebantur</span> <span class='ocrx_word' id='word_1_333' title='bbox 1097 2935 1150 2981; x_wconf 90' lang='lat' dir='ltr'>L.</span> <span class='ocrx_word' id='word_1_334' title='bbox 1295 2942 1352 2982; x_wconf 80' lang='lat'>25</span> <span class='ocrx_word' id='word_1_335' title='bbox 1382 2936 1492 2982; x_wconf 80' lang='lat' dir='ltr'>abeo</span> <span class='ocrx_word' id='word_1_336' title='bbox 1521 2934 1564 2979; x_wconf 82' lang='lat' dir='ltr'>R</span> <span class='ocrx_word' id='word_1_337' title='bbox 1600 2934 1714 2979; x_wconf 75' lang='lat' dir='ltr'>adeo</span> <span class='ocrx_word' id='word_1_338' title='bbox 1742 2947 1782 2978; x_wconf 79' lang='lat' dir='ltr'>r.</span> 
     </span>
    </p>
   </div>
   <div class='ocr_carea' id='block_1_6' title="bbox 151 2993 1125 3041">
    <p class='ocr_par' dir='ltr' id='par_1_6' title="bbox 151 2993 1125 3041">
     <span class='ocr_line' id='line_1_39' title="bbox 151 2993 1125 3041; baseline 0.002 -5"><span class='ocrx_word' id='word_1_339' title='bbox 151 2997 207 3037; x_wconf 82' lang='lat'>26</span> <span class='ocrx_word' id='word_1_340' title='bbox 240 2993 611 3041; x_wconf 77' lang='lat' dir='ltr'>demonstraverit</span> <span class='ocrx_word' id='word_1_341' title='bbox 641 2995 729 3040; x_wconf 82' lang='lat' dir='ltr'>LR.</span> <span class='ocrx_word' id='word_1_342' title='bbox 758 3001 855 3040; x_wconf 76' lang='lat' dir='ltr'>-rat</span> <span class='ocrx_word' id='word_1_343' title='bbox 883 3010 908 3039; x_wconf 90' lang='grc'>1·</span> <span class='ocrx_word' id='word_1_344' title='bbox 937 2996 1024 3041; x_wconf 78' lang='lat' dir='ltr'>-vit</span> <span class='ocrx_word' id='word_1_345' title='bbox 1054 2995 1125 3039; x_wconf 89' lang='lat' dir='ltr'>ed.</span> 
     </span>
    </p>
   </div>
  </div>
 </body>
</html>
