2014 3226
175 149 285 201 280
643 146 873 190 DONATI
903 144 1183 189 INTERPR.
1218 145 1395 189 VERG.

176 293 372 336 nostrae
421 290 470 335 et
517 288 642 334 nihil
690 287 928 347 expressit
975 286 1277 346 specialiter,
1331 286 1564 333 inferiore
1618 287 1671 332 in
1724 287 1864 346 parte

176 364 426 424 patefecit.
503 362 692 407 interea
734 359 1007 406 evidentius
1049 359 1212 420 aperit
1251 358 1384 420 quod
1423 360 1721 422 generaliter
1765 374 1864 405 me-

177 438 478 491 moraveiat3
520 450 636 480 nam
675 435 804 480 iacet
842 433 1019 493 inquit.
1070 449 1199 480 nunc
1233 434 1435 494 exponit
1468 433 1587 493 quid
1619 434 1685 480 sit
1715 434 1867 480 iacet:

179 514 373 557 centum
419 508 554 555 urbis
603 507 834 554 habitant
880 522 1108 570 magnas,
1159 506 1411 554 ubenima
1457 523 1632 569 regna,
1681 506 1867 554 scilicet

180 587 228 630 et
268 598 468 629 numero
510 585 559 628 et
598 580 942 642 magnitudine
983 583 1131 642 atque
1170 581 1395 628 ubertate
1427 581 1734 642 praecipuas.
1793 579 1866 626 111-
1912 597 1935 630 5

178 659 326 704 timat
368 656 517 702 etiam
558 655 691 715 quod
731 654 987 701 obscurate
1026 656 1129 701 iam
1167 653 1292 701 dixit
1332 657 1381 702 et
1419 655 1581 717 gentis
1624 653 1870 702 cunabula
1956 653 1966 697 ί

180 734 399 777 nostrae:
461 730 704 776 maximus
759 727 888 775 unde
943 731 1107 789 pater,
1161 727 1202 774 si
1255 727 1350 775 rite
1402 728 1574 775 audita
1626 728 1870 786 recordor,

181 805 396 851 Teucrus
430 803 675 850 Rhoeteas
715 803 931 863 primum
971 805 1044 848 est
1077 802 1309 850 advectus
1342 801 1404 848 ad
1437 817 1561 849 oras.
1628 803 1871 849 maximus

179 881 320 939 pater
368 879 442 924 est
490 878 576 937 qui
622 876 834 923 maiores
883 877 1075 939 generis
1124 877 1201 923 sui
1249 875 1550 937 antiquitate
1597 875 1869 937 praecedit3

179 966 337 1012 neque
393 950 523 997 enim
579 950 713 997 solus
767 950 852 997 1Πο
909 949 1090 997 dicitur
1142 952 1287 1011 pater
1342 966 1399 996 ex
1453 965 1551 1011 quo
1606 951 1871 1008 nascimur,
1896 967 1942 1000 ιο

180 1041 351 1073 verum
407 1025 558 1071 etiam
613 1023 698 1071 ille
754 1040 783 1071 a
837 1039 934 1085 quo
990 1023 1233 1087 originem
1287 1023 1531 1085 ducimus3
1600 1023 1688 1071 ubi
1742 1023 1872 1070 enim

179 1098 372 1161 generis
414 1097 682 1145 defecerint
720 1099 923 1145 nomina
963 1100 1011 1145 et
1051 1097 1232 1181 gradus
1273 1099 1528 1160 sanguinis
1569 1099 1755 1145 fuerint
1795 1113 1870 1144 ex·

179 1172 302 1234 pleti
348 1172 442 1219 hoc
489 1173 563 1218 est
607 1173 788 1233 patris,
838 1171 939 1234 avi,
993 1173 1191 1232 proavi,
1247 1171 1417 1249 abavi,
1472 1172 1630 1231 atavi,
1684 1170 1874 1230 tritavi,

179 1249 368 1294 veteres
409 1261 578 1294 eorum
618 1248 706 1292 aut
743 1245 954 1293 maiores
996 1245 1230 1293 dicuntur
1268 1225 1375 1292 aut
1386 1248 1568 1307 patres.
1629 1246 1874 1292 maximus
1981 1283 1985 1317 ι

182 1336 299 1383 0180
349 1322 421 1367 est
466 1321 611 1381 pater
648 1321 870 1380 ipsorum
908 1320 1155 1367 maiorum
1195 1318 1584 1380 antiquissimus.
1663 1319 1874 1380 denique
1900 1336 1943 1370 15
1982 1334 1985 1376 ς

181 1393 444 1454 Anchises,
499 1408 621 1440 aevo
674 1392 901 1440 omnibus
949 1394 1038 1454 qui
1082 1395 1201 1440 tunc
1248 1396 1539 1454 supererant
1590 1394 1777 1454 potior,
1833 1394 1877 1440 si

182 1469 292 1527 rite,
331 1468 510 1528 inquit,
545 1466 718 1514 audita
748 1467 993 1527 recordor,
1025 1467 1242 1515 Teucrus
1275 1467 1520 1515 Rhoeteas
1554 1469 1771 1528 primum
1803 1469 1878 1514 est

184 1542 416 1589 advectus
451 1541 512 1588 ad
546 1556 656 1588 oras
690 1542 983 1602 optavitque
1013 1541 1178 1589 locum
1201 1557 1376 1604 regno:
1408 1540 1627 1588 nondum
1651 1540 1803 1588 Ilium
1828 1543 1879 1588 et

185 1630 319 1664 arces
358 1614 659 1677 Pergameae
700 1617 956 1674 steterant,
988 1614 1284 1663 habitabant
1322 1615 1536 1663 vallibus
1574 1616 1703 1662 111113.
1768 1629 1877 1662 0000

140 1714 156 1729 ·
185 1691 235 1736 et
273 1690 379 1750 ipse
418 1688 642 1736 fabulam
681 1688 933 1750 quandam
976 1690 1097 1736 satis
1139 1704 1375 1736 annosam
1415 1704 1466 1737 se
1506 1705 1565 1736 ex
1604 1688 1717 1738 aliis
1758 1688 1879 1736 dicit
1901 1698 1978 1753 1ορ

187 1762 378 1826 audisse
428 1765 477 1810 et
522 1763 651 1810 hanc
696 1765 879 1824 repetit
924 1765 1131 1810 notante
1177 1764 1438 1823 memoria3
1499 1762 1696 1810 firmare
1748 1763 1879 1810 enim
1958 1785 1974 1804 ιι

186 1852 274 1898 pro
307 1852 422 1884 vero
463 1835 813 1884 stultissimum
846 1836 944 1883 fuit
975 1837 1107 1898 quod
1139 1837 1372 1898 opinione
1403 1837 1643 1884 narrabat
1673 1838 1877 1884 incerta.

187 1910 428 1958 Teucrum
461 1925 577 1973 0180
609 1909 827 1972 primum
857 1911 1009 1958 refert
1040 1911 1181 1959 illinc
1211 1912 1403 1959 venisse
1436 1911 1500 1958 ad
1523 1910 1738 1972 Troiam,
1765 1912 1881 1972 post

187 1984 350 2045 ipsum
404 1986 724 2046 augmentum
779 1985 964 2045 cepisse
1010 1984 1182 2047 Ilium3
1243 1985 1405 2046 primo
1461 1985 1592 2032 enim
1640 1985 1730 2046 qui
1774 1984 1881 2032 illic

189 2056 621 2105 commorabantur
657 2059 711 2105 in
748 2058 962 2106 vallibus
1001 2057 1310 2106 habitabant.
1369 2074 1528 2120 usque
1560 2058 1682 2106 adeo
1714 2058 1878 2106 firma·
1905 2073 1948 2109 25
1982 2059 1983 2062 ’

188 2130 277 2178 bat
317 2129 515 2178 Cretam
554 2131 863 2192 promissam,
894 2134 952 2179 ut
982 2148 1080 2180 non
1113 2134 1311 2180 tantum
1342 2133 1599 2180 hominum
1631 2149 1661 2180 a
1693 2133 1880 2180 Teucro
1982 2127 2000 2133 ”

191 2204 484 2252 descendens
532 2220 687 2268 genus
734 2205 839 2253 11110
882 2205 1067 2254 diceret
1105 2206 1280 2270 degere
1319 2222 1491 2254 verum
1530 2208 1682 2254 etiam
1721 2221 1881 2255 sacro-

189 2294 301 2326 rum
333 2278 727 2326 observationem
759 2279 965 2327 eandem
997 2295 1124 2342 quae
1163 2281 1216 2327 in
1248 2281 1466 2328 Troiana
1504 2281 1709 2328 civitate
1747 2282 1881 2328 tene-

312 2423 337 2461 6
377 2418 568 2463 obscwra
605 2419 742 2462 etiam
773 2419 860 2462 LR
898 2421 1082 2465 obscure
1119 2426 1224 2465 ante
1262 2421 1358 2464 edF
1398 2421 1632 2465 obscurate
1667 2421 1763 2465 iam
1797 2434 1883 2464 nos

194 2475 250 2520 cf.
285 2480 385 2520 388.
530 2481 555 2520 9
588 2478 776 2522 waimis
806 2478 894 2522 LR,
925 2492 1039 2523 corr.
1071 2494 1106 2523 r.
1254 2484 1307 2523 11
1341 2480 1539 2537 regimen
1570 2479 1656 2523 LR
1687 2479 1758 2523 ed.
1791 2480 1883 2523 ori-

127 2578 140 2586 ,
191 2536 341 2593 qinem
371 2548 468 2580 nos.
565 2540 618 2578 12
651 2537 910 2591 defecerunt
933 2538 1004 2582 ed.
1099 2543 1273 2583 16—17
1305 2539 1424 2582 sicut
1447 2538 1533 2582 LR
1563 2538 1606 2583 si
1633 2539 1719 2583 rite
1749 2539 1820 2582 ed.

196 2598 250 2638 18
283 2608 392 2638 aras
421 2594 508 2637 LR
547 2608 660 2638 corr.
692 2610 728 2638 r.
883 2601 936 2640 19
977 2602 1019 2642 et
1048 2603 1181 2642 erant
1210 2597 1252 2640 R
1290 2603 1505 2642 steterant
1533 2611 1558 2640 1
1594 2596 1670 2654 (cf.
1703 2599 1821 2655 403).

194 2657 251 2696 20
281 2667 326 2697 se
357 2666 445 2696 om.
471 2653 543 2697 cd.
667 2658 720 2697 21
755 2655 992 2709 affirmare
1023 2657 1094 2700 ed.
1219 2661 1273 2701 22
1306 2670 1409 2702 vero
1440 2656 1476 2700 L
1508 2657 1626 2700 veris
1655 2656 1710 2700 R.
1754 2658 1760 2712 Ι
1810 2657 1883 2700 in-

192 2717 362 2757 certum
394 2711 465 2756 ed.
610 2716 666 2755 23
697 2726 802 2770 erqo
833 2715 913 2770 qui
942 2714 985 2758 R
1015 2716 1097 2771 qui
1127 2715 1218 2760 del.
1249 2730 1353 2777 15=
1378 2715 1426 2759 L.
1485 2715 1492 2774 Ι
1548 2715 1660 2760 illuc
1690 2715 1778 2758 LR
1809 2715 1883 2764 ed,

194 2771 326 2816 illinc
354 2784 452 2815 nos.
575 2775 631 2814 26
664 2778 830 2816 cretam
861 2772 948 2816 LR
977 2779 1146 2819 certam
1175 2779 1219 2819 et
1248 2775 1319 2819 ed.
1356 2776 1362 2831 Ι
1403 2775 1638 2819 hominum
1668 2773 1756 2817 LR
1786 2786 1886 2819 -ms

195 2829 267 2874 ed.
374 2834 430 2873 27
462 2830 733 2875 descendens
762 2829 849 2874 LR
880 2837 997 2876 -ntes
1027 2832 1098 2877 ed.
1123 2847 1267 2890 yenus
1297 2833 1477 2887 addidi,
1509 2832 1636 2876 idem
1667 2834 1776 2890 post
1804 2833 1883 2876 ho-

194 2888 370 2932 minum
407 2888 607 2935 inseruit
643 2887 696 2932 r¹¹
767 2889 774 2947 Ι
831 2890 982 2934 decere
1011 2891 1047 2934 L
1087 2893 1234 2937 dicere
1270 2892 1312 2936 R
1350 2892 1510 2936 ducere
1546 2906 1571 2935 r
1608 2892 1762 2950 deyere
1798 2905 1884 2936 nos
1954 2874 1956 2879 ’

194 2946 341 2991 vivere
371 2947 444 2992 ed.
566 2950 622 2991 28
653 2947 808 2992 eadem
839 2948 926 2992 LR
956 2951 1145 2995 eandem
1175 2966 1199 2994 1
1229 2951 1301 2996 ed.
