2014 3226
777 160 1076 204 AENEIDOS
1107 160 1127 202 I
1726 159 1796 210 63

108 303 430 365 promittebat
477 302 713 349 Iunonem
769 317 856 348 nec
912 301 1225 348 obtenturam
1274 301 1425 347 fuisse
1477 303 1525 346 et
1577 300 1795 346 futuram

107 377 270 438 potius
325 375 551 423 Troianis
615 391 780 422 caram
843 374 1210 422 malivolentiae
1272 374 1435 421 studio
1498 375 1794 434 permutato.

107 450 296 498 addidit
342 451 395 496 in
442 449 536 496 fine
580 450 935 510 promissorum
975 448 1106 509 quod
1146 447 1385 494 maiorem
1423 447 1669 494 laetitiam
1709 463 1792 508 pa-

105 527 253 571 reret:
284 522 467 583 [veniet
496 525 664 570 lustris
695 524 966 570 labentibus
998 526 1145 576 aclas,
1179 521 1315 582 cum]
1348 521 1517 569 donnes
1540 520 1792 575 Assaraci,

62 616 81 648 5
104 599 279 659 inquit,
312 598 531 644 Phthiam
567 597 820 655 clarasque
851 597 1088 655 Dchcnas
1118 597 1309 642 servitio
1340 599 1527 654 premet
1566 599 1608 643 et
1645 597 1780 642 victis
1797 598 1883 638 285

106 672 431 719 dominabitur
468 670 641 730 Ανῃίε,
689 674 744 717 ut
792 670 876 731 qui
924 669 984 717 ad
1030 673 1225 730 tempus
1267 671 1476 716 victores
1516 685 1620 717 esse
1659 669 1792 717 vide-

104 746 284 793 bantur
331 745 562 792 servituri
610 748 770 792 essent
816 744 878 791 iis
929 760 1049 805 quos
1096 744 1327 804 primitus
1372 745 1606 791 vicerant.
1686 758 1792 791 ecce

103 819 357 880 respondit
398 823 445 866 et
485 819 548 866 ad
586 819 711 866 illud
753 819 883 879 quod
920 818 978 865 de
1010 818 1262 866 Antenore
1294 819 1458 864 fuerat
1489 818 1690 878 dictum,
1723 821 1791 878 ut⁷

35 917 39 922 ·
105 909 214 940 cum
251 893 336 940 ille
378 909 433 940 ex
475 909 531 941 eo
573 892 817 940 diceretur
856 891 989 951 felix,
1027 892 1158 952 quod
1197 893 1249 938 in
1287 891 1513 953 partibus
1557 890 1792 939 Graeciae

39 986 80 1020 ιο
104 971 151 1014 et
183 967 388 1014 condere
420 969 586 1028 potuit
620 968 874 1014 civitatem
907 969 956 1014 et
987 965 1172 1013 ibidem
1203 981 1424 1029 regnare,
1449 965 1532 1014 isti
1564 966 1795 1013 dicantur

103 1043 396 1102 imperaturi
442 1040 668 1088 omnibus
717 1038 915 1088 Graecis
963 1043 1011 1087 et
1059 1043 1259 1087 cunctos
1314 1043 1554 1101 perpetua
1601 1040 1793 1088 dicione

103 1115 329 1176 pressuri.
394 1115 642 1178 gradatim
679 1115 835 1178 igitur
874 1115 1078 1162 Troiani
1117 1115 1310 1177 generis
1351 1115 1557 1175 stirpem
1589 1114 1651 1161 ad
1684 1114 1792 1161 feli-

103 1190 307 1237 citatem·
363 1189 562 1250 plenam
623 1191 865 1236 memorat
928 1203 1030 1236 esse
1093 1191 1367 1235 venturam.
1445 1188 1606 1249 primo
1662 1189 1793 1235 enim

102 1263 296 1311 Aeneae
341 1264 611 1311 triennium
657 1263 814 1325 dedit,
860 1262 1074 1310 Ascanio
1121 1262 1351 1325 triginta,
1391 1262 1502 1309 aliis
1548 1266 1794 1310 trecentos

37 1356 78 1390 ιε,
103 1353 269 1397 annos,
308 1337 613 1398 reliquorum
651 1353 769 1386 vero
803 1337 906 1385 sine
938 1336 1032 1384 fine
1066 1352 1326 1384 cursurum
1356 1337 1620 1398 imperium
1652 1336 1792 1384 dixit.

101 1427 269 1459 verum
310 1413 426 1472 quia
464 1413 517 1458 in
555 1412 794 1460 honorem
835 1410 1059 1458 Caesaris
1098 1411 1370 1458 Aeneidem
1409 1410 1667 1471 scribebat,
1711 1411 1792 1458 hic

103 1486 295 1547 aperuit
343 1485 461 1546 quid
507 1487 560 1532 in
606 1485 961 1547 posterioribus
1010 1484 1150 1533 libris
1197 1487 1346 1546 poeta
1394 1486 1562 1532 noster
1614 1486 1791 1533 fuisset

100 1559 362 1620 positurus.
434 1576 559 1620 quae
601 1560 814 1621 quidem,
853 1563 909 1607 ut
950 1559 1134 1607 dictum
1176 1563 1263 1620 est,
1304 1575 1416 1607 cum
1455 1575 1606 1620 supra
1645 1559 1791 1607 dictis

101 1633 308 1682 scribere
356 1649 454 1680 non
501 1634 686 1695 potuit3
748 1649 866 1680 nam
912 1635 1080 1681 secuta
1125 1636 1238 1694 post
1286 1634 1440 1680 Turni
1486 1636 1695 1681 mortem
1742 1637 1792 1680 et

30 1725 78 1760 uno
100 1711 238 1771 gesta
277 1707 429 1754 trium
469 1712 518 1755 et
555 1707 764 1771 triginta
806 1711 854 1755 et
892 1710 1226 1755 trecentorum
1267 1723 1509 1755 annorum
1555 1723 1611 1754 ac
1655 1707 1791 1755 dein-

100 1797 210 1843 ceps
243 1797 396 1842 usque
431 1782 493 1828 ad
523 1783 679 1843 ipsius
714 1780 938 1830 Caesaris
969 1784 1195 1843 tempora
1226 1782 1458 1843 factaque
1492 1781 1595 1829 eius
1628 1782 1790 1829 fuerat

100 1857 198 1904 suis
246 1855 545 1904 carminibus
593 1856 902 1915 conditurus,
950 1858 998 1903 et
1045 1858 1314 1917 proventus
1354 1855 1559 1903 Troiani
1597 1856 1791 1920 generis

43 1986 50 1995 ‚⁷
99 1930 289 1978 futuros
337 1930 583 1978 nascendo
629 1930 880 1990 meliores,
935 1929 1146 1990 denique
1202 1930 1326 1977 alios
1382 1931 1539 1991 partis
1594 1930 1791 1991 aliquas

51 2043 53 2045 .
101 2003 230 2052 orbis
268 2006 546 2052 retenturos
587 2005 760 2065 fuisse,
802 2003 1065 2052 Caesarem
1102 2019 1219 2052 vero
1260 2004 1329 2051 sic
1370 2003 1791 2066 amplificaturum

33 2070 78 2147 ᾖ
100 2078 377 2126 Romanum
423 2078 708 2140 imperium,
754 2081 810 2125 ut
856 2078 982 2125 nihil
1031 2078 1214 2139 reliqui
1266 2079 1451 2126 faceret
1506 2077 1638 2139 quod
1690 2093 1789 2125 non

44 2162 57 2211 ζ
100 2152 356 2200 subactum
402 2166 451 2199 se
500 2168 604 2200 esse
651 2153 903 2200 fateretur.
980 2151 1163 2199 idcirco
1203 2153 1277 2200 ait
1321 2155 1548 2200 nascetur
1577 2153 1787 2212 pulchra

0 2279 1 2282 Ἴ
40 2244 58 2271 ι
83 2225 346 2274 'Troianus
392 2227 575 2286 oriyinc
625 2226 829 2281 Caesar,
880 2227 1070 2287 optima
1117 2225 1309 2274 scilicet
1355 2229 1403 2274 et
1448 2226 1677 2287 honesta,
1732 2228 1790 2274 ut

0 2307 1 2310 ’
42 2293 64 2340 2⁴
99 2315 197 2347 non
236 2300 477 2362 corporis,
524 2300 609 2348 sed
655 2299 861 2363 originis
901 2300 1222 2364 intellegatur
1257 2299 1596 2362 pulchritudo,
1641 2301 1788 2360 impc-

43 2349 63 2401 ff
99 2374 228 2421 rium
262 2374 463 2429 Oceaow,
495 2375 682 2434 fama-m
722 2376 805 2434 qui
842 2375 1061 2422 ter-minet
1098 2375 1259 2430 astriS,
1290 2377 1347 2422 ut
1376 2376 1575 2422 tantum
1608 2372 1790 2422 Caesar

42 2439 44 2443 ¹
99 2447 366 2510 pugnando
412 2451 539 2496 esset
585 2447 898 2509 obtenturus,
945 2451 1002 2495 ut
1047 2447 1174 2496 nihil
1221 2464 1319 2496 non
1358 2447 1603 2496 domitum
1639 2448 1788 2496 relin-

219 2622 240 2660 1
275 2619 483 2673 futuram
507 2618 594 2661 LR
619 2618 917 2675 profuturam
940 2633 963 2661 r
992 2619 1134 2673 fuisse
1158 2618 1229 2662 ed.
1278 2656 1283 2665 .
1331 2623 1356 2661 2
1389 2631 1546 2662 caram
1569 2618 1604 2660 L
1629 2631 1783 2662 curam

100 2674 141 2719 R
171 2677 232 2720 ad
262 2691 421 2721 curam
452 2692 475 2720 r
504 2692 664 2722 curam
695 2677 765 2721 ed.
800 2679 919 2734 post.
1043 2681 1068 2720 3
1102 2678 1294 2722 additur
1325 2677 1395 2720 ed.
1433 2679 1440 2735 Ι
1471 2678 1786 2733 proximorum

101 2735 170 2778 ed.
292 2741 320 2780 4
350 2735 522 2780 lemma
552 2735 723 2793 incipit
754 2742 805 2781 at
836 2737 997 2781 domus
1025 2736 1114 2780 LR
1144 2742 1195 2781 at
1225 2750 1282 2781 ex
1313 2741 1439 2780 aetas
1470 2738 1622 2780 ortum
1654 2736 1785 2779 ratus

99 2793 281 2851 reliqua
313 2794 540 2852 supplevi.
664 2801 690 2840 5
723 2810 777 2840 ac
806 2797 939 2841 victis
970 2796 1042 2840 ed.
1075 2797 1124 2839 et
1154 2795 1416 2853 Vergiliani
1447 2794 1570 2838 libri.
1686 2798 1713 2838 8
1745 2799 1787 2839 et

101 2864 189 2897 om.
220 2854 292 2898 ed.
409 2859 462 2898 12
501 2855 714 2900 Troianis
745 2855 815 2899 ed.
846 2857 852 2913 Ι
879 2855 943 2900 ad
972 2855 1060 2899 LR
1090 2860 1131 2900 et
1161 2855 1232 2899 ed.
1351 2859 1404 2898 15
1435 2855 1787 2910 reliquorum—

103 2915 155 2955 16
186 2913 397 3015 honoregz
429 2928 516 2957 om.
543 2913 614 2957 ed.
739 2918 792 2957 17
827 2914 939 2970 quid
969 2913 1057 2958 LR,
1087 2915 1208 2971 quod
1239 2914 1310 2958 ed.
1428 2917 1482 2957 19
1513 2917 1668 2958 secuta
1698 2912 1787 2956 LR

99 2983 283 3027 sequens
319 2985 343 3015 e
382 3008 389 3016 .
