2014 3226
779 182 1080 227 AENEIDos
1114 183 1154 225 11
1707 185 1812 236 257

121 339 211 371 nec
259 323 384 370 dixit
432 326 600 384 aperte
649 323 695 370 ei
741 323 1071 384 suspicionem
1118 339 1280 383 suam,
1329 339 1388 371 ne
1429 338 1567 371 secus
1608 325 1814 371 sensisse

122 398 374 446 videretur
421 400 470 444 et
515 398 757 444 recessuri
803 398 1022 443 animum
1070 397 1301 444 laederet.
1378 398 1495 444 haec
1540 397 1623 444 ubi
1674 398 1800 445 dicta
1821 403 1905 441 790

122 473 265 526 dcclii,
305 471 639 518 lacrimantem
679 474 721 518 et
758 471 910 517 multa
951 472 1182 519 volentem
1213 471 1368 518 dicere
1399 471 1609 519 descruit
1640 474 1816 518 tenuis-

123 561 212 605 que
242 547 435 593 recessit
464 546 516 591 irc
549 558 726 591 auras:
757 545 1027 606 ingratum,
1059 544 1269 606 inpium,
1301 545 1595 593 sceleratum
1627 545 1816 606 fuisset,

32 650 34 676 ;
79 640 98 672 5
124 621 167 667 si
213 618 406 667 Aeneas
462 618 524 666 ab
578 617 754 665 umbra
807 619 974 665 uxoris
1030 619 1228 666 silentio
1284 620 1585 680 recessisset3
1649 619 1819 667 debuit

32 741 33 754 ¹
122 694 255 740 enim
294 692 373 741 vel
413 708 503 740 sua
544 691 704 740 dicere
745 692 825 739 vel
864 692 927 739 ad
968 708 1026 739 ea
1063 692 1357 754 respondere
1399 709 1527 754 quae
1574 693 1816 741 audierat.

30 766 32 771 '
122 767 307 819 idcirco
347 766 474 814 dixit
514 766 634 812 dum
665 766 897 814 lacrimas
930 766 1098 827 fundo,
1131 767 1249 813 dum
1280 767 1393 814 volo
1426 770 1576 828 atque
1609 767 1816 828 dispono

121 840 343 902 proferre
385 856 510 902 quae
551 841 828 888 necessario
868 841 1068 887 fuerant
1107 839 1328 901 dicenda,
1359 844 1560 903 repente
1594 842 1818 889 discessit

123 930 181 962 ac
228 915 479 962 volentem
522 914 684 962 multa
732 913 893 962 dicere
943 913 1174 962 deseruit.
1252 916 1418 976 posset
1457 916 1587 962 enim
1627 930 1818 962 mecum

57 1008 100 1041 ιο
125 1004 228 1037 esse
277 988 485 1050 diutius,
533 989 576 1035 si
624 989 906 1050 expectaret
951 1004 1116 1035 meum
1164 989 1315 1036 etiam
1361 990 1471 1049 ipsa
1513 1004 1816 1051 responsum.

122 1063 246 1110 bene
293 1062 420 1110 dixit
466 1062 682 1110 deseruit
729 1062 979 1110 volentem
1025 1062 1186 1124 loqui,
1234 1078 1331 1110 non
1379 1062 1504 1110 dixit
1548 1079 1638 1126 ego
1679 1063 1818 1111 illam

124 1137 303 1184 dimisi.
382 1140 453 1183 ter
498 1139 699 1184 conatus
747 1137 815 1184 ibi
869 1137 987 1184 collo
1042 1137 1161 1183 dare
1215 1137 1439 1184 bracchia
1493 1139 1693 1192 circum,
1749 1141 1820 1184 ter

122 1212 314 1270 frustra
353 1224 614 1271 conpressa
651 1224 853 1258 marius:
893 1211 1091 1272 proprie
1132 1210 1392 1272 descripsit
1430 1211 1676 1259 volentem
1717 1226 1818 1258 am-

20 1325 35 1333 -
122 1285 275 1347 plecti
323 1284 455 1346 quod
502 1285 759 1346 corporale
805 1300 906 1331 non
950 1285 1115 1331 fuerat
1163 1299 1307 1347 saepe
1355 1301 1459 1333 esse
1510 1286 1820 1346 frustratum,

54 1378 99 1411 ιε,
124 1374 398 1420 manusque
446 1359 543 1406 sibi
594 1358 862 1406 occurrisse
900 1359 1223 1420 frequentius,
1264 1374 1377 1406 cum
1415 1375 1515 1407 non
1555 1361 1682 1407 esset
1720 1374 1819 1406 me-

125 1433 263 1480 dium
311 1432 443 1494 quod
487 1435 654 1480 tenere
702 1432 959 1494 potuisset.
1040 1434 1205 1493 effuyit
1253 1435 1436 1493 imayo,
1482 1448 1585 1493 par
1639 1434 1821 1480 levibus

123 1509 277 1555 ventis
307 1505 614 1567 [volucrique
643 1507 895 1554 simillima
925 1505 1122 1568 somno]
1129 1524 1144 1554 .·
1175 1507 1320 1570 fugit,
1346 1506 1525 1568 inquit,
1547 1509 1604 1555 ut
1627 1509 1821 1567 ventus,

123 1580 329 1629 recessit
366 1582 424 1628 ut
462 1596 677 1629 somnus.
739 1597 874 1629 more
917 1580 1126 1628 Sallusti
1167 1581 1293 1629 dixit
1332 1584 1539 1628 conatus
1579 1596 1708 1641 sum3
1749 1580 1820 1628 ibi

25 1663 38 1698 21
125 1657 258 1703 enim
296 1656 505 1717 ponitur
544 1658 749 1703 conatus
788 1654 879 1702 ubi
918 1655 1119 1703 effectus
1160 1654 1301 1716 sequi
1338 1670 1437 1702 non
1479 1655 1660 1716 potuit.
1737 1655 1807 1703 sic
1825 1659 1909 1701 795

27 1734 103 1796 ’,κιο
126 1730 318 1778 demum
361 1731 514 1777 socios
561 1732 844 1789 consumpta
888 1732 1022 1778 nocte
1067 1731 1246 1776 reviso:
1302 1731 1542 1790 quantum
1593 1744 1645 1777 se
1695 1728 1822 1776 dixit

124 1803 375 1852 laborasse
414 1819 505 1865 pro
545 1803 754 1867 coniuge
793 1803 846 1850 in
883 1803 1039 1851 tantis
1081 1803 1380 1852 discursibus
1421 1805 1470 1850 et
1507 1803 1698 1866 vigiliis
1733 1819 1822 1864 per

29 1878 33 1883 ’
124 1879 286 1925 totam
322 1880 520 1926 noctem
557 1877 808 1926 toleratis!

31 1940 35 1952 ¹
237 1949 398 2012 Atque
426 1951 503 1999 hic
530 1953 771 2012 inyeutem
802 1953 1026 1999 comitum
1057 1952 1325 2010 adfluxisse
1353 1964 1590 1998 uovorum
1627 1951 1821 1999 invenio

128 2025 385 2074 admirans
412 2040 685 2082 numerum,
716 2028 990 2086 matresque
1019 2027 1255 2086 virosque,
1288 2025 1530 2073 collectam
1562 2025 1703 2073 exilio
1726 2040 1821 2085 pu-

32 2099 104 2166 3125
129 2099 247 2155 bem,
285 2100 562 2149 miserabile
597 2101 788 2161 vulqus.
863 2099 1080 2160 undique
1118 2113 1376 2147 convenere
1414 2099 1594 2147 animis
1631 2100 1823 2159 opibus-

79 2338 82 2340 Α
250 2289 273 2327 1
307 2285 407 2330 eius
436 2284 472 2327 L
504 2286 547 2329 ei
576 2284 630 2330 R,
667 2285 674 2344 Ι
715 2285 1039 2340 suspectionem
1070 2283 1158 2327 LR
1189 2297 1304 2328 corr.
1337 2298 1360 2326 r
1390 2284 1463 2328 ed.
1585 2289 1612 2327 4
1643 2284 1822 2339 inpium

43 2365 47 2382 f
129 2341 217 2386 LR
253 2344 284 2386 i.
317 2357 373 2388 ac
411 2343 483 2388 ed.
651 2348 678 2388 8
710 2345 911 2388 dicentia
941 2343 1027 2387 LR
1058 2345 1176 2388 -mla
1206 2358 1229 2386 r
1259 2343 1331 2387 ed
1498 2347 1551 2386 13
1583 2356 1823 2399 conpressa

37 2417 40 2422 ⁴
129 2416 315 2447 manus:
346 2402 422 2446 his
454 2403 606 2447 verbis
638 2403 752 2460 quia
784 2402 1080 2459 abrumpitur
1109 2402 1296 2458 lemma,
1321 2401 1438 2446 Don.
1463 2416 1630 2447 manus
1661 2404 1823 2446 contra

40 2467 49 2510 ,²
130 2463 332 2505 metrum
363 2475 469 2506 cum
499 2476 740 2530 conpressa
772 2461 1067 2506 coniunxisse
1095 2461 1283 2506 videtur
1313 2463 1374 2518 (6,
1399 2465 1485 2505 700
1517 2475 1612 2505 non
1641 2460 1822 2527 liquet).

40 2515 45 2534 ⁴
223 2525 278 2564 15
310 2522 589 2566 concurrisse
621 2522 910 2566 edF.1''l
943 2522 1273 2577 volucrique-
1289 2534 1445 2565 somno
1477 2519 1611 2565 deest
1640 2518 1691 2563 in
1721 2519 1822 2574 LR,

130 2578 216 2623 sed
240 2580 514 2636 explicatur.
614 2585 669 2624 18
701 2581 878 2627 Salusti
899 2579 987 2624 LR
1018 2579 1153 2634 (alibi
1176 2579 1307 2637 Sall.)
1337 2584 1509 2624 vetusto
1541 2578 1823 2623 substituere

131 2637 236 2683 vult
262 2638 298 2682 r'
330 2639 381 2683 in
411 2653 546 2697 marg
549 2639 820 2684 ‚adnotato
852 2652 1046 2708 quaere,
1083 2638 1166 2683 sed
1197 2638 1256 2683 cf.
1290 2638 1349 2683 de
1386 2638 1476 2683 hac
1513 2651 1563 2682 re
1595 2642 1637 2692 9,
1662 2642 1762 2682 398.

51 2699 57 2715 ‘·
133 2701 190 2740 19
221 2698 291 2742 ibi
310 2698 353 2742 R
382 2700 464 2743 ubi
492 2714 588 2742 r=
605 2698 655 2742 L.
749 2703 806 2742 20
830 2700 1013 2755 pervisa
1037 2697 1124 2741 LR
1153 2699 1298 2743 reviso
1330 2713 1364 2741 r.
1458 2701 1516 2741 24
1546 2672 1685 2742 exilio
1717 2696 1822 2740 LR.

130 2755 264 2800 nullo
302 2756 480 2802 indicio
518 2757 747 2815 probatur
784 2759 997 2801 nostrum
1034 2756 1159 2801 Aelii
1197 2756 1373 2800 Donati
1412 2769 1636 2809 errorem,
1684 2768 1823 2811 quem

44 2811 65 2867 j
134 2814 319 2860 Servius
350 2817 500 2862 tradit
529 2818 579 2861 et
607 2816 809 2871 refutat,
842 2818 1054 2861 secutum
1085 2828 1207 2871 esse,
1239 2816 1324 2860 sed
1353 2830 1499 2860 unum
1531 2814 1762 2870 eundemq
1763 2827 1822 2858 ue

45 2892 62 2902 ⁴
134 2873 371 2919 Donatum
416 2889 519 2920 esse
562 2875 684 2920 falso
730 2851 951 2932 opinatus
997 2889 1053 2920 ex
1093 2876 1194 2920 Ilio
1241 2874 1429 2932 scripsit
1473 2873 1716 2918 Fabricius
1733 2829 1821 2917 q.ef

133 2947 175 2976 ν.
202 2933 247 2977 d.
270 2933 460 2979 Hoeven
489 2949 535 2992 p.
562 2940 603 2979 5.
726 2939 783 2979 25
813 2934 1114 2980 miserabilem
1146 2933 1195 2978 L.
1231 2935 1238 2992 Ι
1272 2934 1508 2978 convenire
1537 2932 1579 2975 R
1610 2946 1711 2976 corr
1741 2946 1776 2976 r.
1813 2933 1821 2992 Ι

45 2989 82 3226 1
130 2993 298 3049 opibus
325 2993 368 3036 R
397 3006 482 3051 que
513 2993 620 3038 add.
650 3008 687 3038 r.

223 3074 321 3108 Don.
345 3075 503 3116 interpr.
526 3075 643 3117 Vox-g.
676 3075 752 3109 vol.
768 3076 801 3110 1.
1412 3068 1467 3109 17
