2014 3226
180 184 288 236 268
649 182 881 226 DONATI
911 182 1193 226 INTERPR.
1226 182 1404 226 VERG.

180 325 283 384 hic,
332 325 450 385 quia
490 323 731 370 suadebat
781 323 973 385 fugam,
1023 324 1175 369 etiam
1213 325 1397 369 terram
1437 323 1600 383 ipsam
1641 322 1766 369 dixit
1803 324 1876 368 in-

180 414 398 457 manem,
446 413 505 443 ne
555 398 778 457 speraret
825 396 1016 444 Aeneas
1064 412 1207 457 posse
1254 396 1361 442 illic
1409 396 1624 457 aliquem
1671 398 1879 457 reperiri

184 474 270 532 qui
308 473 581 517 humanum
621 470 841 516 animum
881 473 1073 532 gereret
1113 472 1162 517 et
1200 470 1293 517 hac
1334 485 1418 530 spe
1461 469 1779 517 transductus
1826 471 1879 516 in

181 546 357 592 iisdem
412 545 532 590 10013
587 547 867 590 remaneret
920 545 973 590 in
1030 544 1207 604 quibus
1256 543 1414 591 occidi
1458 544 1715 604 potuisset.
1795 543 1879 591 sed

180 636 278 665 non
335 618 396 664 ad
452 619 609 665 solam
665 618 1090 665 conservationem
1145 618 1321 665 salutis
1374 617 1658 665 huiusmodi
1713 620 1879 679 potest
1926 634 1946 667 5

182 693 452 739 admonitio
500 693 770 753 pertinere3
825 707 924 739 non
973 692 1105 738 enim
1152 691 1322 738 debuit
1369 693 1484 752 pius
1533 694 1581 739 et
1619 692 1880 754 religiosus

179 769 309 813 inter
349 767 612 813 sceleratos
655 767 704 812 et
742 765 905 827 inpios
947 767 1263 826 commorari,
1313 765 1510 812 etiamsi
1557 766 1684 812 nihil
1733 765 1880 812 aude-

181 843 289 886 rent
331 840 565 887 adversus
604 841 784 900 ipsum.
854 840 975 886 item
1015 838 1146 901 quod
1189 839 1258 886 ait
1298 839 1413 902 fuge
1456 840 1667 887 crudelis
1706 841 1881 899 terras,

183 916 297 976 fuge
347 913 465 961 litus
508 929 734 974 avarum,
780 913 1053 975 duplicatio
1094 913 1239 960 unius
1279 913 1419 961 verbi
1457 929 1692 976 magnam
1730 912 1880 960 habet

182 987 388 1051 cogendi
436 989 804 1048 necessitatem3
868 1003 986 1034 nam
1031 987 1106 1034 bis
1156 987 1281 1034 dixit
1328 988 1465 1050 fuge,
1516 990 1572 1034 ut
1612 987 1715 1035 sine
1755 986 1880 1034 dila·
1907 1003 1950 1035 10

180 1064 314 1109 tione
355 1062 563 1125 fugeret.
640 1061 831 1109 interea
871 1061 1102 1109 docemur
1139 1061 1415 1109 instruente
1447 1061 1671 1125 Vergilio
1712 1061 1880 1108 crude-

180 1136 377 1182 litatem
433 1137 536 1183 sine
592 1136 807 1183 avaritia
863 1139 911 1183 et
967 1135 1234 1183 avaritiam
1285 1135 1388 1183 sine
1437 1135 1729 1183 crudelitate
1778 1150 1880 1182 esse

181 1226 279 1256 non
311 1225 478 1271 posse3
517 1226 635 1257 nam
667 1209 854 1271 expleri
896 1209 1111 1256 avaiitia
1142 1226 1241 1257 non
1273 1212 1452 1270 potest,
1484 1211 1584 1257 nisi
1615 1211 1661 1257 01
1693 1209 1881 1256 auxilio

182 1283 447 1331 crudelitas
495 1283 669 1344 fuerit,
719 1286 769 1330 et
817 1283 1086 1331 crudelitas
1135 1283 1348 1331 exerceri
1395 1300 1493 1331 non
1543 1286 1730 1345 potest,
1786 1282 1882 1330 nisi

184 1373 293 1418 spes
333 1358 658 1405 intervenerit
696 1358 837 1404 lucri.
914 1359 1086 1418 itaque
1127 1359 1197 1405 sic
1235 1359 1367 1404 inter
1407 1373 1456 1404 se
1498 1373 1709 1404 conexae
1750 1359 1879 1417 sunt,
1906 1372 1948 1404 15
1988 1387 1992 1398 ›

181 1432 447 1479 ut·altera
493 1432 596 1480 sine
647 1447 844 1480 accessu
893 1432 1097 1479 alterius
1146 1431 1367 1492 conpleri
1413 1448 1512 1480 non
1550 1432 1722 1492 possit.
1801 1431 1881 1478 hic

182 1506 317 1553 locus
373 1509 422 1553 et
475 1507 526 1552 in
581 1507 744 1567 primo
792 1506 919 1552 libro
970 1498 1127 1571 (348)
1177 1522 1234 1552 ex
1281 1505 1623 1567 Pygmalionis
1670 1520 1882 1566 persona

181 1582 427 1627 tractatus
469 1583 562 1639 est3
618 1580 751 1627 idem
791 1581 924 1627 enim
963 1579 1125 1628 dictus
1167 1582 1240 1627 est
1278 1581 1446 1641 inpius
1495 1583 1544 1627 et
1590 1581 1700 1626 auri
1747 1580 1880 1640 cupi-

92 1657 148 1696 45
184 1653 340 1701 ditate
389 1656 618 1701 caecatus
664 1655 900 1701 maritum
948 1654 1128 1702 sororis
1176 1654 1422 1701 insontem
1473 1668 1687 1701 necasse.
1763 1667 1882 1700 nam
1960 1696 1966 1724 ,ἱ
1984 1707 1987 1717 ‚

181 1728 453 1788 Polydorus
485 1742 590 1788 eqo:
628 1744 808 1776 nomen
841 1743 985 1775 suum
1014 1730 1214 1775 tantum
1245 1727 1386 1789 dixit,
1418 1729 1578 1776 tacuit
1610 1727 1669 1775 de
1699 1727 1880 1789 patria,
1905 1743 1977 1791 2⁰³³„

183 1803 301 1863 quia
339 1801 439 1849 iam
481 1817 630 1863 supra
671 1802 864 1849 dixerat
902 1818 1002 1849 non
1041 1818 1119 1849 me
1151 1802 1246 1849 tibi
1279 1802 1428 1849 Troia
1461 1805 1715 1849 externum
1747 1800 1880 1861 tulit,

181 1876 342 1922 tacuit
388 1876 446 1923 de
492 1875 809 1937 parentibus,
862 1877 1023 1922 tacuit
1077 1875 1136 1923 de
1182 1891 1396 1938 persona
1443 1876 1546 1923 eius
1595 1875 1674 1923 cui
1719 1875 1883 1922 fuerat
1959 1883 1978 1934 ς’

184 1950 556 1997 commendatus
597 1966 627 1998 a
664 1951 823 2012 patre,
855 1950 1015 1997 tacuit
1054 1949 1113 1997 de
1155 1965 1303 1997 eausa
1341 1953 1547 2012 propter
1585 1966 1736 2011 quam
1770 1965 1882 1996 eon-

185 2023 352 2070 stabat
407 2024 648 2085 occisum3
718 2024 887 2072 omnia
949 2025 1080 2070 enim
1142 2027 1340 2086 praeter
1403 2023 1718 2085 sepulchrum
1780 2023 1882 2070 eius
1959 2011 1979 2062 4³

182 2096 375 2144 Aeneas
437 2101 659 2145 noverat.
749 2097 908 2146 solum
971 2113 1087 2161 ergo
1151 2097 1409 2146 suffecerat
1462 2114 1644 2146 nomen
1698 2097 1879 2144 dixisse
1907 2114 1926 2145 2

183 2171 389 2231 propter
433 2171 576 2219 illam
620 2174 816 2233 partem
865 2187 964 2233 qua
1011 2172 1136 2219 dixit
1184 2187 1313 2233 „non
1359 2188 1436 2219 me
1474 2171 1571 2219 tibi
1611 2171 1762 2219 Troia
1803 2186 1881 2218 ex-
1963 2171 1966 2174 ’

183 2246 380 2291 ternum
417 2244 580 2293 tulit“.
656 2247 733 2293 hie
772 2249 1015 2305 confixum
1053 2248 1216 2306 ferrea
1254 2248 1369 2294 texit
1414 2246 1616 2294 telorwm
1663 2259 1795 2306 seyes
1841 2247 1883 2292 et

183 2319 360 2366 iaculis
404 2320 609 2367 increvit
653 2320 832 2367 acutis:
894 2322 944 2368 et
990 2320 1183 2367 facinus
1229 2319 1282 2367 in
1331 2336 1381 2369 30
1422 2319 1691 2368 3ᾶ11113311111
1729 2319 1882 2366 refert

185 2394 235 2440 et
273 2391 399 2439 illud
436 2392 631 2440 firmare
672 2392 926 2441 contendit
965 2394 1098 2456 quod
1137 2393 1264 2441 dixit
1301 2394 1418 2457 fuge
1459 2393 1672 2442 crudelis
1706 2395 1881 2452 terras,

183 2467 242 2512 ut
279 2481 380 2514 non
416 2469 614 2514 tantum
652 2467 865 2515 telorum
906 2467 1280 2516 multitudinem
1317 2483 1491 2516 verum
1539 2467 1692 2515 etiam
1737 2469 1881 2514 natu-

304 2640 331 2679 4
361 2636 534 2680 hisdem
565 2635 664 2681 LR.
770 2641 796 2679 6
821 2638 1052 2693 pertenire
1082 2637 1182 2681 LR.
1286 2642 1342 2682 10
1374 2637 1497 2682 dixit
1527 2636 1614 2680 LR
1647 2637 1716 2681 ait
1747 2636 1818 2680 ed..

186 2699 241 2737 13
273 2708 368 2739 non
392 2700 614 2751 potest—
634 2700 688 2738 14
720 2697 916 2740 exerceri
946 2710 1034 2741 om.
1058 2697 1131 2740 ed.
1255 2702 1311 2741 14
1342 2710 1542 2741 exercere
1572 2695 1660 2739 LR
1689 2696 1756 2740 -ri
1784 2709 1819 2739 r.

186 2757 240 2797 16
274 2767 454 2798 accessu
483 2754 572 2798 LR
602 2768 783 2799 excessu
814 2755 884 2800 ed.
915 2757 920 2812 Ι
949 2757 1154 2813 conplere
1182 2755 1279 2801 non
1303 2761 1454 2812 posset
1485 2755 1572 2798 LR
1602 2755 1806 2812 conpleri
1833 2767 1880 2797 n.

178 2813 327 2868 possit
354 2827 378 2855 r
408 2813 478 2857 ed.
606 2818 658 2856 17
693 2818 736 2857 et
765 2827 853 2858 om.
881 2815 951 2858 ed..
1085 2819 1140 2858 18
1174 2821 1215 2859 et
1245 2815 1356 2860 auri
1385 2814 1473 2858 LR
1504 2815 1625 2870 quod
1655 2813 1882 2869 interpos.

185 2871 256 2916 ed.
353 2875 407 2916 19
439 2886 598 2917 caecus
627 2872 700 2917 ed.
730 2876 736 2929 Ι
774 2887 947 2918 neeesse
977 2873 1064 2917 LR
1096 2874 1163 2932 (in
1194 2873 1230 2917 L
1262 2875 1463 2919 necm‘sse
1496 2886 1722 2930 superscr.
1755 2885 1879 2916 man.
1931 2911 1934 2914 ⁴

183 2931 292 2986 rec.)
324 2944 505 2976 necasse
533 2946 558 2975 1·
587 2936 786 2976 necasset
817 2932 888 2976 ed.
1027 2937 1082 2976 21
1117 2934 1212 2977 iam
1243 2946 1331 2977 om.
1355 2931 1411 2978 R.
1558 2937 1614 2976 22
1646 2933 1700 2976 de
1724 2943 1880 2988 perso-

185 3004 294 3034 nam
324 2989 374 3034 L.
499 2994 554 3034 29
586 2990 706 3035 illud
736 2990 822 3034 LR
853 2991 924 3035 ed.
958 2995 1000 3036 et
1029 2993 1059 3035 i.
1092 3007 1128 3036 r.
1847 2988 1856 2996 ’
