2014 3226
0 2486 7 2708 ³

848 187 1151 232 AENEIDOS
1182 188 1245 231 IV
1789 191 1857 242 36
1863 192 1895 242 3

206 326 495 374 contrarios.
551 326 670 373 haec
704 326 931 374 Troianis
964 328 1283 388 proponenda
1317 344 1413 375 non
1446 330 1497 374 in
1531 344 1725 376 cassum
1751 329 1895 376 Anna

207 399 497 460 mandabat,
532 400 718 447 sciebat
742 402 873 447 enim
901 402 1047 448 facile
1080 402 1155 448 his
1188 404 1374 449 moveri
1407 418 1548 463 posse
1581 402 1894 450 formidinem

206 489 414 534 quorum
468 474 612 520 tanta
666 474 798 521 mala
846 475 1015 522 Aenea
1068 476 1309 522 referente
1365 478 1663 539 cognoverat
1714 480 1762 523 et
1809 478 1894 537 qui

205 550 423 594 recentes
463 563 493 594 a
532 547 795 611 naufragio
835 549 1045 596 fuissent
1083 550 1279 596 facilius
1320 552 1606 597 cessaturos.

158 637 179 668 5
315 622 412 668 His
451 621 589 668 dictis
627 623 878 669 incensum
917 625 1137 670 animum
1176 625 1500 681 inflammavit
1538 637 1700 671 amore
1739 637 1892 685 spem-—

203 709 292 754 que
339 695 469 743 dedit
515 695 691 744 dubiae
730 697 876 743 menti
913 697 1143 756 solvitque
1173 697 1436 756 pudorem:
1489 699 1705 744 retinens
1745 698 1894 758 poeta

203 769 321 829 quia
360 785 457 816 non
498 770 683 817 invitae
725 769 811 817 sed
849 770 1038 817 volenti
1077 771 1378 818 suadebatur
1417 774 1466 818 et
1506 770 1635 831 quod
1668 771 1891 831 superius

201 842 407 891 dixisset
452 842 699 892 Didonem
746 859 889 891 caeco
938 845 1043 906 igni
1092 847 1227 905 carpi
1274 845 1354 891 hic
1402 846 1568 906 posuit
1615 844 1690 891 his
1746 844 1891 891 dictis

199 917 454 964 incensum
494 919 713 964 animum
752 917 1083 965 inflammavit
1123 934 1302 979 amore,
1354 920 1409 964 ut
1449 918 1593 966 dictis
1632 922 1891 979 tamquam

134 1007 176 1038 ιο
200 993 460 1038 ventorum
523 991 808 1039 adiumento
872 992 1004 1053 quod
1067 992 1270 1039 ardebat
1331 993 1510 1040 fortius
1578 991 1889 1053 validiusque

198 1063 489 1112 flammaret.
568 1081 734 1113 amore
781 1065 855 1113 bis
904 1066 1268 1127 accipiendum,
1315 1069 1372 1113 ut
1412 1066 1477 1113 sit
1515 1066 1590 1114 his
1630 1065 1775 1112 dictis
1814 1067 1890 1112 in-

197 1153 398 1185 censum
437 1140 660 1186 animum
699 1155 865 1187 amore
904 1140 1234 1188 inflammavit
1274 1155 1459 1199 amore,
1511 1140 1603 1187 hoc
1643 1142 1716 1187 est
1756 1155 1888 1187 amo-

197 1227 301 1258 rem
339 1212 555 1274 primum
592 1214 774 1261 amoris
807 1217 1073 1276 augmento
1108 1214 1393 1274 cumulavit,
1427 1213 1544 1260 data
1576 1229 1768 1274 quoque
1801 1228 1887 1274 spe

197 1286 443 1335 commodi
482 1303 538 1334 ex
578 1287 654 1335 his
695 1303 821 1349 quae
860 1288 1121 1349 profutura
1161 1287 1357 1335 dicebat
1395 1288 1610 1335 obtinuit
1656 1289 1706 1334 et
1753 1288 1887 1348 quic-

130 1374 173 1407 15
197 1359 317 1421 quid
358 1360 683 1409 dubitationis
717 1377 821 1409 esse
853 1364 1086 1422 potuerat
1124 1363 1323 1422 penitus
1354 1361 1579 1422 removit,
1610 1361 1698 1408 illo
1729 1376 1885 1421 usque

197 1433 350 1482 donec
395 1435 694 1483 verecundia
741 1437 900 1484 omnis
949 1438 998 1483 et
1043 1435 1203 1497 pudor
1249 1434 1564 1496 persuasione
1612 1435 1885 1482 cessissent.

196 1507 494 1556 Terentiana
542 1511 788 1558 sententia
833 1509 949 1557 huic
993 1510 1101 1557 loco
1151 1511 1401 1569 convenit,
1448 1524 1546 1570 qua
1585 1508 1769 1556 dictum
1812 1511 1886 1555 est

194 1575 372 1647 (Andr.
395 1585 440 1643 1,
460 1584 507 1643 5,
527 1577 621 1650 31)
655 1583 801 1644 „dum
834 1585 886 1630 in
919 1583 1071 1631 dubio
1105 1586 1180 1631 est
1211 1584 1419 1643 animus,
1449 1583 1599 1644 paulo
1635 1584 1885 1629 momento

194 1656 289 1703 huc
336 1657 414 1704 vel
461 1657 579 1705 illuc
625 1656 934 1719 inpellitur“3
998 1658 1143 1705 facile
1190 1658 1322 1704 enim
1369 1672 1465 1718 quo
1514 1657 1625 1718 quis
1672 1655 1884 1703 voluerit

125 1745 170 1776 20
193 1731 414 1778 animum
446 1731 721 1780 dubitantis
754 1731 971 1792 adducit,
997 1733 1231 1793 quoniam
1262 1732 1392 1778 inest
1421 1731 1524 1777 iam
1558 1745 1674 1791 pars
1705 1732 1883 1790 parata

193 1805 481 1853 voluntatis.
550 1807 799 1866 prmm'pio
845 1807 1050 1854 delubra
1096 1806 1276 1854 adeunt
1312 1818 1577 1864 pacemque
1621 1817 1716 1863 per
1764 1817 1883 1850 aras

193 1881 472 1939 exquirunt:
510 1879 638 1928 fiunt
669 1895 777 1928 ecce
811 1896 937 1942 quae
970 1895 1108 1928 soror
1131 1880 1287 1927 sorori
1311 1879 1505 1926 dixerat
1528 1893 1631 1925 esse
1655 1875 1882 1925 facienda

192 1954 242 2000 et
275 1954 491 2014 primum
524 1955 575 2002 et
606 1956 721 2002 ante
754 1955 923 2002 omnia
955 1953 1086 2016 quod
1118 1954 1303 2002 dictum
1336 1955 1410 2000 est
1441 1954 1528 2015 „tu
1559 1950 1704 1999 modo
1736 1965 1881 2012 posce

191 2026 307 2074 deos
346 2026 573 2075 veniam“
613 2043 866 2076 sacrorum
903 2028 1187 2090 praemissis
1228 2025 1490 2087 obsequiis.
1549 2039 1658 2072 ecce
1698 2023 1882 2072 adeunt

123 2114 167 2148 25
190 2099 292 2148 iam
329 2102 518 2162 templa
557 2104 608 2149 et
646 2101 851 2150 deorum
888 2103 1112 2150 favorem
1151 2116 1401 2148 sacrorum
1441 2099 1537 2148 sibi
1579 2097 1879 2147 exhibitione

190 2175 470 2223 conciliant.
536 2179 753 2224 mactant
781 2177 928 2224 lectas
958 2176 1016 2224 de
1045 2189 1177 2223 more
1216 2175 1422 2222 bidentis
1453 2174 1682 2234 leyiferae
1716 2170 1880 2220 Cereri

188 2248 466 2309 Phoeboque
494 2251 728 2310 patrique
765 2250 955 2311 Lyan,
995 2250 1182 2296 Iunoni
1220 2250 1331 2296 ante
1368 2249 1548 2303 omni-3,
1594 2247 1672 2294 eui
1717 2244 1879 2294 vincla

186 2323 377 2383 iugalia
406 2338 578 2372 curae:
613 2325 889 2372 mactantes
929 2322 1234 2372 sollemniter
1273 2337 1331 2370 ea
1370 2320 1661 2369 animalium
1700 2334 1886 2383 genera

190 2412 315 2458 quae
362 2396 458 2445 diis
507 2397 570 2446 ad
617 2413 817 2446 causam
863 2397 1150 2446 necessariis
1204 2396 1524 2443 convenirent
1569 2397 1618 2442 et
1663 2393 1878 2455 primum

120 2483 166 2517 ιο
190 2469 356 2518 Cereri
392 2471 643 2536 legiferae,
673 2474 939 2534 propterea
979 2470 1110 2533 quod
1148 2469 1447 2532 populorum
1487 2482 1750 2516 consensus
1781 2465 1877 2514 nisi

187 2543 380 2608 legibus
410 2546 571 2594 teneri
601 2561 699 2594 non
731 2546 903 2607 possit,
934 2543 1146 2605 Phoebo,
1178 2546 1235 2591 ut
1264 2543 1318 2591 in
1348 2543 1532 2590 futuris
1564 2540 1877 2603 prosperiora

186 2617 444 2680 perficeret
475 2635 602 2681 quae
634 2619 952 2681 optabantur,
975 2618 1155 2665 Libero
1187 2618 1336 2679 patri,
1368 2619 1425 2664 ut
1462 2616 1738 2678 praestaret
1775 2613 1875 2661 lae-

186 2691 352 2740 titiam
391 2694 756 2756 sempiternam,
787 2693 968 2740 Iunoni
1005 2691 1084 2740 vel
1115 2692 1343 2751 maxime,
1376 2706 1502 2752 quae
1534 2688 1876 2750 coniugiorum

305 2881 330 2919 2
361 2876 654 2931 formidinem
686 2877 773 2921 LR
803 2876 885 2922 edI
915 2877 1139 2920 malorum
1170 2876 1206 2930 f.
1238 2874 1347 2919 edF.
1463 2878 1489 2914 3
1522 2872 1652 2916 milia
1683 2869 1770 2914 LR
1799 2869 1872 2914 ed.

184 2935 311 2980 mala
338 2933 380 2979 r'
409 2949 507 2981 nos.
616 2940 642 2980 9
675 2941 919 2992 antequam
949 2934 1036 2978 LR
1067 2934 1140 2979 ed.
1171 2939 1403 2991 tamquam
1433 2945 1532 2976 nos.
1638 2934 1691 2973 12
1723 2941 1876 2973 amore

185 2993 272 3038 LR
303 2994 374 3038 ed.
408 3009 604 3040 amorem
634 2994 671 3038 r'
702 3009 800 3039 nos.
905 2999 959 3039 31
993 2994 1046 3038 in
1073 2993 1248 3048 futuris
1279 2992 1314 3035 L
1346 2993 1398 3036 in
1425 2992 1638 3047 futurum
1667 2987 1709 3032 R
1739 2986 1812 3032 ed.

1926 628 1983 667 55
