2014 3226
814 166 1116 211 AENEIDos
1147 167 1211 210 111
1756 169 1863 220 303

176 311 381 367 apparet
424 309 572 365 fluctu
617 320 873 353 nemorosa
912 306 1182 366 Zacynthos
1220 307 1596 367 Dulichiumque
1634 307 1867 367 Sameque

176 384 219 429 et
254 381 450 428 Neritos
489 381 651 428 ardua
690 382 842 428 saxis.
920 381 1268 428 nonnullarum
1307 382 1580 429 insularum
1625 398 1723 428 non
1770 383 1868 429 fuit

175 469 368 502 necesse
416 454 576 501 facere
623 453 947 514 mentionem,
993 455 1315 502 inveniuntur
1361 458 1492 502 enim
1543 470 1645 504 esse
1701 471 1866 517 super-

174 528 323 589 fluae,
379 528 463 575 sed
511 527 574 575 ad
620 527 921 575 necessarias
968 531 1133 575 venire
1182 544 1280 576 non
1327 531 1515 591 potuit,
1570 530 1668 577 nisi
1715 531 1866 577 etiam

128 619 149 651 5
173 603 287 651 illas
311 603 533 649 narratio
560 603 848 649 contineret.
902 603 1158 661 effecimus
1181 603 1400 662 scopulos
1423 604 1637 659 Ithacae,
1661 603 1868 651 Laertia

173 690 320 736 reyua
335 714 349 732 ,
401 679 442 723 et
488 680 669 723 terram
716 675 933 723 altricem
986 678 1119 723 saevi
1171 690 1451 724 execramur
1507 678 1681 726 Ulixis.
1758 692 1867 725 6666

173 752 401 812 pervenit
448 749 510 796 ad
560 766 668 798 eam
715 765 890 796 revera
938 765 1087 810 quam
1136 766 1186 797 56
1238 766 1295 798 ac
1350 767 1463 799 suos
1518 751 1900 815 gratulabatur·

174 826 411 884 evasisse,
467 824 564 871 fuit
611 825 743 871 enim
789 823 986 871 hostilis
1037 826 1085 870 et
1126 839 1251 884 quae
1290 824 1485 872 Ulixem
1525 825 1867 873 saevissimum

173 899 424 946 nutrisset.
501 913 612 946 mox
659 901 702 945 et
739 898 987 945 Leucatae
1033 898 1253 946 nimbosa
1300 901 1554 947 cacumina
1596 902 1772 947 montis
1812 903 1955 946 et275

106 989 148 1020 ιο
172 972 466 1033 formidatus
503 974 670 1020 nautis
710 973 930 1031 aperitur
967 969 1158 1031 Apollo.
1235 970 1391 1032 [hume
1420 975 1633 1032 petimus
1671 975 1788 1033 fessi
1827 977 1870 1021 et

164 1061 357 1106 parvae
409 1047 710 1094 succedimus
764 1047 897 1101 urbi,
953 1060 1135 1093 ancora
1182 1047 1240 1093 cle
1277 1061 1435 1105 prora
1484 1049 1684 1103 iacitur,
1738 1050 1869 1095 staut

173 1121 311 1167 litore
348 1118 586 1181 puppes]
660 1120 894 1167 videntur
938 1119 1059 1167 haec
1099 1135 1210 1167 cum
1250 1121 1419 1182 aliqua
1457 1122 1649 1169 ratione
1688 1123 1867 1183 posita,

174 1195 314 1256 quia,
364 1209 474 1241 cum
514 1196 644 1242 esset
681 1193 1012 1242 formidabilis
1050 1195 1238 1253 nautis,
1276 1195 1383 1242 illic
1422 1194 1647 1255 Troiani,
1685 1195 1865 1258 fatiga-

172 1268 324 1316 tionis
372 1268 666 1316 necessitate
718 1268 946 1330 conpulsi
991 1284 1104 1316 cum
1149 1271 1411 1330 ponerent,
1461 1271 1755 1330 oportunam
1793 1285 1866 1316 re-

107 1358 150 1391 15
173 1343 440 1390 sectionem
478 1342 773 1403 habuerunt,
811 1358 968 1404 usque
1008 1342 1129 1390 adeo
1169 1345 1227 1389 ut
1264 1343 1341 1390 his
1383 1346 1432 1390 et
1469 1343 1683 1390 facultas
1719 1344 1866 1390 sacri-

173 1416 355 1464 ficandi
386 1416 481 1464 diis
515 1418 793 1464 occurreret
825 1419 876 1464 et
906 1418 959 1463 in
989 1416 1227 1464 honorem
1257 1416 1523 1479 Apollinis,
1556 1418 1692 1464 cuius
1724 1419 1867 1465 tanta

170 1490 410 1538 beneficia
449 1490 748 1552 habuerunt,
787 1490 918 1538 ludis
961 1490 1241 1538 exercendis
1281 1491 1484 1538 daretur
1522 1492 1727 1538 occasio.
1794 1491 1866 1538 id-

173 1566 302 1612 circo
342 1565 512 1626 posuit
552 1579 660 1625 erqo
699 1567 953 1625 insperata
989 1566 1183 1613 taudem
1214 1565 1382 1613 tellure
1404 1567 1547 1624 potiti
1579 1564 1867 1613 lustramur-

172 1653 262 1699 que
277 1639 388 1686 Iovi
410 1641 625 1699 votisque
647 1640 951 1687 incendimus
975 1653 1094 1687 aras
1109 1637 1346 1698 Actiaque
1362 1639 1543 1687 Iliacis
1559 1639 1852 1686 celebramus
1870 1644 1955 1684 280

104 1729 148 1761 20
171 1714 318 1761 litora
348 1713 493 1761 ludis.
542 1711 578 1775 [
575 1717 790 1762 exercent
810 1715 1012 1774 patrias
1042 1714 1141 1760 oleo
1173 1713 1357 1761 labente
1379 1713 1663 1773 palaestras
1693 1714 1867 1760 nudati

170 1789 308 1843 socii,
355 1789 496 1835 iuvat
541 1789 750 1836 evasisse
795 1791 863 1835 tot
906 1788 1043 1835 urbis
1081 1786 1341 1848 Aryolicas
1386 1787 1658 1846 mediosque
1695 1787 1866 1847 fuyam

170 1863 379 1909 tenuisse
418 1877 512 1921 per
547 1860 725 1924 hostis]
734 1879 750 1910 .·
804 1861 993 1909 dictum
1032 1864 1107 1910 est
1143 1863 1245 1909 iam
1284 1876 1411 1923 quae
1450 1862 1600 1908 fuerit
1637 1860 1866 1908 ludorum

171 1950 333 1995 causa,
365 1935 487 1984 dicit
520 1952 716 1997 quoque
749 1937 935 1998 quales,
970 1952 1031 1983 ne
1065 1935 1125 1983 ob
1157 1936 1404 1982 luxuriem
1436 1936 1559 1983 facti
1588 1935 1866 1995 videantur,

32 2014 50 2078 3
171 2010 290 2071 quia
328 2010 474 2057 victis
514 2011 564 2058 et
601 2010 732 2057 male
771 2009 1207 2074 peregrinantibus
1246 2025 1347 2058 non
1386 2009 1692 2072 congruebat
1730 2024 1864 2056 exer-

32 2103 39 2139 ,ι
105 2099 147 2132 25
171 2098 278 2131 cere
318 2084 541 2146 vulgaris
583 2086 633 2131 et
669 2084 846 2146 turpis.
914 2100 1063 2132 causa
1101 2085 1259 2147 igitur
1290 2082 1695 2131 celebrandorum
1726 2082 1865 2130 ludo-

170 2174 279 2205 rum
325 2158 426 2205 fuit
473 2173 600 2219 quae
646 2161 722 2207 est
767 2158 1102 2207 sacrificandi:
1163 2159 1305 2204 iuvat
1353 2158 1565 2205 evasisse
1611 2159 1688 2205 tot
1726 2156 1864 2204 urbis

170 2231 432 2295 Argolicas
478 2231 764 2295 mediosque
813 2233 989 2297 fugam
1033 2233 1251 2280 tenuisse
1298 2247 1388 2293 per
1433 2230 1611 2290 hostis;
1675 2245 1732 2278 ac
1778 2246 1868 2291 per

170 2305 263 2354 1106
301 2307 620 2354 conservatae
661 2307 839 2355 salutis
879 2306 1153 2370 gratulatio
1192 2305 1304 2366 fuit,
1337 2305 1470 2366 quod
1499 2303 1697 2352 hostilis
1728 2304 1865 2352 urbis

170 2379 515 2442 magnitudine
538 2381 759 2442 potentis
785 2383 835 2427 et
866 2395 1011 2443 quam
1046 2380 1288 2441 plurimas
1319 2395 1524 2427 numero
1554 2379 1655 2426 tuti
1687 2379 1866 2427 securi-

36 2477 40 2498 »
104 2468 150 2502 ω
174 2469 267 2515 que
305 2455 615 2502 transissent.
691 2454 791 2517 ipsi
831 2470 1026 2516 quoque
1065 2453 1172 2500 ludi
1211 2453 1556 2501 convenientes
1601 2452 1721 2500 viris
1767 2452 1864 2500 for-

171 2525 328 2588 tibus,
383 2530 631 2589 exercent,
685 2528 874 2590 inquit,
928 2528 1120 2590 patrias
1176 2527 1283 2575 oleo
1338 2526 1535 2581 labente
1589 2525 1864 2588 palaestras

171 2600 348 2649 nudati
409 2602 544 2650 socii.
627 2603 680 2649 in
732 2602 822 2651 illo
877 2601 1157 2664 spectaculo
1219 2602 1423 2649 virtutis
1485 2602 1584 2648 fuit
1644 2599 1866 2660 artisque

293 2746 316 2785 1
357 2742 665 2799 duliciumque
698 2742 797 2787 LR.
849 2744 855 2799 Ι
911 2743 1120 2798 fameque
1157 2742 1212 2785 R.
1366 2746 1391 2785 6
1431 2742 1635 2785 ultricem
1674 2739 1772 2782 LR.
1947 2779 1951 2783 .

175 2804 230 2844 10
261 2801 455 2845 hunc—
474 2806 528 2846 12
556 2816 736 2859 puppes
768 2801 902 2845 deest
924 2801 974 2844 in
998 2801 1098 2855 LR,
1124 2801 1207 2845 sed
1231 2799 1503 2857 explicatur.
1600 2803 1654 2842 12
1685 2798 1866 2843 videtur

172 2858 260 2902 LR
291 2873 405 2904 corr.
438 2860 510 2904 ed.
680 2865 733 2904 15
766 2861 839 2905 his
867 2860 904 2903 L
934 2861 1007 2904 hic
1037 2859 1091 2904 R.
1256 2864 1312 2903 20
1345 2862 1619 2904 exercent—
1638 2862 1694 2900 22
1726 2858 1866 2901 hostis

173 2918 338 2962 addidi
377 2919 540 2963 eadem
580 2919 748 2964 ductus
779 2919 963 2964 ratione
994 2931 1087 2975 qua
1121 2925 1161 2974 1,
1186 2923 1256 2963 26.
1439 2922 1495 2962 23
1527 2917 1747 2961 luxoriem
1778 2914 1866 2959 LR

173 2978 402 3022 luxuriem
430 2993 455 3022 r
485 2979 624 3024 -riam
655 2979 728 3023 ed.
851 2983 906 3022 32
939 2980 1225 3035 eapectaculo
1255 2977 1310 3021 R.
