<?xml version="1.0" encoding="UTF-8"?>
<!DOCTYPE html PUBLIC "-//W3C//DTD XHTML 1.0 Transitional//EN"
    "http://www.w3.org/TR/xhtml1/DTD/xhtml1-transitional.dtd">
<html xmlns="http://www.w3.org/1999/xhtml" xml:lang="en" lang="en">
 <head>
  <title>
</title>
<meta http-equiv="Content-Type" content="text/html;charset=utf-8" />
  <meta name='ocr-system' content='tesseract 3.04.00' />
  <meta name='ocr-capabilities' content='ocr_page ocr_carea ocr_par ocr_line ocrx_word'/>
</head>
<body>
  <div class='ocr_page' id='page_1' title='image "./interpretationes01donauoft_0293.png"; bbox 0 0 2014 3226; ppageno 0'>
   <div class='ocr_carea' id='block_1_1' title="bbox 802 151 1840 205">
    <p class='ocr_par' dir='ltr' id='par_1_1' title="bbox 802 151 1840 205">
     <span class='ocr_line' id='line_1_1' title="bbox 802 151 1840 205; baseline -0.001 -11"><span class='ocrx_word' id='word_1_1' title='bbox 802 151 1106 195; x_wconf 78' lang='lat' dir='ltr'><strong>AENEIDos</strong></span> <span class='ocrx_word' id='word_1_2' title='bbox 1139 151 1180 194; x_wconf 92' lang='lat'><strong>11</strong></span> <span class='ocrx_word' id='word_1_3' title='bbox 1733 154 1840 205; x_wconf 81' lang='lat'><strong>243</strong></span> 
     </span>
    </p>
   </div>
   <div class='ocr_carea' id='block_1_2' title="bbox 30 291 1916 2499">
    <p class='ocr_par' dir='ltr' id='par_1_2' title="bbox 71 291 1846 1241">
     <span class='ocr_line' id='line_1_2' title="bbox 146 291 1843 352; baseline 0.001 -14"><span class='ocrx_word' id='word_1_4' title='bbox 146 293 188 338; x_wconf 78' lang='lat' dir='ltr'><strong>et</strong></span> <span class='ocrx_word' id='word_1_5' title='bbox 225 292 327 338; x_wconf 80' lang='lat' dir='ltr'><strong>iam</strong></span> <span class='ocrx_word' id='word_1_6' title='bbox 357 304 452 350; x_wconf 80' lang='lat' dir='ltr'><strong>per</strong></span> <span class='ocrx_word' id='word_1_7' title='bbox 489 292 680 337; x_wconf 76' lang='lat' dir='ltr'><strong>moenia</strong></span> <span class='ocrx_word' id='word_1_8' title='bbox 719 291 900 338; x_wconf 77' lang='lat' dir='ltr'><strong>clarior</strong></span> <span class='ocrx_word' id='word_1_9' title='bbox 942 293 1070 351; x_wconf 73' lang='lat' dir='ltr'><strong>iynis</strong></span> <span class='ocrx_word' id='word_1_10' title='bbox 1109 293 1312 339; x_wconf 75' lang='lat' dir='ltr'><em>auditur</em></span> <span class='ocrx_word' id='word_1_11' title='bbox 1342 294 1643 352; x_wconf 73' lang='lat' dir='ltr'><strong>propiusque</strong></span> <span class='ocrx_word' id='word_1_12' title='bbox 1683 297 1843 339; x_wconf 78' lang='lat' dir='ltr'><strong>aestus</strong></span> 
     </span>
     <span class='ocr_line' id='line_1_3' title="bbox 145 364 1842 426; baseline 0.001 -15"><span class='ocrx_word' id='word_1_13' title='bbox 145 364 373 411; x_wconf 73' lang='lat' dir='ltr'><strong>incendia</strong></span> <span class='ocrx_word' id='word_1_14' title='bbox 419 365 639 411; x_wconf 73' lang='lat' dir='ltr'><strong>volvunt:</strong></span> <span class='ocrx_word' id='word_1_15' title='bbox 701 364 822 411; x_wconf 90' lang='lat' dir='ltr'><strong>haec</strong></span> <span class='ocrx_word' id='word_1_16' title='bbox 869 365 1062 411; x_wconf 87' lang='lat' dir='ltr'><strong>locutus</strong></span> <span class='ocrx_word' id='word_1_17' title='bbox 1115 369 1188 413; x_wconf 86' lang='lat' dir='ltr'><strong>est</strong></span> <span class='ocrx_word' id='word_1_18' title='bbox 1242 368 1384 426; x_wconf 88' lang='lat' dir='ltr'><strong>pater</strong></span> <span class='ocrx_word' id='word_1_19' title='bbox 1437 381 1596 425; x_wconf 90' lang='lat' dir='ltr'><strong>meus,</strong></span> <span class='ocrx_word' id='word_1_20' title='bbox 1651 365 1734 412; x_wconf 87' lang='lat' dir='ltr'><strong>sed</strong></span> <span class='ocrx_word' id='word_1_21' title='bbox 1789 368 1842 413; x_wconf 91' lang='lat' dir='ltr'><strong>in</strong></span> 
     </span>
     <span class='ocr_line' id='line_1_4' title="bbox 148 437 1843 499; baseline 0.001 -14"><span class='ocrx_word' id='word_1_22' title='bbox 148 439 514 499; x_wconf 89' lang='lat' dir='ltr'><strong>apertissimum</strong></span> <span class='ocrx_word' id='word_1_23' title='bbox 554 437 816 485; x_wconf 83' lang='lat' dir='ltr'>discrimen</span> <span class='ocrx_word' id='word_1_24' title='bbox 856 440 1087 499; x_wconf 86' lang='lat' dir='ltr'><strong>venisset,</strong></span> <span class='ocrx_word' id='word_1_25' title='bbox 1127 440 1169 487; x_wconf 91' lang='lat' dir='ltr'><strong>si</strong></span> <span class='ocrx_word' id='word_1_26' title='bbox 1209 441 1440 488; x_wconf 76' lang='lat' dir='ltr'><strong>existeret</strong></span> <span class='ocrx_word' id='word_1_27' title='bbox 1470 439 1601 486; x_wconf 90' lang='lat' dir='ltr'><strong>filius</strong></span> <span class='ocrx_word' id='word_1_28' title='bbox 1633 440 1843 487; x_wconf 77' lang='lat' dir='ltr'><strong>ulterior</strong></span> 
     </span>
     <span class='ocr_line' id='line_1_5' title="bbox 144 512 1840 575; baseline 0.001 -17"><span class='ocrx_word' id='word_1_29' title='bbox 144 528 306 571; x_wconf 84' lang='lat' dir='ltr'><strong>mora3</strong></span> <span class='ocrx_word' id='word_1_30' title='bbox 367 528 484 558; x_wconf 88' lang='lat' dir='ltr'><strong>nam</strong></span> <span class='ocrx_word' id='word_1_31' title='bbox 532 513 885 573; x_wconf 83' lang='lat' dir='ltr'><strong>crepitantium</strong></span> <span class='ocrx_word' id='word_1_32' title='bbox 931 512 1243 559; x_wconf 90' lang='lat' dir='ltr'><strong>flammarum</strong></span> <span class='ocrx_word' id='word_1_33' title='bbox 1290 514 1442 561; x_wconf 87' lang='lat' dir='ltr'><strong>vicini</strong></span> <span class='ocrx_word' id='word_1_34' title='bbox 1488 515 1677 562; x_wconf 91' lang='lat' dir='ltr'><strong>sonitus</strong></span> <span class='ocrx_word' id='word_1_35' title='bbox 1732 529 1840 575; x_wconf 91' lang='lat' dir='ltr'><strong>per-</strong></span> 
     </span>
     <span class='ocr_line' id='line_1_6' title="bbox 98 584 1840 651; baseline -0.001 -16"><span class='ocrx_word' id='word_1_36' title='bbox 98 603 118 636; x_wconf 81' lang='lat'><strong>5</strong></span> <span class='ocrx_word' id='word_1_37' title='bbox 144 585 409 633; x_wconf 83' lang='lat' dir='ltr'><strong>veniebant</strong></span> <span class='ocrx_word' id='word_1_38' title='bbox 449 584 511 632; x_wconf 88' lang='lat' dir='ltr'><strong>ad</strong></span> <span class='ocrx_word' id='word_1_39' title='bbox 551 585 685 632; x_wconf 86' lang='lat' dir='ltr'><strong>auris</strong></span> <span class='ocrx_word' id='word_1_40' title='bbox 725 589 920 634; x_wconf 89' lang='lat' dir='ltr'><strong>nostras</strong></span> <span class='ocrx_word' id='word_1_41' title='bbox 962 589 1011 633; x_wconf 91' lang='lat' dir='ltr'><strong>et</strong></span> <span class='ocrx_word' id='word_1_42' title='bbox 1050 587 1216 634; x_wconf 88' lang='lat' dir='ltr'><strong>venire</strong></span> <span class='ocrx_word' id='word_1_43' title='bbox 1255 587 1486 634; x_wconf 90' lang='lat' dir='ltr'><strong>incendia</strong></span> <span class='ocrx_word' id='word_1_44' title='bbox 1525 589 1689 635; x_wconf 91' lang='lat' dir='ltr'><strong>aestus</strong></span> <span class='ocrx_word' id='word_1_45' title='bbox 1730 603 1840 651; x_wconf 88' lang='lat' dir='ltr'><strong>gra-</strong></span> 
     </span>
     <span class='ocr_line' id='line_1_7' title="bbox 144 659 1846 721; baseline 0.002 -16"><span class='ocrx_word' id='word_1_46' title='bbox 144 659 335 706; x_wconf 89' lang='lat' dir='ltr'><strong>vissimi</strong></span> <span class='ocrx_word' id='word_1_47' title='bbox 374 659 687 706; x_wconf 81' lang='lat' dir='ltr'><strong>nuntiabant.</strong></span> <span class='ocrx_word' id='word_1_48' title='bbox 767 674 876 720; x_wconf 70' lang='lat' dir='ltr'><strong>erqo</strong></span> <span class='ocrx_word' id='word_1_49' title='bbox 916 675 1017 720; x_wconf 72' lang='lat' dir='ltr'><strong>aye,</strong></span> <span class='ocrx_word' id='word_1_50' title='bbox 1058 675 1167 708; x_wconf 82' lang='lat' dir='ltr'><strong>care</strong></span> <span class='ocrx_word' id='word_1_51' title='bbox 1198 666 1357 720; x_wconf 74' lang='lat' dir='ltr'><strong>pater,</strong></span> <span class='ocrx_word' id='word_1_52' title='bbox 1397 663 1569 709; x_wconf 76' lang='lat' dir='ltr'><strong>cervici</strong></span> <span class='ocrx_word' id='word_1_53' title='bbox 1610 663 1846 721; x_wconf 75' lang='lat' dir='ltr'><strong>inponere</strong></span> 
     </span>
     <span class='ocr_line' id='line_1_8' title="bbox 137 734 1844 796; baseline 0.001 -16"><span class='ocrx_word' id='word_1_54' title='bbox 137 737 354 789; x_wconf 73' lang='lat' dir='ltr'><strong>nostrae,</strong></span> <span class='ocrx_word' id='word_1_55' title='bbox 408 735 513 792; x_wconf 75' lang='lat' dir='ltr'><strong>ipse</strong></span> <span class='ocrx_word' id='word_1_56' title='bbox 565 734 735 781; x_wconf 77' lang='lat' dir='ltr'><strong>subibo</strong></span> <span class='ocrx_word' id='word_1_57' title='bbox 791 737 974 782; x_wconf 74' lang='lat' dir='ltr'><strong>umeris</strong></span> <span class='ocrx_word' id='word_1_58' title='bbox 1023 749 1110 782; x_wconf 68' lang='lat' dir='ltr'><strong>ozee</strong></span> <span class='ocrx_word' id='word_1_59' title='bbox 1156 750 1230 782; x_wconf 81' lang='lat' dir='ltr'><strong>me</strong></span> <span class='ocrx_word' id='word_1_60' title='bbox 1276 736 1415 782; x_wconf 83' lang='lat' dir='ltr'><strong>labor</strong></span> <span class='ocrx_word' id='word_1_61' title='bbox 1459 737 1546 782; x_wconf 74' lang='lat' dir='ltr'><strong>iste</strong></span> <span class='ocrx_word' id='word_1_62' title='bbox 1589 736 1844 796; x_wconf 75' lang='lat' dir='ltr'><strong>yravabit:</strong></span> 
     </span>
     <span class='ocr_line' id='line_1_9' title="bbox 139 806 1841 870; baseline 0.001 -16"><span class='ocrx_word' id='word_1_63' title='bbox 139 823 229 869; x_wconf 88' lang='lat' dir='ltr'><strong>ego</strong></span> <span class='ocrx_word' id='word_1_64' title='bbox 280 822 394 854; x_wconf 93' lang='lat' dir='ltr'><strong>cum</strong></span> <span class='ocrx_word' id='word_1_65' title='bbox 442 806 662 855; x_wconf 88' lang='lat' dir='ltr'><strong>viderem</strong></span> <span class='ocrx_word' id='word_1_66' title='bbox 709 809 993 869; x_wconf 91' lang='lat' dir='ltr'><strong>propinqua</strong></span> <span class='ocrx_word' id='word_1_67' title='bbox 1039 809 1269 856; x_wconf 87' lang='lat' dir='ltr'><strong>incendia</strong></span> <span class='ocrx_word' id='word_1_68' title='bbox 1309 811 1359 856; x_wconf 93' lang='lat' dir='ltr'><strong>et</strong></span> <span class='ocrx_word' id='word_1_69' title='bbox 1397 811 1591 870; x_wconf 89' lang='lat' dir='ltr'><strong>patrem</strong></span> <span class='ocrx_word' id='word_1_70' title='bbox 1630 810 1714 856; x_wconf 87' lang='lat' dir='ltr'><strong>vix</strong></span> <span class='ocrx_word' id='word_1_71' title='bbox 1753 809 1841 856; x_wconf 87' lang='lat' dir='ltr'><strong>ad-</strong></span> 
     </span>
     <span class='ocr_line' id='line_1_10' title="bbox 139 882 1840 944; baseline 0 -15"><span class='ocrx_word' id='word_1_72' title='bbox 139 897 352 941; x_wconf 85' lang='lat' dir='ltr'><strong>sensum,</strong></span> <span class='ocrx_word' id='word_1_73' title='bbox 393 897 454 928; x_wconf 88' lang='lat' dir='ltr'><strong>ne</strong></span> <span class='ocrx_word' id='word_1_74' title='bbox 496 897 592 942; x_wconf 90' lang='lat' dir='ltr'><strong>quo</strong></span> <span class='ocrx_word' id='word_1_75' title='bbox 634 897 753 930; x_wconf 88' lang='lat' dir='ltr'><strong>casu</strong></span> <span class='ocrx_word' id='word_1_76' title='bbox 792 884 1010 929; x_wconf 91' lang='lat' dir='ltr'><strong>mutaret</strong></span> <span class='ocrx_word' id='word_1_77' title='bbox 1047 886 1248 944; x_wconf 91' lang='lat' dir='ltr'><strong>repente</strong></span> <span class='ocrx_word' id='word_1_78' title='bbox 1289 882 1608 943; x_wconf 84' lang='lat' dir='ltr'><strong>sententiam,</strong></span> <span class='ocrx_word' id='word_1_79' title='bbox 1649 883 1840 944; x_wconf 87' lang='lat' dir='ltr'><strong>arripui</strong></span> 
     </span>
     <span class='ocr_line' id='line_1_11' title="bbox 71 956 1839 1017; baseline -0.001 -11"><span class='ocrx_word' id='word_1_80' title='bbox 71 973 114 1006; x_wconf 89' lang='lat'><strong>10</strong></span> <span class='ocrx_word' id='word_1_81' title='bbox 140 958 369 1017; x_wconf 88' lang='lat' dir='ltr'><strong>optatum</strong></span> <span class='ocrx_word' id='word_1_82' title='bbox 413 956 635 1016; x_wconf 86' lang='lat' dir='ltr'><strong>tempus,</strong></span> <span class='ocrx_word' id='word_1_83' title='bbox 682 958 847 1017; x_wconf 88' lang='lat' dir='ltr'><strong>pater,</strong></span> <span class='ocrx_word' id='word_1_84' title='bbox 903 957 1136 1017; x_wconf 83' lang='lat' dir='ltr'><strong>inquam,</strong></span> <span class='ocrx_word' id='word_1_85' title='bbox 1190 973 1289 1004; x_wconf 91' lang='lat' dir='ltr'><strong>non</strong></span> <span class='ocrx_word' id='word_1_86' title='bbox 1336 956 1431 1004; x_wconf 91' lang='lat' dir='ltr'><strong>tibi</strong></span> <span class='ocrx_word' id='word_1_87' title='bbox 1477 956 1655 1004; x_wconf 86' lang='lat' dir='ltr'><strong>desunt</strong></span> <span class='ocrx_word' id='word_1_88' title='bbox 1700 973 1839 1004; x_wconf 89' lang='lat' dir='ltr'><strong>meae</strong></span> 
     </span>
     <span class='ocr_line' id='line_1_12' title="bbox 139 1028 1834 1092; baseline 0.001 -16"><span class='ocrx_word' id='word_1_89' title='bbox 139 1030 343 1077; x_wconf 86' lang='lat' dir='ltr'><strong>cervicis</strong></span> <span class='ocrx_word' id='word_1_90' title='bbox 384 1028 635 1090; x_wconf 87' lang='lat' dir='ltr'><strong>obsequia,</strong></span> <span class='ocrx_word' id='word_1_91' title='bbox 667 1031 769 1077; x_wconf 90' lang='lat' dir='ltr'><strong>iam</strong></span> <span class='ocrx_word' id='word_1_92' title='bbox 808 1031 1045 1091; x_wconf 87' lang='lat' dir='ltr'><strong>inponere</strong></span> <span class='ocrx_word' id='word_1_93' title='bbox 1084 1031 1265 1078; x_wconf 90' lang='lat' dir='ltr'><strong>umeris</strong></span> <span class='ocrx_word' id='word_1_94' title='bbox 1297 1032 1433 1091; x_wconf 90' lang='lat' dir='ltr'><strong>meis,</strong></span> <span class='ocrx_word' id='word_1_95' title='bbox 1466 1030 1657 1092; x_wconf 89' lang='lat' dir='ltr'><strong>pondus</strong></span> <span class='ocrx_word' id='word_1_96' title='bbox 1690 1032 1834 1078; x_wconf 90' lang='lat' dir='ltr'><strong>tuum</strong></span> 
     </span>
     <span class='ocr_line' id='line_1_13' title="bbox 137 1103 1832 1166; baseline 0.001 -16"><span class='ocrx_word' id='word_1_97' title='bbox 137 1103 342 1150; x_wconf 81' lang='lat' dir='ltr'><strong>deliciae</strong></span> <span class='ocrx_word' id='word_1_98' title='bbox 395 1119 534 1150; x_wconf 90' lang='lat' dir='ltr'><strong>meae</strong></span> <span class='ocrx_word' id='word_1_99' title='bbox 590 1106 724 1165; x_wconf 83' lang='lat' dir='ltr'><strong>sunt,</strong></span> <span class='ocrx_word' id='word_1_100' title='bbox 780 1105 931 1152; x_wconf 89' lang='lat' dir='ltr'><strong>faciet</strong></span> <span class='ocrx_word' id='word_1_101' title='bbox 980 1106 1141 1165; x_wconf 89' lang='lat' dir='ltr'><strong>pietas</strong></span> <span class='ocrx_word' id='word_1_102' title='bbox 1196 1106 1303 1152; x_wconf 90' lang='lat' dir='ltr'><strong>leve</strong></span> <span class='ocrx_word' id='word_1_103' title='bbox 1352 1104 1483 1166; x_wconf 91' lang='lat' dir='ltr'><strong>quod</strong></span> <span class='ocrx_word' id='word_1_104' title='bbox 1532 1106 1679 1165; x_wconf 90' lang='lat' dir='ltr'><strong>putas</strong></span> <span class='ocrx_word' id='word_1_105' title='bbox 1729 1120 1832 1152; x_wconf 88' lang='lat' dir='ltr'><strong>esse</strong></span> 
     </span>
     <span class='ocr_line' id='line_1_14' title="bbox 137 1178 1829 1241; baseline -0.001 -16"><span class='ocrx_word' id='word_1_106' title='bbox 137 1179 508 1241; x_wconf 84' lang='lat' dir='ltr'><strong>gravissimum,</strong></span> <span class='ocrx_word' id='word_1_107' title='bbox 563 1179 810 1226; x_wconf 80' lang='lat' dir='ltr'><strong>sarcinam</strong></span> <span class='ocrx_word' id='word_1_108' title='bbox 862 1180 1003 1226; x_wconf 87' lang='lat' dir='ltr'><strong>tuam</strong></span> <span class='ocrx_word' id='word_1_109' title='bbox 1054 1178 1265 1226; x_wconf 88' lang='lat' dir='ltr'><strong>libenter</strong></span> <span class='ocrx_word' id='word_1_110' title='bbox 1309 1178 1544 1226; x_wconf 88' lang='lat' dir='ltr'><strong>tolerabit</strong></span> <span class='ocrx_word' id='word_1_111' title='bbox 1592 1178 1829 1226; x_wconf 84' lang='lat' dir='ltr'><strong>adfectus.</strong></span> 
     </span>
    </p>

    <p class='ocr_par' dir='ltr' id='par_1_3' title="bbox 30 1253 1916 2499">
     <span class='ocr_line' id='line_1_15' title="bbox 30 1253 1916 1314; baseline -0.002 -16"><span class='ocrx_word' id='word_1_112' title='bbox 30 1310 38 1314; x_wconf 36' lang='grc'><strong>,</strong></span> <span class='ocrx_word' id='word_1_113' title='bbox 136 1267 292 1298; x_wconf 77' lang='lat' dir='ltr'><strong>unum</strong></span> <span class='ocrx_word' id='word_1_114' title='bbox 331 1255 374 1299; x_wconf 78' lang='lat' dir='ltr'><strong>et</strong></span> <span class='ocrx_word' id='word_1_115' title='bbox 412 1266 660 1299; x_wconf 77' lang='lat' dir='ltr'><strong>commune</strong></span> <span class='ocrx_word' id='word_1_116' title='bbox 690 1253 948 1311; x_wconf 74' lang='lat' dir='ltr'><strong>periclum,</strong></span> <span class='ocrx_word' id='word_1_117' title='bbox 987 1268 1091 1299; x_wconf 71' lang='lat' dir='ltr'><strong>una</strong></span> <span class='ocrx_word' id='word_1_118' title='bbox 1127 1253 1265 1300; x_wconf 79' lang='lat' dir='ltr'><strong>salus</strong></span> <span class='ocrx_word' id='word_1_119' title='bbox 1304 1253 1535 1300; x_wconf 77' lang='lat' dir='ltr'><strong>ambobus</strong></span> <span class='ocrx_word' id='word_1_120' title='bbox 1575 1254 1686 1300; x_wconf 77' lang='lat' dir='ltr'><strong>erit:</strong></span> <span class='ocrx_word' id='word_1_121' title='bbox 1724 1254 1811 1299; x_wconf 90' lang='lat' dir='ltr'><strong>aut</strong></span> <span class='ocrx_word' id='word_1_122' title='bbox 1831 1256 1916 1296; x_wconf 82' lang='lat'><strong>710</strong></span> 
     </span>
     <span class='ocr_line' id='line_1_16' title="bbox 70 1325 1839 1388; baseline -0.001 -12"><span class='ocrx_word' id='word_1_123' title='bbox 70 1342 112 1376; x_wconf 82' lang='lat'><strong>15</strong></span> <span class='ocrx_word' id='word_1_124' title='bbox 136 1326 358 1387; x_wconf 89' lang='lat' dir='ltr'><strong>utrisque</strong></span> <span class='ocrx_word' id='word_1_125' title='bbox 398 1327 656 1387; x_wconf 84' lang='lat' dir='ltr'><strong>proveniet</strong></span> <span class='ocrx_word' id='word_1_126' title='bbox 696 1327 829 1374; x_wconf 90' lang='lat' dir='ltr'><strong>salus</strong></span> <span class='ocrx_word' id='word_1_127' title='bbox 872 1328 962 1374; x_wconf 92' lang='lat' dir='ltr'><strong>aut</strong></span> <span class='ocrx_word' id='word_1_128' title='bbox 1001 1329 1242 1388; x_wconf 90' lang='lat' dir='ltr'><strong>utrosque</strong></span> <span class='ocrx_word' id='word_1_129' title='bbox 1282 1326 1392 1374; x_wconf 87' lang='lat' dir='ltr'><strong>finis</strong></span> <span class='ocrx_word' id='word_1_130' title='bbox 1425 1325 1655 1373; x_wconf 85' lang='lat' dir='ltr'><strong>inveniet.</strong></span> <span class='ocrx_word' id='word_1_131' title='bbox 1718 1327 1839 1374; x_wconf 70' lang='lat' dir='ltr'><strong>mihi</strong></span> 
     </span>
     <span class='ocr_line' id='line_1_17' title="bbox 134 1400 1828 1460; baseline 0.001 -14"><span class='ocrx_word' id='word_1_132' title='bbox 134 1400 267 1446; x_wconf 78' lang='lat' dir='ltr'><strong>solus</strong></span> <span class='ocrx_word' id='word_1_133' title='bbox 320 1400 466 1446; x_wconf 75' lang='lat' dir='ltr'><strong>Iulus</strong></span> <span class='ocrx_word' id='word_1_134' title='bbox 526 1402 592 1447; x_wconf 76' lang='lat' dir='ltr'><strong>sit</strong></span> <span class='ocrx_word' id='word_1_135' title='bbox 643 1414 795 1448; x_wconf 79' lang='lat' dir='ltr'><strong>comes</strong></span> <span class='ocrx_word' id='word_1_136' title='bbox 851 1404 894 1448; x_wconf 77' lang='lat' dir='ltr'><strong>et</strong></span> <span class='ocrx_word' id='word_1_137' title='bbox 946 1401 1083 1460; x_wconf 73' lang='lat' dir='ltr'><strong>lonye</strong></span> <span class='ocrx_word' id='word_1_138' title='bbox 1135 1404 1289 1449; x_wconf 76' lang='lat' dir='ltr'><strong>servet</strong></span> <span class='ocrx_word' id='word_1_139' title='bbox 1339 1402 1542 1460; x_wconf 72' lang='lat' dir='ltr'><strong>vestiyia</strong></span> <span class='ocrx_word' id='word_1_140' title='bbox 1595 1402 1828 1447; x_wconf 75' lang='lat' dir='ltr'><strong>coniunx:</strong></span> 
     </span>
     <span class='ocr_line' id='line_1_18' title="bbox 136 1473 1829 1536; baseline 0.001 -17"><span class='ocrx_word' id='word_1_141' title='bbox 136 1473 365 1520; x_wconf 87' lang='lat' dir='ltr'><strong>omnibus</strong></span> <span class='ocrx_word' id='word_1_142' title='bbox 413 1489 539 1534; x_wconf 89' lang='lat' dir='ltr'><strong>quae</strong></span> <span class='ocrx_word' id='word_1_143' title='bbox 587 1474 826 1522; x_wconf 91' lang='lat' dir='ltr'><strong>obiectari</strong></span> <span class='ocrx_word' id='word_1_144' title='bbox 870 1478 1072 1536; x_wconf 89' lang='lat' dir='ltr'><strong>possent</strong></span> <span class='ocrx_word' id='word_1_145' title='bbox 1125 1475 1259 1522; x_wconf 85' lang='lat' dir='ltr'><strong>ultro</strong></span> <span class='ocrx_word' id='word_1_146' title='bbox 1314 1474 1582 1536; x_wconf 84' lang='lat' dir='ltr'><strong>respondit.</strong></span> <span class='ocrx_word' id='word_1_147' title='bbox 1659 1474 1829 1535; x_wconf 87' lang='lat' dir='ltr'><strong>potuit</strong></span> 
     </span>
     <span class='ocr_line' id='line_1_19' title="bbox 137 1547 1829 1612; baseline 0 -18"><span class='ocrx_word' id='word_1_148' title='bbox 137 1549 268 1595; x_wconf 90' lang='lat' dir='ltr'><strong>enim</strong></span> <span class='ocrx_word' id='word_1_149' title='bbox 300 1547 461 1594; x_wconf 90' lang='lat' dir='ltr'><strong>dicere</strong></span> <span class='ocrx_word' id='word_1_150' title='bbox 490 1547 731 1596; x_wconf 88' lang='lat' dir='ltr'><strong>Anchises</strong></span> <span class='ocrx_word' id='word_1_151' title='bbox 765 1549 1011 1610; x_wconf 90' lang='lat' dir='ltr'><strong>quomodo</strong></span> <span class='ocrx_word' id='word_1_152' title='bbox 1044 1548 1237 1612; x_wconf 84' lang='lat' dir='ltr'><strong>fugiam</strong></span> <span class='ocrx_word' id='word_1_153' title='bbox 1268 1550 1318 1596; x_wconf 92' lang='lat' dir='ltr'><strong>et</strong></span> <span class='ocrx_word' id='word_1_154' title='bbox 1350 1550 1546 1596; x_wconf 89' lang='lat' dir='ltr'><strong>senecta</strong></span> <span class='ocrx_word' id='word_1_155' title='bbox 1576 1547 1829 1609; x_wconf 82' lang='lat' dir='ltr'><strong>inpeditus</strong></span> 
     </span>
     <span class='ocr_line' id='line_1_20' title="bbox 135 1621 1828 1685; baseline 0.001 -16"><span class='ocrx_word' id='word_1_156' title='bbox 135 1623 185 1669; x_wconf 92' lang='lat' dir='ltr'><strong>et</strong></span> <span class='ocrx_word' id='word_1_157' title='bbox 231 1623 448 1683; x_wconf 89' lang='lat' dir='ltr'><strong>corporis</strong></span> <span class='ocrx_word' id='word_1_158' title='bbox 504 1621 686 1670; x_wconf 78' lang='lat' dir='ltr'><strong>causa?</strong></span> <span class='ocrx_word' id='word_1_159' title='bbox 740 1623 856 1670; x_wconf 89' lang='lat' dir='ltr'><strong>huic</strong></span> <span class='ocrx_word' id='word_1_160' title='bbox 908 1625 1040 1670; x_wconf 89' lang='lat' dir='ltr'><strong>recte</strong></span> <span class='ocrx_word' id='word_1_161' title='bbox 1093 1622 1348 1684; x_wconf 88' lang='lat' dir='ltr'><strong>respondit</strong></span> <span class='ocrx_word' id='word_1_162' title='bbox 1402 1637 1491 1685; x_wconf 86' lang='lat' dir='ltr'><strong>ego</strong></span> <span class='ocrx_word' id='word_1_163' title='bbox 1545 1624 1594 1668; x_wconf 90' lang='lat' dir='ltr'><strong>te</strong></span> <span class='ocrx_word' id='word_1_164' title='bbox 1645 1623 1828 1670; x_wconf 89' lang='lat' dir='ltr'><strong>umeris</strong></span> 
     </span>
     <span class='ocr_line' id='line_1_21' title="bbox 69 1695 1830 1760; baseline -0.002 -14"><span class='ocrx_word' id='word_1_165' title='bbox 69 1713 113 1746; x_wconf 70' lang='lat' dir='ltr'><strong>no</strong></span> <span class='ocrx_word' id='word_1_166' title='bbox 133 1695 255 1743; x_wconf 90' lang='lat' dir='ltr'><strong>meis</strong></span> <span class='ocrx_word' id='word_1_167' title='bbox 304 1697 475 1743; x_wconf 87' lang='lat' dir='ltr'><strong>feram.</strong></span> <span class='ocrx_word' id='word_1_168' title='bbox 553 1698 720 1758; x_wconf 89' lang='lat' dir='ltr'><strong>potuit</strong></span> <span class='ocrx_word' id='word_1_169' title='bbox 766 1697 866 1744; x_wconf 90' lang='lat' dir='ltr'><strong>dici</strong></span> <span class='ocrx_word' id='word_1_170' title='bbox 911 1713 972 1744; x_wconf 92' lang='lat' dir='ltr'><strong>ne</strong></span> <span class='ocrx_word' id='word_1_171' title='bbox 1018 1698 1069 1745; x_wconf 91' lang='lat' dir='ltr'><strong>te</strong></span> <span class='ocrx_word' id='word_1_172' title='bbox 1115 1698 1292 1760; x_wconf 89' lang='lat' dir='ltr'><strong>gravet</strong></span> <span class='ocrx_word' id='word_1_173' title='bbox 1338 1711 1459 1744; x_wconf 93' lang='lat' dir='ltr'><strong>onus</strong></span> <span class='ocrx_word' id='word_1_174' title='bbox 1506 1711 1692 1743; x_wconf 86' lang='lat' dir='ltr'><strong>meum:</strong></span> <span class='ocrx_word' id='word_1_175' title='bbox 1755 1697 1830 1742; x_wconf 89' lang='lat' dir='ltr'><strong>ait</strong></span> 
     </span>
     <span class='ocr_line' id='line_1_22' title="bbox 135 1768 1827 1835; baseline 0.001 -19"><span class='ocrx_word' id='word_1_176' title='bbox 135 1785 280 1818; x_wconf 90' lang='lat' dir='ltr'><strong>onere</strong></span> <span class='ocrx_word' id='word_1_177' title='bbox 318 1771 395 1817; x_wconf 83' lang='lat' dir='ltr'><strong>tui</strong></span> <span class='ocrx_word' id='word_1_178' title='bbox 435 1772 655 1832; x_wconf 90' lang='lat' dir='ltr'><strong>corporis</strong></span> <span class='ocrx_word' id='word_1_179' title='bbox 695 1787 795 1820; x_wconf 89' lang='lat' dir='ltr'><strong>non</strong></span> <span class='ocrx_word' id='word_1_180' title='bbox 835 1771 1093 1835; x_wconf 86' lang='lat' dir='ltr'><strong>gravabor.</strong></span> <span class='ocrx_word' id='word_1_181' title='bbox 1171 1771 1338 1832; x_wconf 90' lang='lat' dir='ltr'><strong>potuit</strong></span> <span class='ocrx_word' id='word_1_182' title='bbox 1367 1769 1476 1817; x_wconf 85' lang='lat' dir='ltr'><strong>dici</strong></span> <span class='ocrx_word' id='word_1_183' title='bbox 1515 1768 1636 1830; x_wconf 91' lang='lat' dir='ltr'><strong>quid</strong></span> <span class='ocrx_word' id='word_1_184' title='bbox 1673 1769 1827 1817; x_wconf 85' lang='lat' dir='ltr'><strong>facies</strong></span> 
     </span>
     <span class='ocr_line' id='line_1_23' title="bbox 134 1842 1826 1906; baseline -0.001 -15"><span class='ocrx_word' id='word_1_185' title='bbox 134 1842 236 1891; x_wconf 91' lang='lat' dir='ltr'><strong>filio</strong></span> <span class='ocrx_word' id='word_1_186' title='bbox 274 1842 519 1905; x_wconf 77' lang='lat' dir='ltr'><strong>parvulo?</strong></span> <span class='ocrx_word' id='word_1_187' title='bbox 559 1844 680 1906; x_wconf 91' lang='lat' dir='ltr'><strong>quid</strong></span> <span class='ocrx_word' id='word_1_188' title='bbox 711 1845 862 1892; x_wconf 89' lang='lat' dir='ltr'><strong>facies</strong></span> <span class='ocrx_word' id='word_1_189' title='bbox 894 1843 1069 1892; x_wconf 74' lang='lat' dir='ltr'><strong>uxori?</strong></span> <span class='ocrx_word' id='word_1_190' title='bbox 1119 1844 1317 1906; x_wconf 80' lang='lat' dir='ltr'><strong>iuvabo,</strong></span> <span class='ocrx_word' id='word_1_191' title='bbox 1351 1844 1436 1903; x_wconf 91' lang='lat' dir='ltr'><strong>ait,</strong></span> <span class='ocrx_word' id='word_1_192' title='bbox 1467 1842 1629 1890; x_wconf 89' lang='lat' dir='ltr'><strong>filium</strong></span> <span class='ocrx_word' id='word_1_193' title='bbox 1660 1858 1826 1890; x_wconf 90' lang='lat' dir='ltr'><strong>meum</strong></span> 
     </span>
     <span class='ocr_line' id='line_1_24' title="bbox 135 1918 1827 1981; baseline -0.001 -16"><span class='ocrx_word' id='word_1_194' title='bbox 135 1919 377 1966; x_wconf 85' lang='lat' dir='ltr'><strong>comitatu</strong></span> <span class='ocrx_word' id='word_1_195' title='bbox 414 1934 522 1966; x_wconf 93' lang='lat' dir='ltr'><strong>meo</strong></span> <span class='ocrx_word' id='word_1_196' title='bbox 557 1921 606 1966; x_wconf 92' lang='lat' dir='ltr'><strong>et</strong></span> <span class='ocrx_word' id='word_1_197' title='bbox 637 1919 825 1968; x_wconf 89' lang='lat' dir='ltr'><strong>auxilio</strong></span> <span class='ocrx_word' id='word_1_198' title='bbox 865 1918 1094 1966; x_wconf 84' lang='lat' dir='ltr'><strong>dexterae</strong></span> <span class='ocrx_word' id='word_1_199' title='bbox 1125 1934 1279 1979; x_wconf 87' lang='lat' dir='ltr'><strong>meae,</strong></span> <span class='ocrx_word' id='word_1_200' title='bbox 1310 1933 1433 1965; x_wconf 91' lang='lat' dir='ltr'><strong>uxor</strong></span> <span class='ocrx_word' id='word_1_201' title='bbox 1465 1932 1658 1981; x_wconf 86' lang='lat' dir='ltr'><strong>gressus</strong></span> <span class='ocrx_word' id='word_1_202' title='bbox 1690 1933 1827 1965; x_wconf 91' lang='lat' dir='ltr'><strong>meos</strong></span> 
     </span>
     <span class='ocr_line' id='line_1_25' title="bbox 133 1992 1828 2055; baseline -0.001 -16"><span class='ocrx_word' id='word_1_203' title='bbox 133 1992 443 2055; x_wconf 86' lang='lat' dir='ltr'><strong>vestigiaque</strong></span> <span class='ocrx_word' id='word_1_204' title='bbox 483 1992 767 2041; x_wconf 88' lang='lat' dir='ltr'><strong>sectabitur.</strong></span> <span class='ocrx_word' id='word_1_205' title='bbox 836 1992 971 2055; x_wconf 92' lang='lat' dir='ltr'><strong>quod</strong></span> <span class='ocrx_word' id='word_1_206' title='bbox 1010 1994 1084 2041; x_wconf 90' lang='lat' dir='ltr'><strong>ait</strong></span> <span class='ocrx_word' id='word_1_207' title='bbox 1123 1993 1256 2040; x_wconf 91' lang='lat' dir='ltr'><strong>solus</strong></span> <span class='ocrx_word' id='word_1_208' title='bbox 1294 1993 1432 2039; x_wconf 90' lang='lat' dir='ltr'><strong>Iulus</strong></span> <span class='ocrx_word' id='word_1_209' title='bbox 1472 1992 1538 2039; x_wconf 90' lang='lat' dir='ltr'><strong>sit</strong></span> <span class='ocrx_word' id='word_1_210' title='bbox 1577 2005 1739 2038; x_wconf 90' lang='lat' dir='ltr'><strong>comes</strong></span> <span class='ocrx_word' id='word_1_211' title='bbox 1779 1994 1828 2039; x_wconf 88' lang='lat' dir='ltr'><strong>et</strong></span> 
     </span>
     <span class='ocr_line' id='line_1_26' title="bbox 69 2064 1829 2130; baseline -0.002 -14"><span class='ocrx_word' id='word_1_212' title='bbox 69 2081 111 2116; x_wconf 68' lang='grc' dir='ltr'><strong>ιδ</strong></span> <span class='ocrx_word' id='word_1_213' title='bbox 133 2065 279 2129; x_wconf 89' lang='lat' dir='ltr'><strong>longe</strong></span> <span class='ocrx_word' id='word_1_214' title='bbox 320 2068 482 2114; x_wconf 86' lang='lat' dir='ltr'><strong>servet</strong></span> <span class='ocrx_word' id='word_1_215' title='bbox 518 2067 734 2130; x_wconf 85' lang='lat' dir='ltr'><strong>vestigia</strong></span> <span class='ocrx_word' id='word_1_216' title='bbox 773 2068 1002 2127; x_wconf 86' lang='lat' dir='ltr'><strong>coniunx,</strong></span> <span class='ocrx_word' id='word_1_217' title='bbox 1042 2067 1238 2115; x_wconf 89' lang='lat' dir='ltr'><strong>consilii</strong></span> <span class='ocrx_word' id='word_1_218' title='bbox 1267 2066 1380 2126; x_wconf 88' lang='lat' dir='ltr'><strong>fuit,</strong></span> <span class='ocrx_word' id='word_1_219' title='bbox 1411 2067 1468 2113; x_wconf 93' lang='lat' dir='ltr'><strong>ut</strong></span> <span class='ocrx_word' id='word_1_220' title='bbox 1498 2066 1658 2113; x_wconf 90' lang='lat' dir='ltr'><strong>tutior</strong></span> <span class='ocrx_word' id='word_1_221' title='bbox 1688 2064 1829 2113; x_wconf 90' lang='lat' dir='ltr'><strong>fieret</strong></span> 
     </span>
     <span class='ocr_line' id='line_1_27' title="bbox 133 2139 1829 2204; baseline 0 -18"><span class='ocrx_word' id='word_1_222' title='bbox 133 2139 275 2203; x_wconf 84' lang='lat' dir='ltr'><strong>fuga3</strong></span> <span class='ocrx_word' id='word_1_223' title='bbox 329 2141 372 2187; x_wconf 90' lang='lat' dir='ltr'><strong>si</strong></span> <span class='ocrx_word' id='word_1_224' title='bbox 418 2141 550 2188; x_wconf 92' lang='lat' dir='ltr'><strong>enim</strong></span> <span class='ocrx_word' id='word_1_225' title='bbox 595 2141 800 2203; x_wconf 88' lang='lat' dir='ltr'><strong>plurimi</strong></span> <span class='ocrx_word' id='word_1_226' title='bbox 846 2142 1286 2204; x_wconf 86' lang='lat' dir='ltr'><strong>congregarentur,</strong></span> <span class='ocrx_word' id='word_1_227' title='bbox 1333 2156 1432 2188; x_wconf 94' lang='lat' dir='ltr'><strong>non</strong></span> <span class='ocrx_word' id='word_1_228' title='bbox 1479 2139 1627 2187; x_wconf 84' lang='lat' dir='ltr'><strong>facile</strong></span> <span class='ocrx_word' id='word_1_229' title='bbox 1672 2139 1829 2186; x_wconf 89' lang='lat' dir='ltr'><strong>latere</strong></span> 
     </span>
     <span class='ocr_line' id='line_1_28' title="bbox 133 2212 1827 2277; baseline -0.001 -16"><span class='ocrx_word' id='word_1_230' title='bbox 133 2215 426 2275; x_wconf 77' lang='lat' dir='ltr'><strong>potuissent.</strong></span> <span class='ocrx_word' id='word_1_231' title='bbox 487 2230 660 2262; x_wconf 89' lang='lat' dir='ltr'><strong>verum</strong></span> <span class='ocrx_word' id='word_1_232' title='bbox 699 2217 819 2277; x_wconf 91' lang='lat' dir='ltr'><strong>quia</strong></span> <span class='ocrx_word' id='word_1_233' title='bbox 851 2217 902 2262; x_wconf 92' lang='lat' dir='ltr'><strong>et</strong></span> <span class='ocrx_word' id='word_1_234' title='bbox 933 2215 1034 2263; x_wconf 91' lang='lat' dir='ltr'><strong>suis</strong></span> <span class='ocrx_word' id='word_1_235' title='bbox 1067 2214 1318 2263; x_wconf 89' lang='lat' dir='ltr'><strong>consulere</strong></span> <span class='ocrx_word' id='word_1_236' title='bbox 1352 2212 1535 2274; x_wconf 85' lang='lat' dir='ltr'><strong>debuit,</strong></span> <span class='ocrx_word' id='word_1_237' title='bbox 1569 2212 1657 2260; x_wconf 90' lang='lat' dir='ltr'><strong>dat</strong></span> <span class='ocrx_word' id='word_1_238' title='bbox 1688 2228 1827 2260; x_wconf 86' lang='lat' dir='ltr'><strong>man-</strong></span> 
     </span>
     <span class='ocr_line' id='line_1_29' title="bbox 70 2286 1827 2350; baseline -0.001 -15"><span class='ocrx_word' id='word_1_239' title='bbox 70 2319 73 2322; x_wconf 91' lang='lat'>·</span> <span class='ocrx_word' id='word_1_240' title='bbox 135 2286 273 2350; x_wconf 82' lang='lat' dir='ltr'><strong>data,</strong></span> <span class='ocrx_word' id='word_1_241' title='bbox 325 2290 384 2335; x_wconf 95' lang='lat' dir='ltr'><strong>ut</strong></span> <span class='ocrx_word' id='word_1_242' title='bbox 435 2288 636 2336; x_wconf 84' lang='lat' dir='ltr'><strong>discreti</strong></span> <span class='ocrx_word' id='word_1_243' title='bbox 689 2289 871 2337; x_wconf 87' lang='lat' dir='ltr'><strong>abeant</strong></span> <span class='ocrx_word' id='word_1_244' title='bbox 924 2288 1115 2350; x_wconf 90' lang='lat' dir='ltr'><strong>sibique</strong></span> <span class='ocrx_word' id='word_1_245' title='bbox 1171 2290 1432 2336; x_wconf 89' lang='lat' dir='ltr'><strong>occurrant</strong></span> <span class='ocrx_word' id='word_1_246' title='bbox 1478 2301 1536 2334; x_wconf 89' lang='lat' dir='ltr'><strong>ac</strong></span> <span class='ocrx_word' id='word_1_247' title='bbox 1582 2303 1644 2334; x_wconf 89' lang='lat' dir='ltr'><strong>ne</strong></span> <span class='ocrx_word' id='word_1_248' title='bbox 1699 2286 1827 2334; x_wconf 85' lang='lat' dir='ltr'><strong>forte</strong></span> 
     </span>
     <span class='ocr_line' id='line_1_30' title="bbox 135 2359 1828 2426; baseline -0.001 -18"><span class='ocrx_word' id='word_1_249' title='bbox 135 2376 296 2409; x_wconf 88' lang='lat' dir='ltr'><strong>errore</strong></span> <span class='ocrx_word' id='word_1_250' title='bbox 336 2361 472 2410; x_wconf 90' lang='lat' dir='ltr'><strong>ducti</strong></span> <span class='ocrx_word' id='word_1_251' title='bbox 511 2362 750 2410; x_wconf 88' lang='lat' dir='ltr'><strong>aliorsum</strong></span> <span class='ocrx_word' id='word_1_252' title='bbox 787 2362 1046 2411; x_wconf 88' lang='lat' dir='ltr'><strong>tenderent</strong></span> <span class='ocrx_word' id='word_1_253' title='bbox 1084 2377 1329 2426; x_wconf 89' lang='lat' dir='ltr'><strong>gressum,</strong></span> <span class='ocrx_word' id='word_1_254' title='bbox 1374 2362 1463 2409; x_wconf 91' lang='lat' dir='ltr'><strong>hos</strong></span> <span class='ocrx_word' id='word_1_255' title='bbox 1507 2359 1828 2408; x_wconf 84' lang='lat' dir='ltr'><strong>evidentiori-</strong></span> 
     </span>
     <span class='ocr_line' id='line_1_31' title="bbox 68 2433 1828 2499; baseline -0.001 -15"><span class='ocrx_word' id='word_1_256' title='bbox 68 2450 114 2484; x_wconf 73' lang='grc' dir='ltr'><strong><em>ω</em></strong></span> <span class='ocrx_word' id='word_1_257' title='bbox 133 2433 224 2483; x_wconf 89' lang='lat' dir='ltr'><strong>bus</strong></span> <span class='ocrx_word' id='word_1_258' title='bbox 268 2437 545 2499; x_wconf 82' lang='lat' dir='ltr'><strong>praeceptis</strong></span> <span class='ocrx_word' id='word_1_259' title='bbox 584 2437 843 2497; x_wconf 88' lang='lat' dir='ltr'><strong>instruxit,</strong></span> <span class='ocrx_word' id='word_1_260' title='bbox 889 2451 996 2493; x_wconf 83' lang='lat' dir='ltr'><strong>vos,</strong></span> <span class='ocrx_word' id='word_1_261' title='bbox 1034 2435 1224 2498; x_wconf 89' lang='lat' dir='ltr'><strong>inquit,</strong></span> <span class='ocrx_word' id='word_1_262' title='bbox 1262 2436 1464 2496; x_wconf 78' lang='lat' dir='ltr'><strong>famuli,</strong></span> <span class='ocrx_word' id='word_1_263' title='bbox 1504 2449 1627 2495; x_wconf 80' lang='lat' dir='ltr'><strong>quae</strong></span> <span class='ocrx_word' id='word_1_264' title='bbox 1666 2434 1828 2482; x_wconf 83' lang='lat' dir='ltr'><strong>dicam</strong></span> 
     </span>
    </p>
   </div>
   <div class='ocr_carea' id='block_1_3' title="bbox 138 2544 491 2550">
    <p class='ocr_par' dir='ltr' id='par_1_4' title="bbox 138 2544 491 2550">
     <span class='ocr_line' id='line_1_32' title="bbox 138 2544 491 2550; baseline 0 0"><span class='ocrx_word' id='word_1_265' title='bbox 138 2544 491 2550; x_wconf 95' lang='lat' dir='ltr'><strong> </strong></span> 
     </span>
    </p>
   </div>
   <div class='ocr_carea' id='block_1_4' title="bbox 25 2579 1830 3006">
    <p class='ocr_par' dir='ltr' id='par_1_5' title="bbox 25 2579 1830 2708">
     <span class='ocr_line' id='line_1_33' title="bbox 25 2579 1830 2708; baseline -0.001 -60"><span class='ocrx_word' id='word_1_266' title='bbox 25 2579 47 2708; x_wconf 59' lang='grc' dir='ltr'><strong>ξ</strong></span> <span class='ocrx_word' id='word_1_267' title='bbox 256 2610 282 2648; x_wconf 80' lang='grc'>3</span> <span class='ocrx_word' id='word_1_268' title='bbox 312 2606 439 2661; x_wconf 70' lang='lat' dir='ltr'><strong>filius</strong></span> <span class='ocrx_word' id='word_1_269' title='bbox 469 2606 504 2649; x_wconf 91' lang='lat' dir='ltr'>L</span> <span class='ocrx_word' id='word_1_270' title='bbox 542 2607 664 2662; x_wconf 72' lang='lat' dir='ltr'><strong>filios</strong></span> <span class='ocrx_word' id='word_1_271' title='bbox 693 2606 736 2650; x_wconf 90' lang='lat' dir='ltr'><strong>R</strong></span> <span class='ocrx_word' id='word_1_272' title='bbox 774 2607 872 2662; x_wconf 73' lang='lat' dir='ltr'><strong>filio</strong></span> <span class='ocrx_word' id='word_1_273' title='bbox 902 2621 926 2650; x_wconf 94' lang='lat' dir='ltr'><strong>r</strong></span> <span class='ocrx_word' id='word_1_274' title='bbox 962 2606 1054 2661; x_wconf 75' lang='lat' dir='ltr'><strong>filii</strong></span> <span class='ocrx_word' id='word_1_275' title='bbox 1083 2606 1155 2650; x_wconf 89' lang='lat' dir='ltr'><strong>ed.</strong></span> <span class='ocrx_word' id='word_1_276' title='bbox 1326 2610 1380 2649; x_wconf 81' lang='lat'><strong>14</strong></span> <span class='ocrx_word' id='word_1_277' title='bbox 1419 2618 1507 2661; x_wconf 77' lang='lat' dir='ltr'><strong>quo</strong></span> <span class='ocrx_word' id='word_1_278' title='bbox 1544 2617 1631 2671; x_wconf 47' lang='lat' dir='ltr'><strong>res·</strong></span> <span class='ocrx_word' id='word_1_279' title='bbox 1654 2616 1830 2659; x_wconf 76' lang='lat' dir='ltr'><strong>cunque</strong></span> 
     </span>
    </p>

    <p class='ocr_par' dir='ltr' id='par_1_6' title="bbox 38 2661 1827 2780">
     <span class='ocr_line' id='line_1_34' title="bbox 38 2661 1825 2728; baseline -0.002 -20"><span class='ocrx_word' id='word_1_280' title='bbox 38 2675 45 2728; x_wconf 21' lang='grc' dir='ltr'><strong>θ’</strong></span> <span class='ocrx_word' id='word_1_281' title='bbox 137 2664 307 2709; x_wconf 76' lang='lat' dir='ltr'><strong>cadant</strong></span> <span class='ocrx_word' id='word_1_282' title='bbox 335 2663 547 2709; x_wconf 82' lang='lat' dir='ltr'><strong>lemmati</strong></span> <span class='ocrx_word' id='word_1_283' title='bbox 577 2665 798 2723; x_wconf 83' lang='lat' dir='ltr'><strong>praefixit</strong></span> <span class='ocrx_word' id='word_1_284' title='bbox 836 2666 924 2718; x_wconf 73' lang='lat' dir='ltr'><strong>ed,</strong></span> <span class='ocrx_word' id='word_1_285' title='bbox 957 2665 1090 2709; x_wconf 82' lang='lat' dir='ltr'><strong>deest</strong></span> <span class='ocrx_word' id='word_1_286' title='bbox 1127 2665 1176 2708; x_wconf 89' lang='lat' dir='ltr'><strong>in</strong></span> <span class='ocrx_word' id='word_1_287' title='bbox 1208 2664 1295 2708; x_wconf 87' lang='lat' dir='ltr'><strong>LR</strong></span> <span class='ocrx_word' id='word_1_288' title='bbox 1325 2677 1476 2720; x_wconf 90' lang='lat' dir='ltr'><strong>neque</strong></span> <span class='ocrx_word' id='word_1_289' title='bbox 1509 2662 1782 2719; x_wconf 77' lang='lat' dir='ltr'><strong>explicatur.</strong></span> <span class='ocrx_word' id='word_1_290' title='bbox 1818 2661 1825 2720; x_wconf 85' lang='grc' dir='ltr'>Ι</span> 
     </span>
     <span class='ocr_line' id='line_1_35' title="bbox 130 2720 1827 2780; baseline -0.002 -13"><span class='ocrx_word' id='word_1_291' title='bbox 130 2723 388 2779; x_wconf 73' lang='lat' dir='ltr'><strong>periculum</strong></span> <span class='ocrx_word' id='word_1_292' title='bbox 418 2724 518 2770; x_wconf 79' lang='lat' dir='ltr'><strong>LR.</strong></span> <span class='ocrx_word' id='word_1_293' title='bbox 654 2729 708 2768; x_wconf 87' lang='grc'><strong>16</strong></span> <span class='ocrx_word' id='word_1_294' title='bbox 739 2726 863 2769; x_wconf 79' lang='lat' dir='ltr'><strong>solus</strong></span> <span class='ocrx_word' id='word_1_295' title='bbox 893 2723 980 2768; x_wconf 83' lang='lat' dir='ltr'><strong>LR</strong></span> <span class='ocrx_word' id='word_1_296' title='bbox 1012 2724 1108 2769; x_wconf 86' lang='lat' dir='ltr'><strong>edF</strong></span> <span class='ocrx_word' id='word_1_297' title='bbox 1133 2738 1312 2780; x_wconf 79' lang='lat' dir='ltr'><strong>parvus</strong></span> <span class='ocrx_word' id='word_1_298' title='bbox 1341 2723 1480 2780; x_wconf 87' lang='lat' dir='ltr'><strong>Verg.</strong></span> <span class='ocrx_word' id='word_1_299' title='bbox 1511 2721 1622 2766; x_wconf 91' lang='lat' dir='ltr'><strong>libri</strong></span> <span class='ocrx_word' id='word_1_300' title='bbox 1653 2723 1703 2765; x_wconf 79' lang='lat' dir='ltr'><strong>et</strong></span> <span class='ocrx_word' id='word_1_301' title='bbox 1732 2720 1827 2774; x_wconf 73' lang='lat' dir='ltr'><strong>eeu,</strong></span> 
     </span>
    </p>

    <p class='ocr_par' dir='ltr' id='par_1_7' title="bbox 25 2779 1766 2841">
     <span class='ocr_line' id='line_1_36' title="bbox 25 2779 1766 2841; baseline -0.001 -16"><span class='ocrx_word' id='word_1_302' title='bbox 25 2807 44 2839; x_wconf 60' lang='lat' dir='ltr'><strong>t</strong></span> <span class='ocrx_word' id='word_1_303' title='bbox 135 2781 218 2826; x_wconf 75' lang='lat' dir='ltr'><strong>sed</strong></span> <span class='ocrx_word' id='word_1_304' title='bbox 246 2783 371 2828; x_wconf 71' lang='lat' dir='ltr'><strong>solus</strong></span> <span class='ocrx_word' id='word_1_305' title='bbox 399 2783 792 2841; x_wconf 83' lang='lat' dir='ltr'><strong>interpretatione</strong></span> <span class='ocrx_word' id='word_1_306' title='bbox 823 2783 1048 2827; x_wconf 82' lang='lat' dir='ltr'><strong>fimatur.</strong></span> <span class='ocrx_word' id='word_1_307' title='bbox 1200 2788 1254 2827; x_wconf 87' lang='lat'><strong>19</strong></span> <span class='ocrx_word' id='word_1_308' title='bbox 1286 2795 1428 2827; x_wconf 75' lang='lat' dir='ltr'><strong>causa</strong></span> <span class='ocrx_word' id='word_1_309' title='bbox 1458 2781 1546 2824; x_wconf 87' lang='lat' dir='ltr'><strong>LR</strong></span> <span class='ocrx_word' id='word_1_310' title='bbox 1575 2794 1687 2826; x_wconf 78' lang='lat' dir='ltr'><strong>casu</strong></span> <span class='ocrx_word' id='word_1_311' title='bbox 1715 2779 1766 2823; x_wconf 75' lang='grc' dir='ltr'><strong>τ’.</strong></span> 
     </span>
    </p>

    <p class='ocr_par' dir='ltr' id='par_1_8' title="bbox 135 2838 1828 2901">
     <span class='ocr_line' id='line_1_37' title="bbox 135 2838 1828 2901; baseline -0.002 -16"><span class='ocrx_word' id='word_1_312' title='bbox 135 2844 190 2884; x_wconf 74' lang='lat'><strong>20</strong></span> <span class='ocrx_word' id='word_1_313' title='bbox 220 2855 277 2886; x_wconf 79' lang='lat' dir='ltr'><strong>ne</strong></span> <span class='ocrx_word' id='word_1_314' title='bbox 307 2855 394 2887; x_wconf 93' lang='lat' dir='ltr'><strong>om.</strong></span> <span class='ocrx_word' id='word_1_315' title='bbox 421 2842 492 2886; x_wconf 90' lang='lat' dir='ltr'><strong>ed.</strong></span> <span class='ocrx_word' id='word_1_316' title='bbox 544 2844 551 2901; x_wconf 88' lang='grc' dir='ltr'>Ι</span> <span class='ocrx_word' id='word_1_317' title='bbox 607 2843 819 2901; x_wconf 77' lang='lat' dir='ltr'><strong>yravabit</strong></span> <span class='ocrx_word' id='word_1_318' title='bbox 849 2842 921 2887; x_wconf 87' lang='lat' dir='ltr'><strong>ed.</strong></span> <span class='ocrx_word' id='word_1_319' title='bbox 1104 2846 1160 2886; x_wconf 79' lang='lat'><strong>28</strong></span> <span class='ocrx_word' id='word_1_320' title='bbox 1199 2847 1252 2886; x_wconf 81' lang='lat' dir='ltr'><strong>ut</strong></span> <span class='ocrx_word' id='word_1_321' title='bbox 1289 2841 1472 2887; x_wconf 78' lang='lat' dir='ltr'><strong>disereti</strong></span> <span class='ocrx_word' id='word_1_322' title='bbox 1506 2840 1704 2885; x_wconf 79' lang='lat' dir='ltr'><strong>habeant</strong></span> <span class='ocrx_word' id='word_1_323' title='bbox 1741 2838 1828 2882; x_wconf 82' lang='lat' dir='ltr'><strong>LR</strong></span> 
     </span>
    </p>

    <p class='ocr_par' dir='ltr' id='par_1_9' title="bbox 135 2897 1765 2959">
     <span class='ocr_line' id='line_1_38' title="bbox 135 2897 1765 2959; baseline -0.002 -14"><span class='ocrx_word' id='word_1_324' title='bbox 135 2923 191 2932; x_wconf 94' lang='lat'><em>—</em></span> <span class='ocrx_word' id='word_1_325' title='bbox 216 2901 381 2945; x_wconf 79' lang='lat' dir='ltr'><strong>abeant</strong></span> <span class='ocrx_word' id='word_1_326' title='bbox 409 2915 434 2944; x_wconf 89' lang='lat' dir='ltr'><strong>r</strong></span> <span class='ocrx_word' id='word_1_327' title='bbox 463 2903 619 2947; x_wconf 78' lang='lat' dir='ltr'><strong>ceteris</strong></span> <span class='ocrx_word' id='word_1_328' title='bbox 639 2906 694 2946; x_wconf 86' lang='lat' dir='ltr'><strong>ut</strong></span> <span class='ocrx_word' id='word_1_329' title='bbox 715 2902 810 2946; x_wconf 81' lang='lat' dir='ltr'><strong>alio</strong></span> <span class='ocrx_word' id='word_1_330' title='bbox 833 2902 994 2959; x_wconf 75' lang='lat' dir='ltr'><strong>fuyam</strong></span> <span class='ocrx_word' id='word_1_331' title='bbox 1017 2902 1254 2958; x_wconf 76' lang='lat' dir='ltr'><strong>arripiant</strong></span> <span class='ocrx_word' id='word_1_332' title='bbox 1284 2899 1355 2944; x_wconf 88' lang='lat' dir='ltr'><strong>ed.</strong></span> <span class='ocrx_word' id='word_1_333' title='bbox 1385 2900 1391 2959; x_wconf 85' lang='grc' dir='ltr'>Ι</span> <span class='ocrx_word' id='word_1_334' title='bbox 1418 2902 1663 2944; x_wconf 74' lang='lat' dir='ltr'><strong>accurrant</strong></span> <span class='ocrx_word' id='word_1_335' title='bbox 1694 2897 1765 2942; x_wconf 89' lang='lat' dir='ltr'><strong>ed.</strong></span> 
     </span>
    </p>

    <p class='ocr_par' dir='ltr' id='par_1_10' title="bbox 64 2959 1268 3006">
     <span class='ocr_line' id='line_1_39' title="bbox 64 2959 1268 3006; baseline 0.002 -4"><span class='ocrx_word' id='word_1_336' title='bbox 64 2960 65 2963; x_wconf 75' lang='grc'>’</span> <span class='ocrx_word' id='word_1_337' title='bbox 135 2962 190 3002; x_wconf 78' lang='lat'><strong>29</strong></span> <span class='ocrx_word' id='word_1_338' title='bbox 224 2960 420 3004; x_wconf 81' lang='lat' dir='ltr'><strong>aliorwm</strong></span> <span class='ocrx_word' id='word_1_339' title='bbox 450 2960 538 3004; x_wconf 81' lang='lat' dir='ltr'><strong>LR</strong></span> <span class='ocrx_word' id='word_1_340' title='bbox 569 2961 790 3006; x_wconf 80' lang='lat' dir='ltr'><strong>aliorsum</strong></span> <span class='ocrx_word' id='word_1_341' title='bbox 820 2975 844 3004; x_wconf 90' lang='lat' dir='ltr'><strong>r</strong></span> <span class='ocrx_word' id='word_1_342' title='bbox 874 2961 937 3004; x_wconf 83' lang='lat' dir='ltr'><strong>ad</strong></span> <span class='ocrx_word' id='word_1_343' title='bbox 967 2960 1166 3005; x_wconf 79' lang='lat' dir='ltr'><strong>aliorum</strong></span> <span class='ocrx_word' id='word_1_344' title='bbox 1197 2959 1268 3004; x_wconf 87' lang='lat' dir='ltr'><strong>ed.</strong></span> 
     </span>
    </p>
   </div>
   <div class='ocr_carea' id='block_1_5' title="bbox 1385 3031 1470 3076">
    <p class='ocr_par' dir='ltr' id='par_1_11' title="bbox 1385 3031 1470 3076">
     <span class='ocr_line' id='line_1_40' title="bbox 1385 3031 1470 3076; baseline 0 0"><span class='ocrx_word' id='word_1_345' title='bbox 1385 3031 1470 3076; x_wconf 72' lang='lat'><strong>16*</strong></span> 
     </span>
    </p>
   </div>
   <div class='ocr_carea' id='block_1_6' title="bbox 20 2844 81 3226">
    <p class='ocr_par' dir='ltr' id='par_1_12' title="bbox 20 2844 81 3226">
     <span class='ocr_line' id='line_1_41' title="bbox 20 2844 81 3226; baseline 0 0"><span class='ocrx_word' id='word_1_346' title='bbox 20 2844 81 3226; x_wconf 95' lang='lat' dir='ltr'><strong> </strong></span> 
     </span>
    </p>
   </div>
  </div>
 </body>
</html>
