2014 3226
767 154 1071 198 AENEIDOS
1103 155 1144 198 II
1702 157 1805 208 1923

114 299 304 345 nullam
349 312 547 357 sperare
592 298 822 344 salutem:
883 310 1080 342 sensum
1119 296 1215 343 loci
1255 295 1420 357 istius,
1471 312 1567 357 quo
1608 297 1805 344 facilius

115 371 456 435 intellegatur,
519 369 803 418 ordinamus
865 368 956 416 hoc
1018 369 1186 416 modo:
1247 371 1470 428 iuvenes,
1532 371 1804 418 fortissima

115 447 338 506 pectora,
386 460 513 506 quae
561 446 627 491 sit
664 443 808 491 rebus
849 443 1050 490 fortuna
1098 442 1298 503 videtis,
1347 459 1590 491 excessere
1637 460 1806 492 omnes

116 519 280 580 adytis
329 520 526 579 arisque
572 518 759 565 relictis
808 516 879 563 dii
926 516 1103 577 quibus
1150 518 1416 578 imperium
1454 518 1545 566 hoc
1585 520 1807 575 steterat,

71 612 90 643 5
115 592 300 640 frustra
340 592 624 640 succurritis
663 591 774 638 urbi
805 592 1054 638 incensae:
1096 591 1137 638 si
1169 591 1308 638 vobis
1343 591 1556 639 audendi
1588 594 1805 640 extrema

115 666 293 728 cupido
335 669 471 714 certa
511 666 664 728 sequi,
703 665 974 712 moriamur
1015 668 1063 711 et
1102 665 1153 710 in
1192 665 1356 712 media
1396 680 1535 713 arma
1580 682 1806 719 ruamus;

113 756 213 788 una
260 741 392 789 salus
439 740 584 788 victis
631 739 821 787 nullam
869 754 1067 800 sperare
1107 739 1335 786 salutem.
1413 740 1695 788 intellectus
1735 742 1805 788 sic

114 814 428 875 accipiendus
462 816 548 874 est,
580 815 782 861 iuvenes
815 812 1014 874 quidem
1039 813 1157 861 estis
1181 814 1441 861 fortissimi
1466 816 1516 861 et
1540 814 1597 861 de
1623 814 1803 862 fiducia

112 890 312 937 virtutis
360 888 411 935 in
458 888 641 935 bellum
690 886 910 949 prompti
958 887 1141 947 cupitis
1189 887 1407 935 adversis
1454 889 1647 949 patriae
1691 888 1802 936 sub-

48 981 90 1012 10
113 963 293 1022 venire,
328 962 412 1011 sed
453 962 694 1010 auxilium
732 966 952 1009 vestrum
983 961 1211 1008 incensae
1245 961 1365 1022 quid
1395 961 1651 1023 proderit?
1704 979 1804 1010 non

113 1039 188 1084 est
232 1037 388 1100 igitur
434 1037 619 1084 frustra
665 1034 995 1082 laborandum
1035 1035 1115 1082 vel
1152 1036 1364 1082 maxime
1406 1051 1516 1083 cum
1556 1052 1614 1084 ea
1655 1052 1800 1097 quam

112 1110 184 1157 dii
222 1112 299 1158 sui
337 1110 661 1158 deseruerunt
699 1110 787 1170 qui
823 1109 926 1157 eius
958 1108 1222 1171 imperium
1253 1110 1536 1169 tuebantur,
1569 1113 1618 1158 et
1651 1126 1803 1171 quon-

111 1187 212 1232 iam
258 1185 311 1231 in
362 1184 587 1233 omnibus
633 1184 892 1245 praeventi
939 1197 1128 1243 sumus,
1175 1185 1447 1231 moriamur
1494 1186 1536 1232 si
1575 1200 1673 1232 non
1711 1201 1803 1246 pro

29 1323 31 1325 Ι
111 1260 236 1321 ipsa,
274 1259 355 1306 vel
394 1262 508 1320 post
546 1259 652 1306 eius
690 1258 950 1304 interitum
982 1259 1031 1304 et
1063 1257 1113 1304 in
1147 1260 1365 1306 armatos
1396 1274 1597 1306 ruamus
1630 1259 1802 1306 volun-

46 1352 87 1384 15
110 1335 216 1381 tate
269 1334 666 1395 promptissima3
727 1347 827 1378 una
881 1331 1013 1380 enim
1067 1331 1244 1380 salutis
1290 1332 1372 1379 via
1420 1333 1494 1380 est
1539 1333 1707 1393 victis,
1761 1335 1804 1380 si

112 1406 323 1454 salutem
373 1423 524 1468 quam
569 1407 700 1453 tueri
737 1421 839 1454 non
876 1408 1087 1467 possunt
1126 1405 1430 1468 desperando
1471 1410 1801 1455 contemnant.

110 1484 180 1530 sic
219 1483 398 1529 animis
435 1482 666 1528 ‘iuvenum
703 1480 847 1539 furor
886 1480 1108 1527 additus:
1152 1482 1366 1541 tantum,
1404 1482 1585 1543 inquit,
1624 1481 1788 1528 valuit
1806 1488 1893 1527 355

110 1556 364 1618 persuasio
411 1571 544 1616 mea,
587 1557 644 1602 ut
683 1555 863 1602 aetatis
901 1555 1137 1601 iuvenum
1175 1555 1551 1617 voluntatisque
1589 1555 1801 1602 intentio

111 1631 276 1678 furore
325 1628 539 1691 quodam
585 1630 800 1676 ferretur
845 1641 1063 1676 accensa.
1143 1629 1253 1676 inde
1301 1630 1406 1688 lupi
1453 1644 1536 1676 cea
1582 1632 1803 1689 raptores

44 1722 88 1754 so
111 1707 222 1752 atra
267 1706 320 1751 in
369 1704 545 1751 nebula
553 1741 566 1758 ,.
614 1716 732 1762 quos
777 1703 986 1762 inproba
1031 1704 1213 1750 ventris
1253 1705 1402 1763 exeqit
1441 1717 1604 1751 caecos
1640 1704 1803 1752 rabies

109 1779 350 1838 cataliaue
380 1778 533 1826 relicti
562 1777 790 1836 faucibus
822 1778 1071 1836 expectant
1098 1778 1252 1833 sicciS,
1276 1792 1370 1837 per
1401 1778 1510 1832 tela,
1531 1792 1626 1838 per
1654 1778 1803 1824 hostis

108 1853 334 1900 vadimus
372 1853 492 1900 haut
528 1851 729 1899 dubiam
765 1852 820 1898 in
857 1854 1057 1898 mortem
1094 1851 1372 1911 mediaeque
1404 1855 1617 1899 tenemus
1647 1853 1785 1900 urbis
1805 1859 1892 1898 360

107 1929 212 1982 iter,
250 1940 348 1974 νοω
386 1930 497 1974 atra
536 1940 658 1972 cava
696 1925 1010 1972 circumvolat
1046 1925 1245 1972 umbra:
1283 1925 1554 1973 secundum
1591 1925 1799 1974 necessi·

108 2002 264 2048 tatem
303 2000 541 2062 temporis
571 2001 751 2046 miram
782 2000 1187 2060 conparationem
1217 1999 1428 2048 induxit.
1489 1999 1638 2061 lupus
1670 2001 1800 2047 enim

16 2090 86 2124 »2⁶
109 2074 514 2136 inprobissimum
567 2088 721 2137 genus
776 2074 851 2120 est
906 2072 1160 2133 animalis,
1215 2089 1418 2122 saevum
1473 2075 1593 2123 satis
1649 2076 1700 2121 et
1746 2075 1800 2122 in

109 2147 344 2211 praedam
390 2163 584 2210 semper
629 2161 687 2194 ac
733 2146 1049 2201 vehementer
1091 2148 1335 2196 intentum
1388 2149 1438 2196 et
1483 2150 1602 2196 tunc
1638 2149 1800 2212 magis

110 2237 222 2270 cum
260 2222 452 2271 catulos
489 2221 656 2282 habet,
687 2221 768 2268 cui
805 2221 932 2268 nihil
971 2220 1108 2268 aliud
1147 2223 1322 2283 aptum
1360 2223 1427 2269 sit
1466 2222 1530 2270 ad
1570 2222 1800 2284 conplen-

74 2331 77 2334 -
110 2295 198 2344 das
242 2295 449 2345 insidias
497 2311 647 2357 quam
693 2295 853 2358 caligo
901 2309 958 2343 ac
1004 2294 1256 2357 tenebrae,
1305 2296 1519 2344 salutem
1566 2296 1636 2345 sic
1682 2311 1797 2345 con—

109 2372 352 2431 temnens,
415 2372 472 2418 ut
533 2371 637 2418 sine
692 2369 796 2417 eius
851 2368 1192 2430 desperatione
1245 2371 1414 2418 vivere
1473 2385 1572 2418 non
1626 2371 1800 2433 possit,

37 2459 90 2502 ιο
110 2446 358 2492 contraria
402 2445 588 2507 iugiter
633 2444 880 2506 cogitans,
926 2444 984 2490 ut
1031 2442 1164 2504 quod
1208 2445 1352 2506 optat
1396 2445 1633 2493 inveniat.
1709 2445 1800 2503 ita,

32 2557 35 2563 .
108 2518 297 2580 inquit,
345 2521 395 2566 et
438 2533 528 2566 nos
575 2519 750 2579 aperta
786 2517 841 2564 in
878 2516 1098 2579 pericula
1134 2517 1416 2582 ruebemus3
1469 2533 1630 2580 neque
1667 2518 1797 2566 enim

36 2640 38 2642 .
112 2589 262 2640 dubia
305 2591 546 2654 pernicies
592 2591 711 2650 fuit,
759 2607 871 2638 cum
917 2592 1157 2639 ferremur
1201 2607 1291 2655 per
1343 2591 1560 2640 mediam
1611 2591 1799 2652 urbem,

110 2681 202 2727 per>
228 2666 474 2714 confertos
505 2664 662 2714 hostis
688 2667 739 2712 et
762 2666 980 2713 armatas
1005 2665 1192 2715 strictis
1214 2665 1532 2714 mucronibus
1557 2665 1798 2723 dextera,

36 2806 66 2851 a
177 2835 182 2841 ,
230 2796 253 2834 1
284 2805 500 2848 superare
529 2791 618 2835 LR
647 2807 681 2837 u
712 2790 870 2841 del.‚L
901 2790 944 2834 Π
974 2804 1096 2834 man.
1130 2806 1165 2834 r.
1321 2796 1377 2836 10
1407 2793 1618 2837 incensae
1648 2790 1734 2834 LR
1764 2792 1796 2835 i.

41 2850 57 2902 ἰ
110 2851 215 2896 urbi
245 2850 317 2894 ed.
442 2855 495 2894 17
528 2851 647 2896 valet
666 2850 756 2895 LR
783 2850 933 2894 valuit
954 2849 991 2893 L
1021 2851 1124 2907 ipse
1153 2865 1188 2894 r.
1333 2855 1388 2895 18
1420 2851 1585 2895 aetatis
1606 2850 1694 2894 LR
1717 2849 1797 2894 cdl

111 2913 236 2958 aetas
263 2913 317 2953 r?
348 2909 456 2954 edF.
588 2914 643 2954 21
674 2910 818 2955 hostes
848 2908 946 2952 LR.
1070 2914 1125 2953 22
1157 2910 1358 2955 vidimus
1386 2910 1430 2954 R
1459 2909 1672 2955 vadimus
1699 2924 1735 2953 r.

112 2971 167 3011 27
191 2981 292 3013 cum
306 2967 393 3012 LR
415 2969 600 3026 quando
624 2969 695 3017 ed.
789 2972 845 3014 28
870 2969 1074 3014 tenebras
1088 2969 1125 3012 L
1149 2969 1277 3014 ·brae
1298 2969 1402 3026 ipse
1424 2969 1530 3014 -bra
1544 2967 1586 3012 R
1608 2968 1737 3013 -brae
1758 2982 1796 3011 r.

1354 3042 1440 3087 13*
