2014 3226
750 176 1091 220 PRAEFATIO
1662 177 1767 220 XIX

76 318 198 364 illud
247 317 445 378 quidem
494 332 641 378 quam
689 332 777 377 pro
825 319 967 364 tanto
1015 331 1244 363 versuum
1284 333 1510 378 numero,
1560 317 1642 364 sed
1683 334 1766 364 va-

76 407 237 439 cuum.
316 392 469 438 sensit
517 406 630 453 ergo
679 391 929 450 lacunam,
979 391 1063 438 sed
1104 389 1482 451 amplitudinem
1523 392 1628 438 eius
1669 407 1766 438 non

75 468 204 512 recte
246 466 542 512 aestimavit.
620 479 736 510 nam
775 464 941 525 plures
982 465 1177 512 chartas
1217 479 1396 511 vacuas
1437 466 1622 513 excisas
1663 481 1766 513 esse

75 538 205 586 credi
238 554 335 586 non
366 541 544 600 potest,
578 539 708 599 quia,
739 539 782 585 si
813 539 906 585 11οο
938 538 1191 597 admittas,
1224 539 1605 599 quaternionum
1636 539 1764 587 ratio

74 612 318 660 turbatur.
397 614 569 673 quaeri
623 614 788 674 potest
841 614 1007 658 utrum
1055 611 1419 659 Laurentianus
1475 613 1595 659 olim
1646 613 1765 661 duo-

75 687 231 733 decim
255 687 724 747 interpretationum
758 686 908 733 libros
942 686 1242 733 continuerit
1274 702 1336 733 an
1371 687 1587 748 quinque
1620 688 1763 734 solos.

73 760 182 807 finis
223 760 341 806 libri
379 776 478 807 non
516 761 726 820 impedit
766 760 885 821 quin
927 776 1118 819 omnes,
1158 776 1274 807 nam
1310 759 1517 807 ultimae
1550 761 1764 824 paginae

74 834 182 882 folii
225 835 329 881 160
378 834 595 895 spatium
643 834 751 895 ipso
798 834 978 880 ultimo
1026 833 1175 881 verbo
1224 832 1484 894 „explieit“
1531 834 1604 882 ita
1652 851 1763 882 eon-

74 912 324 968 sumptum
372 911 467 967 est,
513 911 570 954 ut
616 908 823 969 „incipit
870 907 1064 956 sextus“
1111 909 1163 954 in
1213 909 1459 968 principio
1510 910 1764 969 proximae

72 981 284 1045 paginae
325 983 465 1044 sequi
505 981 739 1029 debuerit.
803 984 1074 1043 potuerunt
1114 997 1245 1044 ergo,
1278 986 1334 1029 ut
1372 983 1424 1028 in
1466 982 1631 1030 codice
1671 983 1764 1030 Re-

73 1057 265 1118 ginensi
304 1058 411 1103 veri
451 1056 761 1103 simillimum
802 1058 889 1115 est,
921 1057 1105 1117 reliqui
1143 1058 1331 1117 septem
1370 1056 1487 1102 libri
1527 1057 1647 1104 olim
1679 1057 1764 1104 ad-

71 1131 229 1177 iuncti
267 1145 387 1190 esse,
421 1130 504 1177 sed
544 1130 809 1191 perierunt.
873 1146 990 1177 nam
1021 1146 1081 1177 ne
1113 1131 1242 1177 forte
1275 1145 1356 1177 eos
1388 1131 1442 1176 in
1466 1130 1764 1179 Vaticanam

71 1203 421 1252 bibliothecam
468 1206 707 1267 migrasse
756 1207 806 1251 et
851 1206 905 1251 in
946 1204 1110 1252 codice
1142 1204 1387 1251 Vaticano
1426 1219 1557 1251 nune
1597 1208 1764 1253 extare

0 1308 2 1310 v
74 1278 349 1340 suspiceris,
391 1279 586 1326 etiamsi
626 1281 763 1326 aetas
802 1294 900 1326 non
941 1278 1107 1326 obstat
1147 1271 1245 1343 (est
1284 1280 1415 1325 enim
1455 1278 1624 1326 eadem
1661 1279 1763 1326 fere

72 1352 330 1413 utriusque
369 1345 589 1418 codicis),
628 1353 789 1400 forma
828 1352 946 1399 libri
982 1352 1216 1399 Vaticani
1247 1352 1476 1414 prohibet
1506 1354 1560 1399 in
1592 1353 1763 1401 altitu—

72 1425 235 1473 dinem
275 1425 669 1474 Laurentianum
710 1426 966 1487 aliquanto
1008 1442 1246 1488 superans
1287 1428 1336 1474 et
1375 1426 1507 1487 quod
1545 1428 1597 1473 in
1621 1427 1762 1475 Vati-

72 1515 192 1548 cano
226 1502 521 1563 paginarum
554 1501 706 1562 capiti
731 1500 793 1548 ab
818 1502 926 1563 ipso
951 1501 1156 1548 librario
1180 1516 1270 1562 pro
1294 1501 1443 1548 titulo
1467 1500 1764 1562 inscriptum

71 1589 174 1621 esse
222 1575 347 1622 solet
394 1576 672 1636 „expositio
720 1576 773 1621 in
812 1574 1126 1638 Vergilium“
1176 1577 1324 1636 atque
1381 1575 1760 1636 quaternionum

70 1664 300 1695 numerus
346 1649 399 1695 in
446 1648 540 1695 fine
589 1649 897 1713 singulorum
937 1649 1164 1711 adpictus
1205 1651 1294 1708 est,
1332 1650 1386 1695 in
1425 1648 1762 1697 Laurentiano

69 1725 299 1769 neutrum
338 1723 564 1770 occurrit.
627 1724 915 1771 correctoris
954 1739 1156 1769 manum
1195 1722 1520 1770 Laurentiani
1558 1723 1673 1771 libri
1714 1726 1765 1772 et

0 1791 2 1793 ¹
69 1797 205 1858 prior
252 1799 301 1844 et
347 1798 590 1858 posterior
637 1813 751 1858 pars
800 1797 1070 1845 subierunt.
1158 1797 1314 1845 hocne
1369 1812 1432 1843 an
1487 1797 1585 1845 alio
1633 1797 1762 1845 libro

0 1875 3 1878 ’
71 1868 324 1918 Landinus
363 1872 417 1917 in
456 1871 655 1919 edendis
695 1872 937 1933 excerptis
976 1886 1093 1919 usus
1134 1872 1200 1918 sit
1240 1887 1367 1919 anno
1412 1871 1551 1918 1487
1603 1887 1659 1918 ex
1698 1872 1762 1920 iis

0 1939 2 1942 ’
72 1959 198 2006 quae
245 1944 303 1990 de
353 1960 411 1992 ea
455 1961 508 1992 re
556 1945 777 2008 Angelus
817 1945 1094 1993 Politianus
1141 1945 1192 1991 in
1239 1945 1568 1994 miscellaneis
1617 1960 1655 1993 0.
1692 1947 1758 1993 77

70 2019 336 2066 memoriae
374 2018 619 2080 prodidit:
658 2021 1098 2079 „commentarium
1129 2019 1298 2066 Tiberi
1328 2018 1516 2067 Donati
1546 2035 1678 2067 nunc
1708 2021 1761 2067 in

73 2091 301 2140 manibus
341 2082 492 2140 habet
529 2092 785 2140 Landinus
829 2120 891 2125 —
929 2119 1000 2126 —
1032 2119 1106 2126 --
1144 2092 1493 2156 grandioribus
1531 2095 1762 2141 notatum

71 2167 280 2214 vetustis
321 2166 716 2216 characteribus“
757 2183 855 2215 non
896 2171 1116 2230 apparet.
1195 2170 1248 2215 at
1285 2167 1436 2228 paulo
1474 2170 1588 2229 post
1630 2183 1760 2215 anno

0 2236 14 2286 ἶ
75 2241 212 2287 1496
262 2240 440 2288 Petrus
489 2239 731 2301 Crinitus,
778 2257 924 2303 quem
973 2257 1122 2303 supra
1169 2242 1460 2302 memoravi,
1513 2257 1569 2289 eo
1615 2257 1760 2290 usum

4 2323 11 2345 ·'
72 2328 174 2361 esse
206 2317 396 2361 certum
427 2317 522 2375 est,
562 2316 723 2376 prima
756 2317 886 2363 enim
924 2331 1049 2377 quae
1091 2315 1233 2363 affert
1271 2315 1421 2363 verba
1461 2315 1633 2375 „illos
1673 2317 1760 2377 qui

6 2391 10 2403 ⁴
69 2384 330 2436 Mantuani
369 2388 500 2436 vatis
538 2389 663 2435 1111111
702 2390 923 2436 0311111113
960 2389 1275 2437 tradiderunt
1308 2392 1623 2450 postquam
1666 2383 1760 2455 (sic

0 2447 15 2484 ³
69 2458 434 2523 Mommsenius,
470 2463 679 2511 fortasse
719 2466 855 2524 post
895 2479 1063 2532 quem
1095 2485 1151 2500 =
1183 2456 1352 2528 Laur.)
1391 2463 1506 2510 illos
1546 2479 1759 2525 quorum

69 2532 207 2583 libris
254 2535 565 2583 voluminum
612 2538 714 2598 qui
759 2537 1006 2584 Aeneidos
1051 2535 1421 2584 inscribuntur“
1467 2535 1758 2585 Laurentia-

70 2623 189 2656 num
242 2610 393 2658 fuisse
447 2610 801 2669 demonstrant.
878 2610 1199 2658 memorabile
1250 2611 1299 2657 id
1354 2625 1571 2673 quoque,
1626 2610 1759 2673 quod

28 2709 29 2712 =
73 2679 289 2730 Crinitus
337 2685 554 2745 quinque
601 2684 753 2732 libros
792 2684 1039 2732 Aeneidos
1086 2686 1139 2732 in
1188 2684 1276 2732 illo
1332 2684 1496 2732 codice
1551 2685 1758 2732 infuisse

0 2798 20 2835 ,ἰ
71 2756 296 2819 testatur,
326 2759 384 2804 ut
421 2759 523 2805 iam
562 2760 670 2805 tum
701 2757 1095 2806 Laurentianum
1126 2775 1223 2806 non
1255 2759 1422 2820 plures
1455 2758 1758 2806 continuisse

2 2835 22 2902 ἱξ-
72 2833 323 2891 appareat.
400 2831 521 2880 haee
567 2831 743 2879 deinde
791 2831 951 2880 addit:
1005 2848 1093 2893 „ex
1132 2832 1438 2894 supeUeetile
1478 2831 1616 2880 Petri
1655 2831 1756 2880 Me-

2 2907 19 2959 1·
72 2899 198 2950 dicei
236 2906 322 2951 est.
399 2904 514 2952 hinc
552 2905 884 2953 commodavit
921 2870 1146 2954 Andreas
1187 2906 1465 2968 MartelluS,
1512 2906 1600 2967 qui
1645 2920 1758 2954 cum

2 2959 19 2999 ³
72 2971 164 3023 11οο
199 2978 309 3038 ipso
346 2978 509 3026 multa
547 2982 598 3026 et
636 2979 737 3027 alia
775 2979 1043 3042 subripuit,
1090 2983 1150 3028 ut
1189 2979 1313 3028 alias
1352 2980 1526 3027 testati
1570 2994 1756 3028 sumus.

1338 3060 1402 3104 bt

2 3094 25 3226 ἱῗῖᾝ
10 3066 23 3091 -η
3 3011 15 3063 τ’
