2014 3226
198 166 304 219 568
666 166 899 211 DONATI
930 166 1211 210 INTERPR.
1244 166 1422 210 VERG.

195 311 360 355 nostro
371 325 388 366 ,·
427 307 547 369 quid
588 307 718 353 enim
765 307 942 354 melius
983 308 1175 354 amanti
1220 308 1481 368 provenire
1530 307 1661 369 apud
1706 307 1894 355 inferos

196 383 363 443 potuit
415 397 564 442 quam
614 380 781 428 videre
834 396 944 427 eam
996 384 1082 428 aut
1124 380 1320 428 fabulas
1377 382 1597 428 conferre
1650 397 1761 429 cum
1800 379 1894 428 ea?

200 471 322 517 quas
364 457 482 516 quia
522 454 651 501 Dido
693 454 948 516 diruperat
988 454 1227 516 abeundo,
1266 455 1359 502 hac
1400 470 1509 502 eam
1547 454 1740 502 Aeneas
1773 470 1895 502 voce
1980 469 1983 476 ·

197 531 488 590 prosecutus
530 531 625 577 est:
665 542 818 588 quern,
858 530 1038 589 inquit,
1077 529 1247 588 fugaris?
1300 531 1559 576 extremum
1598 531 1728 587 fat0‚·
1767 530 1895 587 quod
1964 519 1985 543 '¹

196 606 239 650 te
279 604 514 662 adloquor
553 604 637 650 hoe
678 605 757 650 est.
836 618 970 662 vere,
1012 603 1105 662 ait,
1146 604 1362 650 extremo
1405 617 1513 650 sum
1560 603 1666 650 fato
1719 604 1798 650 cui
1842 605 1892 650 te
1963 612 1973 672 ᾗ

197 676 525 724 desideratam
550 676 763 740 denegas
791 678 840 723 et
864 676 1177 737 inopinatam
1200 677 1278 723 tui
1301 676 1552 724 subtrahis
1576 676 1892 737 facultatem3
1964 698 1969 704 ¹

196 751 347 798 verba
394 751 501 798 sola
549 752 665 798 sunt
718 766 843 811 quae
891 751 1056 798 tecum
1105 765 1355 799 conserere
1403 752 1574 812 cupio:
1629 749 1751 798 satis
1799 751 1894 797 erit

198 825 363 872 animo
388 839 512 887 meo,
546 824 587 871 si
611 825 691 873 vel
714 824 909 872 fabulas
934 826 1099 872 tecum
1121 825 1268 886 plene
1293 825 1650 872 commisceam.
1714 824 1894 872 talibus
1967 858 1971 864 -

195 897 391 946 Aeneas
439 899 688 946 ardentem
735 901 779 946 et
824 902 961 946 torva
1007 901 1215 946 tuentem
1267 899 1447 946 lenibat
1492 900 1633 946 dietis
1673 900 1894 946 animum
1959 902 1971 966 ᾗ

197 974 519 1032 lacrimasque
571 974 744 1020 elebat:
796 987 910 1020 cum
955 971 1151 1020 Aeneas
1201 973 1508 1020 miserabilia
1556 972 1692 1020 dictu
1740 971 1891 1020 effun-
1946 975 1983 1017 2*

197 1047 348 1107 deret,
381 1047 700 1094 lacrimarum
730 1046 1063 1109 plurimarum
1097 1048 1366 1109 augmenta
1390 1062 1490 1095 non
1519 1046 1744 1107 deerant3
1777 1062 1894 1094 nam
1963 1047 1965 1060 ²

194 1120 406 1169 Didonis
431 1121 684 1169 abscessus
711 1136 793 1169 eas
819 1122 977 1184 magis
994 1122 1254 1183 magisque
1279 1120 1634 1168 commovebat.
1683 1121 1770 1167 illa
1795 1120 1895 1168 solo
1956 1142 1962 1149 -·

108 1200 196 1239 470
213 1197 339 1254 fioeos
378 1194 539 1242 oculos
578 1209 753 1243 aversa
792 1195 980 1242 tenebat
1023 1208 1110 1242 nee
1154 1196 1313 1255 magis
1350 1197 1533 1254 incepto
1572 1194 1759 1242 vultum
1796 1208 1895 1242 ser·

195 1283 335 1316 mone
365 1273 597 1324 movetur,
632 1284 779 1328 quam
810 1271 854 1316 si
885 1269 1015 1316 dura
1038 1269 1159 1317 silem
1190 1272 1279 1317 aut
1307 1272 1395 1316 stet
1417 1270 1679 1328 Marpesia
1710 1270 1894 1316 cautes:
1964 1264 1983 1288 '

194 1343 389 1391 Aeneas
432 1343 634 1404 quidem
674 1343 887 1391 dolenda
925 1342 1227 1405 loquebatur
1264 1345 1315 1391 et
1345 1343 1489 1391 fletus
1521 1342 1696 1390 uberes
1727 1343 1893 1389 mitte·

194 1417 282 1465 bat
329 1434 386 1465 ex
434 1417 612 1477 oculis,
667 1417 753 1465 sed
791 1417 923 1464 Dido
976 1432 1150 1464 aversa
1201 1417 1329 1464 facie
1376 1416 1543 1465 stabat
1592 1418 1646 1463 in
1692 1416 1894 1464 modum

194 1491 378 1553 lapidis
419 1493 506 1539 aut
539 1492 697 1539 cautis
729 1491 1023 1552 Marpesiae‚
1057 1506 1183 1552 quae
1223 1493 1298 1540 est
1337 1492 1468 1539 saxis
1501 1491 1676 1539 ceteris
1709 1490 1893 1538 durior.
1960 1534 1983 1559 ¹.

195 1581 256 1613 ne
297 1566 464 1613 autem
503 1565 696 1613 videret
734 1565 935 1614 flentem
975 1567 1063 1612 aut
1093 1564 1245 1613 verba
1283 1565 1534 1627 loquentis
1574 1564 1783 1625 audiret,
1823 1566 1895 1613 sic

197 1641 448 1687 averterat
486 1639 687 1699 faciem,
737 1642 794 1686 ut
835 1639 992 1687 solam
1029 1639 1297 1700 respiceret
1335 1641 1545 1699 terram,
1592 1654 1680 1686 nec
1727 1654 1893 1686 move·
1966 1646 1989 1681 .

194 1713 344 1761 batur
381 1715 602 1776 incepto,
652 1714 745 1761 hoc
786 1716 859 1761 est
899 1713 961 1760 ab
1000 1713 1236 1761 instituto
1276 1715 1326 1761 et
1372 1713 1697 1775 dispositione
1738 1714 1894 1759 animi
1925 1711 2004 1770 ¹13,

195 1789 274 1836 sui
320 1803 420 1835 non
467 1787 814 1835 divellebatur.
890 1787 1012 1835 haec
1058 1788 1199 1848 fecit,
1246 1788 1517 1849 antequam
1561 1788 1693 1834 irata
1740 1787 1894 1834 disce-
1957 1779 2003 1842 ,ἵζ’

195 1861 354 1923 deret,
407 1864 456 1909 et
496 1863 567 1909 sic
611 1862 746 1925 fugit
783 1863 1012 1909 invisum.
1092 1863 1287 1909 tan-dem
1334 1861 1570 1921 corripuit
1612 1875 1714 1908 sese
1752 1865 1895 1921 atque

193 1937 394 1983 inimica
433 1937 635 1996 refayit:
692 1937 1013 1999 augmentum
1052 1937 1155 1982 irae
1203 1951 1321 1983 suae
1359 1934 1563 1983 Aenean
1601 1934 1893 1998 refugiendo
1966 1957 1992 2002 g.

193 2011 382 2058 testata
421 2012 496 2057 est
535 2011 586 2058 et
622 2011 682 2057 ut
720 2010 886 2058 fuerat
922 2010 1128 2057 inimica
1172 2009 1246 2057 ita
1293 2009 1531 2058 discessit.
1610 2008 1791 2056 dicitur
1831 2008 1893 2056 ad
1956 2012 1998 2051 -1

196 2099 344 2145 quem
382 2084 566 2131 locum:
612 2085 667 2131 in
704 2098 897 2140 nemus,
941 2085 1131 2146 inquit,
1175 2085 1513 2144 wmbriferum‚
1553 2085 1764 2131 eoniwna·
1808 2079 1894 2131 nbi
1915 2099 1936 2132 ς
1952 2084 1996 2150 ss,

186 2159 431 2217 pristinus
467 2158 543 2206 illi
589 2158 844 2218 respondet
889 2159 1019 2205 euris
1065 2161 1332 2217 aequatque
1369 2158 1614 2218 Sychaeus
1653 2171 1893 2206 amorem:

194 2231 374 2279 melius
412 2231 490 2278 illi
520 2233 683 2280 visum
716 2233 792 2280 est
821 2231 1101 2294 relinquere
1133 2248 1244 2279 eum
1277 2248 1424 2294 quem
1463 2231 1576 2280 odio
1623 2230 1803 2278 habuit
1842 2232 1892 2278 et
1948 2286 1949 2289 Ἴ
1984 2284 1986 2286 ,

196 2305 259 2352 ad
299 2304 577 2367 Sychaeum
614 2305 830 2366 tendere,
871 2306 957 2368 qui
994 2322 1148 2353 unum
1187 2322 1300 2354 cum
1340 2321 1398 2353 ea
1437 2306 1659 2353 animum
1698 2307 1891 2368 gereret
1952 2293 1974 2366 ’ἢ

194 2379 275 2427 vel
313 2380 547 2442 gessisset
585 2382 635 2427 et
676 2381 763 2442 qui
803 2396 970 2428 amore
1007 2382 1181 2428 mutuo
1230 2381 1280 2428 et
1330 2380 1578 2428 consimili
1623 2380 1889 2427 teneretur.
1971 2394 1979 2405 *

101 2457 193 2496 475
209 2467 296 2501 nec
333 2454 498 2501 minus
535 2451 731 2502 Aeneas
771 2468 889 2502 casu
917 2468 1184 2514 percussus
1213 2454 1380 2513 iniquo
1403 2453 1716 2514 prosequitur
1746 2453 1889 2501 lacri-
1983 2456 1997 2490 ’-

194 2528 287 2575 mis
319 2527 455 2587 lonqe
486 2529 529 2574 et
554 2528 815 2575 miseratus
840 2530 1027 2576 euntem
1051 2530 1142 2576 est:
1181 2527 1446 2576 admodum
1471 2526 1672 2576 dolebat
1694 2525 1890 2575 Aeneas
1956 2518 1974 2564 '-

313 2686 341 2725 4
371 2681 544 2726 lemma
569 2682 826 2726 secundum
847 2681 1090 2740 interpret.
1109 2682 1316 2727 distinxi.
1412 2687 1436 2726 7
1470 2695 1696 2727 conserere
1718 2680 1761 2725 V
1783 2694 1889 2725 eon·
1949 2694 1978 2734 ‘4
1991 2709 2001 2715 κ

193 2742 370 2786 trahere
386 2741 457 2786 ed.
552 2745 578 2784 8
595 2741 763 2798 plenae
777 2741 832 2785 V.
927 2746 952 2785 9
978 2743 1153 2788 lenebat
1171 2742 1226 2786 V.
1255 2743 1262 2799 Ι
1290 2742 1419 2787 anim
1436 2741 1489 2786 V.
1585 2745 1640 2785 10
1663 2741 1818 2785 ciabat
1831 2739 1889 2784 V.
1943 2743 1948 2759 ³

196 2804 251 2844 12
282 2814 356 2845 eos
386 2800 458 2845 ed.
550 2804 615 2860 ⁴13
645 2800 740 2856 fimo
770 2799 825 2845 V.
855 2801 862 2859 Ι
895 2802 1049 2846 vultus
1080 2801 1151 2846 ed.
1257 2806 1309 2845 15
1341 2801 1535 2846 dolendo
1565 2800 1636 2844 ed.
1743 2802 1799 2843 20
1829 2799 1890 2843 ab
1949 2803 1955 2807 '

193 2873 282 2903 om.
303 2859 373 2903 ed.
469 2863 523 2902 23
555 2858 967 2919 suaesllssAeneas
998 2873 1103 2903 cum
1132 2873 1223 2904 ras.
1257 2859 1465 2916 quinque
1495 2859 1592 2903 fere
1623 2858 1889 2903 litterarum

195 2919 400 2963 Aeneam
416 2917 487 2962 ed.
505 2917 707 2962 fortasse
729 2923 890 2963 eontra
907 2919 1128 2964 Aenean?
1219 2923 1276 2962 30
1300 2919 1505 2964 lacrimis
1523 2917 1560 2960 V
1578 2931 1731 2976 -mans
1754 2917 1826 2960 ed..
1947 2920 1950 2925 ’
1988 2946 1994 2963 ‚

192 2981 248 3020 31
267 2977 509 3022 miseratus
522 2982 698 3022 ewntem
713 2987 773 3026 -ἰ-
789 2977 837 3035 (1.
851 2990 890 3021 0.
904 2979 984 3035 est)
1000 2977 1043 3023 V
1059 2978 1130 3022 ed.
1152 2979 1396 3024 miseratwr
1414 2982 1592 3022 euntem
1605 2976 1743 3034 Vcrg.
1761 2975 1886 3019 libri.
1936 3024 1950 3035 Ἴ,
