2014 3226
767 169 1069 214 AENEmos
1102 170 1165 214 v1
1706 175 1813 225 575

129 309 374 368 queretur.
462 322 743 368 supremam
790 308 937 370 dixit,
993 312 1111 371 quia
1159 313 1270 372 ipsa
1321 313 1562 360 conclusit
1612 314 1814 360 exitium

128 380 305 429 Troiae
346 382 395 428 et
426 380 622 428 Iliensis
662 382 872 442 imperii.
952 383 1144 431 addidit
1183 384 1341 432 aliud:
1381 402 1490 434 eum
1531 387 1813 450 gauderent,

127 454 314 516 inquit,
365 469 533 502 omnes
582 457 631 502 et
682 471 771 518 ego
820 472 930 504 eum
971 457 1220 520 omnibus,
1276 475 1372 520 quo
1419 463 1639 522 tempore
1687 461 1815 507 inter

129 528 312 593 gaudia
352 527 478 575 nihil
519 532 802 589 speraretur
835 530 1041 578 adversi.
1112 532 1260 579 rediit
1291 533 1354 579 ad
1387 535 1550 597 signa:
1591 549 1698 581 cum
1721 537 1797 595 fa·
1815 539 1901 578 515

83 618 104 652 5
128 602 242 650 talis
281 616 431 662 equus
467 603 598 649 saltu
643 617 791 662 super
838 604 999 652 ardua
1038 608 1165 653 venii
1203 607 1443 667 Perqama
1493 611 1533 653 et
1571 611 1814 655 armatum

125 675 330 736 peditem
364 678 535 737 qravis
574 676 736 723 attulit
773 678 908 725 alvo:
954 693 1062 726 ecce
1102 680 1350 743 signifieat-
1387 684 1605 743 tempus,
1645 681 1813 728 memi-

126 750 262 810 nisti,
300 751 489 812 inquit‚
536 751 696 798 noctis
736 751 894 811 illius,
946 753 1178 813 quoniam
1229 755 1364 802 mala
1413 756 1466 802 in
1514 755 1814 803 oblivionem

126 824 293 872 venire
331 840 430 872 non
468 826 699 886 possunt,
747 828 866 872 tunc
914 840 1025 873 eum
1071 842 1225 888 equus
1271 828 1355 875 ille
1403 829 1632 876 ultimum
1672 828 1813 876 nobis

128 901 178 946 et
215 899 409 960 patriae
448 898 707 946 interitum
746 899 897 946 ferret
938 904 985 947 et
1024 905 1216 949 nostras
1257 901 1516 950 duceretur
1553 905 1604 949 in
1644 906 1814 963 portas

60 989 104 1022 ιο
129 987 185 1020 ac
208 971 352 1020 nobis
376 972 504 1019 nihil
528 972 724 1020 adversi
748 974 1115 1034 suspicantibus
1139 976 1343 1023 inimica
1366 977 1639 1038 gratulatio
1673 979 1813 1024 esset.

126 1046 216 1094 illa
270 1047 466 1094 chorum
512 1047 776 1102 simulam,
831 1047 923 1095 hoe
974 1050 1050 1095 est
1099 1063 1406 1096 communem
1460 1065 1510 1097 se
1562 1049 1815 1098 nobiscum

128 1120 518 1184 gratulationem
570 1120 751 1168 habere
806 1121 1111 1185 confingens,
1173 1124 1394 1170 euhantis
1445 1125 1584 1184 oryia
1636 1126 1815 1171 circum

127 1194 331 1243 ducebat
374 1194 637 1256 Pbryqias,
689 1196 942 1254 flammam
987 1197 1149 1244 media
1193 1198 1303 1256 ‘ipsa
1350 1198 1534 1245 tenebat
1578 1200 1815 1259 inqentem

13 1305 34 1318 ,
129 1271 171 1316 et
221 1283 414 1316 summa
467 1269 676 1316 Danaos
732 1284 788 1316 ex
841 1283 951 1317 aree
1004 1271 1228 1318 vocabat:
1281 1270 1343 1318 ad
1397 1270 1814 1332 pulchritudinem

16 1403 18 1405 Ι
61 1357 103 1390 15
126 1342 358 1390 mulieres
398 1341 643 1407 Phrygias
691 1345 741 1390 et
786 1343 961 1391 ludum
1007 1343 1190 1408 fingere
1232 1382 1572 1392 ..........
1614 1343 1814 1393 Graecis

127 1431 153 1464 e
200 1431 390 1464 summo
441 1416 600 1465 facem
653 1433 802 1478 quam
854 1417 1057 1466 tenebat
1109 1413 1146 1481 †
1164 1418 1430 1466 ardentem.
1524 1434 1611 1466 nec
1666 1434 1816 1480 supra

19 1493 30 1546 ζ
125 1506 306 1538 nomen
345 1491 451 1539 eius
489 1493 694 1553 propter
733 1491 900 1539 odium
947 1493 1158 1539 nimium
1203 1492 1330 1539 dixit
1375 1508 1533 1554 neque
1578 1492 1659 1539 hic
1706 1508 1815 1540 eam

0 1575 28 1635 ¹J
125 1566 427 1625 nominavit,
477 1567 535 1612 ut
573 1565 818 1613 Helenam
856 1566 1062 1626 diceret,
1110 1566 1195 1614 sed
1242 1566 1368 1613 dixit
1405 1566 1509 1626 illa,
1556 1566 1683 1613 dixit
1720 1564 1814 1613 La·

14 1667 21 1708 ⁴.
127 1654 321 1687 eaenae.
398 1642 502 1686 tum
537 1655 613 1687 me
652 1641 915 1700 confectum
961 1642 1093 1688 euris
1137 1654 1394 1700 somnoque
1427 1642 1688 1700 qravatum
1724 1641 1800 1688 in·
1816 1643 1904 1684 520

19 1715 24 1747 ἱ
59 1727 104 1760 no
125 1714 245 1773 felix
295 1713 468 1761 habuit
510 1713 758 1762 thalamus
808 1716 1082 1774 pressitque
1129 1715 1360 1762 iacentem
1413 1714 1569 1762 dulcis
1622 1716 1667 1762 et
1713 1713 1815 1761 alta

9 1837 19 1846 ι
126 1788 261 1847 quies
289 1787 614 1847 placidaeque
651 1788 902 1836 simillima
939 1790 1106 1835 morti:
1159 1803 1269 1835 eum
1315 1803 1416 1848 me,
1462 1787 1649 1849 inquit,
1698 1802 1815 1835 cura

7 1853 22 1923 ξ
126 1863 179 1910 et
215 1861 452 1924 fatigatio
492 1863 712 1924 eorporis
749 1864 1043 1924 tempusque
1074 1861 1294 1909 duxisset
1331 1863 1383 1908 in
1422 1876 1663 1920 somnum,
1701 1876 1815 1923 age-

6 1939 22 2017 ζ
125 1934 243 1983 bam
280 1937 335 1983 in
373 1935 599 1984 cubiculo
630 1951 742 1984 meo
773 1938 823 1983 et
852 1935 1026 1983 infelix
1056 1935 1307 1983 thalamus
1338 1935 1540 1983 tenebat
1571 1934 1814 1983 dormien-

7 2006 21 2082 ’θ’
125 2011 241 2058 tem.
302 2009 425 2058 bene
455 2010 707 2058 infelicem
736 2009 1010 2058 thalamum
1045 2009 1185 2069 dixit,
1224 2025 1321 2071 quo
1353 2009 1485 2056 malo
1524 2009 1630 2056 fato
1660 2008 1814 2056 talem

4 2085 21 2134 ἒ
59 2098 104 2132 25
126 2082 391 2132 induxerat
428 2100 631 2132 uxorem
670 2084 751 2132 vel
788 2084 843 2131 in
874 2099 972 2145 quo
1010 2085 1087 2131 tot
1124 2083 1370 2144 supplicia
1401 2083 1624 2144 pertulit.
1692 2081 1813 2130 haec

126 2157 263 2206 faeta
294 2159 426 2218 sunt,
463 2158 642 2220 inquit,
683 2173 793 2206 eum
825 2174 902 2205 me
936 2157 1040 2205 alta
1071 2157 1213 2219 quies
1244 2158 1486 2204 tenuisset
1525 2159 1575 2203 et
1604 2157 1815 2204 iacerem

125 2247 216 2294 pro
240 2233 450 2280 mortuo.
499 2233 702 2297 gravius
727 2231 940 2280 dormire
965 2229 1349 2294 cogitationibus
1372 2229 1556 2278 staetos
1589 2232 1640 2277 et
1669 2228 1815 2278 aesti-

247 2393 275 2431 4
305 2388 578 2444 sperabatwr
609 2387 681 2432 ed.
820 2391 844 2430 ‘1
877 2387 1099 2431 oblivione
1129 2384 1171 2429 V
1202 2398 1316 2429 corr.
1341 2384 1412 2429 ed.
1556 2388 1583 2428 8
1614 2383 1746 2428 nobis
1774 2382 1816 2426 V

126 2447 242 2497 mihi
272 2447 381 2491 edF.
536 2451 591 2490 12
630 2453 816 2491 euantes
854 2445 925 2490 ed.
1080 2449 1133 2487 13
1166 2445 1386 2502 inqentem
1419 2442 1460 2484 V
1490 2443 1584 2488 ed.:
1630 2442 1813 2499 Heyne-

126 2504 338 2563 Wagner
368 2508 443 2564 (ex
473 2505 880 2563 interpretatione)
911 2503 1148 2548 Donatum
1179 2503 1410 2548 ardentem
1438 2501 1595 2559 legere
1625 2501 1709 2556 ait,
1732 2500 1815 2545 sed

127 2563 235 2610 vide
265 2565 392 2622 quod
422 2564 548 2609 infra
579 2564 814 2609 adnotavi.
938 2568 993 2607 15
1025 2562 1231 2607 mulia-is
1261 2561 1333 2607 ed.
1361 2563 1369 2619 Ι
1394 2562 1564 2619 frigiae
1594 2559 1635 2604 V
1665 2560 1813 2616 Phry·

125 2624 497 2728 seam&
511 2619 1817 2740 „¹1³3‘'21253155123‘3“ffmfffifftffimffassgsstiruhlffi

126 2743 298 2788 vocatis
329 2743 401 2787 ed.
504 2747 558 2787 16
590 2756 613 2787 e
642 2755 815 2787 summo
845 2739 890 2783 V
919 2754 942 2784 e
970 2754 1005 2784 8.
1030 2740 1152 2785 arcis
1181 2739 1253 2783 ed.
1281 2741 1288 2796 Ι
1319 2739 1466 2793 facem
1495 2736 1537 2781 V
1566 2737 1667 2791 face
1696 2735 1811 2794 ed.1

126 2801 306 2846 tenebat
327 2801 371 2845 V
394 2803 500 2859 ipsa
522 2806 553 2846 t.
578 2801 651 2846 ed.
679 2802 687 2858 Ι
713 2800 945 2846 ardentem
966 2797 1011 2843 V
1033 2798 1105 2842 ed.
1131 2798 1181 2842 in
1204 2798 1451 2844 ostenderet
1473 2794 1815 2840 emendandum

30 2862 35 2868 '
126 2862 259 2918 puto,
291 2861 375 2906 sed
406 2873 591 2906 erucem
621 2872 857 2917 apponere
886 2857 1047 2902 malui.
1197 2860 1252 2901 18
1284 2857 1465 2902 lacenae
1494 2853 1538 2898 V
1569 2868 1652 2898 ma
1682 2853 1754 2898 ed.

30 2972 34 2981 1
129 2923 187 2963 22
210 2919 456 2978 aqebamV
478 2920 681 2965 iacebam
703 2918 775 2962 ed.
861 2922 918 2960 24
942 2930 1030 2974 quo
1044 2915 1087 2961 V
1110 2929 1250 2973 quum
1273 2915 1344 2959 ed.
1430 2918 1487 2958 2⁶
1511 2910 1815 2959 induxeratV

36 3012 55 3040 ¹„
127 2978 335 3024 <iunxisset
363 2978 435 3023 ed.
543 2982 599 3023 27
633 2976 830 3023 dormire
859 2975 902 3020 V
934 2989 1046 3021 wem
1077 2975 1149 3020 ed.
1178 2977 1186 3031 Ι
1221 2975 1400 3030 fructus
1429 2971 1472 3017 V
1495 2971 1566 3017 ed.
1600 2975 1687 3016 40⁸
1714 2983 1813 3015 nos.
