2014 3226
214 166 282 216 68
676 160 907 205 DONATI
938 159 1217 203 INTERPR.
1252 158 1428 204 VERG.

212 304 465 352 arboribus
498 303 718 349 clausam
750 302 934 348 circum
966 303 1114 361 atque
1146 299 1459 348 horrentibus
1490 299 1677 347 umbris
1702 299 1898 347 occulit.

212 394 319 425 ecce
369 380 417 424 et
462 377 541 423 hic
579 375 775 421 Aeneae
823 375 1031 422 virtutes
1080 377 1129 421 et
1177 374 1330 421 animi
1376 377 1425 420 et
1473 374 1691 435 corporis
1731 389 1899 420 nume-

211 455 403 510 rantur-3
475 449 653 510 quietis
710 450 840 494 enim
895 447 1121 496 omnibus
1177 451 1225 494 et
1279 447 1543 511 diligenter
1598 447 1898 496 absconditis

213 526 342 573 solus
384 539 493 570 cum
533 539 629 569 uno
671 522 734 569 ad
771 523 1014 569 incertum
1051 522 1228 584 pergit.
1308 520 1508 568 additur
1547 523 1592 568 ei
1632 537 1661 568 a
1698 522 1829 583 loco,
1871 537 1900 568 a

213 604 446 658 tempore,
487 613 515 643 a
555 611 765 657 persona
806 595 942 642 aliud
982 595 1044 643 ad
1082 595 1301 655 laudem,
1341 611 1458 642 nam
1498 610 1609 642 cum
1649 610 1699 641 se
1739 596 1785 642 ei
1817 594 1900 643 ob·
1948 612 1967 645 5

213 673 407 719 tulisset
461 670 624 717 media
677 671 730 717 in
785 669 911 717 silva
966 670 1222 730 conposita
1274 669 1337 716 ad
1383 669 1651 716 fallendum
1702 669 1899 729 femina,

215 746 303 791 sub
358 745 564 807 virginis
619 743 797 790 habitu
844 747 891 790 et
937 744 1099 791 forma
1147 745 1289 803 quasi
1334 744 1583 803 venatrix,
1638 746 1801 790 motus
1848 744 1902 789 in

215 819 470 866 libidinem
509 834 607 865 non
648 821 743 878 est,
793 819 871 864 cui
910 816 1097 864 dabant
1136 818 1302 864 omnia
1343 815 1557 864 audendi
1596 817 1902 876 facultatem,

215 894 364 952 locus,
403 893 681 954 virginitas,
722 891 1055 952 pulchritudo,
1094 892 1317 938 vestitus.
1397 890 1660 938 accedebat
1707 890 1769 936 ad
1815 890 1902 938 ho-

215 967 359 1013 minis
400 967 680 1012 castitatem
720 965 967 1012 malorum
1003 966 1259 1012 tantorum
1297 979 1444 1012 saeva
1477 966 1743 1028 congeries,
1777 979 1902 1025 quae
1928 982 1969 1014 ιο

215 1042 365 1087 etiam
395 1039 688 1087 libidinosos
719 1041 921 1086 revocat
953 1054 982 1086 a
1007 1038 1212 1086 Veneris
1245 1038 1603 1100 voluptatibus,
1635 1042 1691 1086 ut
1724 1038 1903 1086 Teren-

213 1115 312 1161 tius
361 1115 432 1160 ait
479 1106 665 1178 (heaut.
704 1117 749 1173 1,
785 1116 830 1173 1,
865 1106 958 1177 57)
999 1113 1166 1172 „nulla
1206 1112 1327 1160 adeo
1368 1128 1425 1159 ex
1463 1129 1515 1159 re
1553 1112 1689 1160 istud
1719 1112 1776 1160 fit
1806 1113 1905 1159 nisi

216 1204 271 1234 ex
310 1188 464 1235 nimio
506 1185 652 1235 otio“.
721 1188 792 1234 ait
832 1202 948 1250 ergo
989 1188 1067 1234 eui
1103 1190 1258 1234 mater
1294 1187 1456 1235 media
1493 1201 1594 1234 sese
1625 1187 1734 1233 tulit
1763 1187 1905 1234 obvia

130 1268 212 1304 315
229 1263 355 1308 silva
392 1262 597 1321 viminis
635 1275 688 1308 os
725 1261 1033 1320 habitumque
1067 1274 1239 1321 yereus
1271 1264 1314 1308 et
1341 1263 1548 1322 virqtnis
1578 1275 1722 1308 arma
1752 1259 1903 1320 Spar-

216 1340 359 1383 tanae
403 1335 477 1383 vel
527 1335 687 1394 qualis
741 1349 883 1394 equos
932 1335 1161 1382 Threissa
1214 1336 1392 1395 fattyat
1435 1335 1719 1396 Harpalyce
1771 1334 1904 1382 volu-
1929 1350 1971 1384 15

217 1423 433 1469 (remque
461 1410 584 1469 fuya
606 1411 938 1468 praevertitur
960 1409 1194 1456 Hebrum.
1250 1423 1457 1468 namque
1488 1410 1669 1457 umeris
1693 1409 1751 1456 de
1773 1421 1906 1455 more

215 1484 421 1530 habitem
458 1484 777 1543 suspenderat
814 1497 983 1530 arcum
1019 1483 1241 1531 veuatrioe
1279 1483 1566 1542 dederatque
1597 1497 1781 1530 comam
1812 1483 1907 1541 dif-

130 1562 214 1601 320
231 1558 434 1615 fundere
478 1558 650 1612 ventis‘,
696 1558 836 1604 nuda
870 1572 998 1616 yeuu
1038 1558 1255 1615 nodoque
1293 1558 1432 1604 sinus
1470 1558 1662 1604 collecta
1698 1557 1905 1615 fluentia

219 1646 325 1678 ecce
374 1634 560 1691 quanta
605 1632 929 1678 inritamenta
974 1630 1197 1678 libidinis
1236 1630 1439 1678 Aenean
1487 1647 1586 1679 non
1624 1633 1905 1678 moverunt:

217 1721 334 1752 nam
379 1706 475 1752 fuit
521 1705 750 1766 pulchra,
795 1705 920 1752 bene
967 1706 1168 1765 vestita,
1216 1705 1411 1766 capillis
1458 1704 1648 1752 diffusis
1689 1707 1738 1752 et
1777 1720 1906 1767 genu
1928 1718 1973 1754 8⁰

219 1778 372 1838 nuda,
425 1777 601 1826 dehinc
657 1778 786 1840 quod
834 1794 883 1826 se
929 1780 982 1826 in
1026 1779 1118 1826 illa
1165 1778 1430 1826 solitudine
1478 1778 1541 1826 ad
1587 1777 1906 1826 conferendas

222 1868 331 1899 cum
377 1853 498 1899 viris
543 1851 738 1900 fabulas
784 1854 923 1914 prior
966 1853 1189 1916 ingessit.
1267 1852 1400 1914 quod
1443 1868 1560 1900 vero
1608 1853 1908 1915 generaliter

222 1926 408 1972 dictum
454 1929 528 1974 est
565 1927 775 1989 virginis
814 1942 869 1975 os
906 1926 1232 1988 habitumque
1271 1941 1467 1990 gerens,
1513 1926 1606 1974 hoc
1653 1929 1728 1974 est
1775 1925 1906 1987 quod

222 1999 503 2060 specialiter
542 2002 852 2048 enumeravit
890 2000 1011 2062 quid
1049 2002 1116 2048 sit
1153 2002 1364 2064 virginis
1404 2015 1480 2062 os,
1527 2000 1647 2061 quid
1684 1999 1907 2060 habitus3

220 2089 335 2120 nam
383 2073 676 2134 suspendere
723 2089 892 2122 arcum
939 2078 988 2122 et
1034 2090 1227 2123 comam
1271 2075 1432 2122 ventis
1487 2073 1603 2121 dare
1657 2075 1908 2137 virginum

223 2150 297 2195 est
335 2148 534 2208 species,
574 2147 707 2195 nuda
747 2164 875 2211 genu
914 2149 1142 2210 nodoque
1183 2150 1318 2196 sinus
1359 2148 1565 2196 collecta
1603 2147 1801 2196 fluentis
1844 2147 1908 2194 ad

223 2220 448 2268 habitum
494 2222 756 2282 pertinent.
834 2222 968 2271 nuda
1013 2239 1143 2286 genu
1189 2225 1238 2270 et
1285 2224 1420 2270 sinus
1464 2222 1672 2270 collecta
1709 2221 1907 2270 fluentis

223 2309 403 2356 genera
442 2298 555 2341 sunt
593 2295 912 2356 locutionum,
954 2299 1011 2344 ut
1049 2297 1272 2345 ornatior
1309 2295 1397 2343 fiat
1436 2298 1612 2344 oratio.
1679 2310 1736 2343 ae
1764 2297 1909 2356 prior

221 2368 358 2423 heu-9,
417 2369 594 2427 inquit,
645 2370 841 2417 iuvenes
851 2387 868 2427 ;
934 2371 1073 2431 prior
1117 2371 1250 2417 enim
1297 2369 1467 2417 debuit
1512 2369 1678 2417 Venus
1733 2369 1907 2418 offerre

222 2441 456 2502 loquendi
509 2441 762 2503 fiduciam,
815 2459 876 2491 ne
928 2443 1030 2492 illis
1083 2444 1348 2506 inprobum
1400 2444 1612 2492 forsitan
1657 2442 1910 2492 videretur

224 2531 334 2562 cum
380 2516 594 2577 virgine,
641 2530 752 2563 cum
799 2517 904 2565 sola
952 2533 1077 2579 quae
1123 2534 1223 2567 non
1261 2518 1368 2566 sola
1406 2520 1666 2580 putaretur
1702 2518 1908 2565 miscere
1955 2575 1957 2578 Α

225 2588 552 2650 conloquium.
631 2592 760 2638 certe
808 2593 856 2638 et
901 2591 1028 2638 illud
1075 2591 1138 2639 ad
1183 2591 1458 2640 fallendum
1494 2590 1805 2654 proficiebat,
1850 2591 1908 2638 ut
1931 2579 1961 2662 ’ζ

345 2734 366 2772 1
400 2729 574 2774 umbris
605 2743 692 2774 om.
718 2730 790 2774 ed.
824 2716 829 2717 ⁷
906 2735 931 2774 2
963 2737 1447 2776 ecee—numerantur
1477 2744 1618 2788 supra
1649 2732 1758 2787 post
1787 2709 1970 2774 discit&

224 2787 422 2831 inseruit
452 2788 523 2831 ed.
648 2793 700 2831 11
734 2789 928 2834 veneriis
958 2805 992 2833 r.
1118 2795 1172 2834 12
1205 2791 1274 2835 ait
1304 2804 1392 2834 om.
1418 2790 1528 2834 edF.
1650 2793 1701 2833 17
1736 2802 1907 2838 comam
1950 2830 1954 2838 ,

225 2846 311 2889 LR
341 2860 491 2891 eomas
521 2847 592 2891 ed.
715 2851 771 2891 2⁷
802 2848 1004 2893 ‘nuda—
1021 2850 1204 2904 fluentis
1234 2863 1322 2894 om.
1349 2849 1420 2893 ed.
1543 2852 1599 2892 29
1631 2848 1783 2904 inquit
1816 2854 1905 2891 om.

225 2905 297 2949 ed.
396 2908 454 2948 30
483 2906 646 2960 forsan
677 2906 747 2950 ed.
845 2911 899 2950 31
933 2921 1046 2964 quae
1076 2922 1171 2954 own
1199 2909 1298 2953 sola
1329 2907 1414 2951 LR
1445 2907 1671 2964 expunxit
1699 2922 1723 2950 r
1751 2905 1906 2950 nescio

227 2976 287 3007 an
317 2966 443 3008 recte
475 2979 590 3020 quae
619 2970 729 3010 tuuc
759 2966 857 3010 sola
889 2966 997 3011 edF.
1042 3020 1046 3023 .
1264 2974 1266 2978 ’
1883 2997 1885 3000 -
1923 2967 1953 3226 ξ
