2014 3226
148 2488 203 2528 10

228 205 336 256 356
695 201 924 246 DONATI
955 201 1235 245 INTERPR.
1269 201 1447 245 VERG.

228 345 380 391 fuerit
428 359 566 402 cura,
613 345 669 389 ut
717 342 768 389 in
808 341 1022 401 Didone,
1069 357 1169 389 non
1215 343 1380 402 potest
1418 342 1716 389 intervenire
1757 345 1916 390 somni

227 417 528 465 beneficium.
608 432 715 463 ecce
757 414 1170 476 quemadmodum
1210 415 1419 463 Didonis
1458 415 1801 463 describuntur
1840 433 1915 464 ar-

229 491 389 538 dores:
441 506 536 537 non
577 489 866 536 flectebatur
904 489 956 535 in
993 490 1215 550 requiem
1254 504 1343 536 nec
1382 491 1541 537 somni
1579 491 1762 537 virtute
1808 491 1915 537 vin-

230 565 430 612 cebatur
462 566 547 610 aut
579 566 814 624 tempore,
841 564 958 623 quia
990 562 1276 624 inpediebat
1305 563 1495 611 medius
1521 579 1671 612 amor.
1718 567 1919 623 postera

228 639 446 685 Phoebea
486 639 725 685 lustrabat
761 637 988 696 lampade
1027 639 1182 684 terras
1221 640 1549 697 umentemque
1587 651 1772 685 aurora
1801 638 1918 698 polo

229 713 496 759 demoverat
547 712 792 765 umbram,
848 725 957 758 cnm
1009 712 1077 757 sic
1129 712 1411 758 unanimem
1465 712 1744 771 adloquitur
1791 713 1919 759 male

228 800 356 833 sana
387 799 624 832 sororem:
662 800 761 832 non
795 784 920 831 dixit
952 785 1228 832 lucescente
1260 783 1338 830 die
1362 784 1607 832 Didonem
1639 785 1918 845 surrexisse,

229 860 347 920 quia
393 859 605 922 pervigil
651 860 963 920 transegerat
1010 860 1227 916 noctem,
1275 858 1359 906 sed
1407 873 1516 906 cum
1559 858 1775 920 primum
1814 859 1918 906 dies

228 933 405 981 fuisset
459 935 651 992 exorta,
705 933 924 980 locutam
976 933 1102 980 talia
1156 947 1267 979 cum
1322 947 1501 980 sorore.
1578 934 1701 980 mire
1751 935 1919 980 autem

229 1008 398 1068 posuit
443 1007 574 1054 male
623 1019 764 1054 sana:
827 1022 975 1053 sanus
1023 1008 1099 1054 est
1145 1007 1276 1053 enim
1324 1008 1410 1067 qui
1454 1007 1591 1054 nullo
1640 1007 1793 1054 animi
1833 1009 1920 1054 aut

231 1079 448 1142 corporis
502 1080 815 1128 incommodo
869 1081 1135 1141 premitur,
1189 1095 1337 1128 sanus
1383 1096 1483 1129 non
1529 1081 1604 1128 est
1651 1079 1735 1142 qui
1781 1081 1918 1128 nullo

230 1154 387 1202 bonae
441 1154 733 1202 valitudinis
786 1153 1022 1203 beneficio
1086 1155 1397 1215 confovetur,
1458 1155 1587 1202 male
1641 1170 1791 1202 sanus
1847 1157 1920 1202 est

230 1229 397 1276 autem
438 1230 524 1289 qui
563 1228 718 1275 animi
755 1230 1014 1276 tormentis
1055 1227 1310 1291 adfligitur
1342 1229 1391 1276 et
1421 1244 1512 1290 pro
1545 1243 1664 1276 sano
1695 1228 1918 1276 habetur.

230 1303 419 1349 interea
444 1317 555 1350 cum
585 1304 735 1364 poeta
757 1302 1035 1363 praemittit
1062 1317 1293 1362 sororem,
1316 1303 1597 1364 praemittit
1619 1303 1920 1360 unanimem,

231 1375 447 1424 ostendit
488 1376 679 1437 aliquid
710 1376 955 1424 Didonem
987 1391 1250 1439 germanae
1282 1376 1528 1424 dicturam
1560 1376 1775 1438 quod‘in
1810 1377 1919 1424 vul-

231 1465 324 1513 gus
363 1466 462 1497 non
503 1449 703 1498 deberet
742 1450 886 1497 exire.
950 1452 1058 1498 erat
1096 1451 1228 1497 enim
1266 1450 1609 1511 turpissimum
1646 1466 1835 1499 amores
1866 1451 1919 1497 in
1948 1447 1950 1450 ⁴

231 1524 476 1585 hospitem
522 1523 719 1586 publice
767 1523 1011 1584 confiteri,
1062 1523 1145 1571 sed
1191 1523 1382 1572 nullam
1427 1523 1639 1586 putabat
1680 1524 1769 1572 ssla
1809 1540 1920 1572 con·
1980 1586 1983 1588 ‚

232 1599 516 1658 sessionem,
571 1597 769 1659 quando
824 1597 876 1644 in
931 1597 1120 1646 duobus
1175 1613 1401 1646 sororum
1455 1598 1741 1660 corporibus
1795 1613 1934 1647 unus·
2002 1618 2004 1631 1

232 1673 424 1719 animus
456 1671 566 1720 fuit.
627 1671 782 1720 Anna
813 1686 975 1720 soror:
1012 1674 1278 1733 utrumque
1318 1673 1557 1734 conplexa
1589 1674 1677 1731 est,
1709 1672 1922 1720 alterum
2002 1672 2004 1683 ¹

230 1761 408 1794 nomen
463 1762 560 1807 quo
614 1748 878 1794 vocaretur
931 1745 992 1794 ab
1048 1746 1299 1806 omnibus,
1358 1747 1569 1794 alterum
1623 1746 1757 1808 quod·
1811 1761 1938 1795 con-.

231 1820 586 1882 sanguinitatis
640 1819 844 1868 dederat
898 1835 1081 1868 cursus,
1169 1820 1246 1868 his
1308 1819 1562 1868 vocabulis
1617 1819 1941 1868 admonitam

231 1893 416 1954 voluit,
462 1895 519 1941 ut
566 1894 698 1955 quod
745 1897 851 1942 erat
899 1893 1132 1942 auditura
1176 1896 1381 1942 teneret¹
1414 1895 1580 1942 animo
1629 1895 1678 1941 et
1716 1893 1955 1942 consilio

231 1970 424 2030 regeret
463 1970 794 2015 aestuantem:
850 1970 900 2015 et
937 1970 1105 2016 tamen
1146 1969 1504 2016 confessionem
1542 1969 1726 2030 ipsam,
1774 1984 1857 2029 qu
1885 1990 1927 2011 ιιι

233 2040 421 2089 sciebat
473 2041 810 2102 inhonestam,
862 2058 963 2090 non
1010 2042 1161 2090 semel
1208 2041 1399 2103 effudit,
1455 2041 1542 2090 sed
1586 2057 1679 2090 usa
1728 2044 1804 2091 est
1848 2043 1900 2089 in

233 2114 516 2163 sinuatione
556 2118 604 2163 et
642 2131 732 2177 per
769 2116 943 2180 longos
982 2115 1245 2164 verborum
1285 2116 1493 2164 circulos
1530 2117 1669 2164 venit
1709 2115 1770 2164 ad
1813 2131 1921 2181 ea3
1971 2177 1974 2179 Α

233 2191 428 2250 partem
474 2204 602 2251 quae
650 2191 755 2238 sine
801 2191 1013 2238 iactura·
1039 2189 1267 2251 pudoris,
1314 2189 1540 2251 quamvis
1588 2189 1720 2251 apud
1769 2189 1870 2237 tale
1900 2211 1922 2231 n

233 2277 474 2323 sororem,
528 2262 738 2324 proferri
783 2279 884 2311 non
929 2264 1110 2326 potuit.
1186 2264 1280 2311 hoc
1324 2263 1432 2311 loco
1479 2265 1699 2326 apertius
1740 2263 1860 2311 dicit
1920 2303 1922 2307 .

234 2335 355 2397 quid
409 2337 475 2384 sit
528 2337 736 2397 „multa
770 2337 867 2384 viri
921 2330 1080 2385 virtus
1134 2338 1306 2386 animo
1357 2337 1640 2400 multusque
1701 2351 1933 2386 recursa

235 2410 397 2472 gentis
435 2408 635 2458 honos“.
705 2412 780 2459 ait
817 2412 946 2459 enim
968 2411 1133 2459 Anna
1172 2426 1326 2471 soror,
1364 2426 1487 2472 qnae
1524 2425 1600 2459 me
1635 2425 1870 2471 suspen&
1890 2434 1903 2453 ι.
1972 2455 1973 2458 ,

234 2485 500 2532 insomnia
525 2486 730 2532 terrent!
803 2486 911 2545 quis
948 2499 1104 2533 novus
1139 2486 1216 2532 hic
1252 2487 1431 2533 nostris
1468 2486 1696 2534 successit
1729 2485 1877 2532 ενι.
1905 2504 1909 2524 ;
1950 2484 1978 2531 ’ζ’

233 2558 429 2618 hospes!
502 2557 692 2619 patior,
737 2558 924 2620 inquit,
969 2574 1128 2619 soror,
1173 2558 1443 2619 insomnia,
1497 2558 1614 2606 dum
1669 2557 1836 2609 consid
1848 2579 1909 2601 ·-.·
1964 2561 1986 2588 ’-

234 2631 360 2679 nihil
408 2646 511 2680 esse
556 2632 610 2678 in
655 2631 860 2694 hospite·
897 2634 1066 2681 nostro
1115 2633 1247 2694 quod
1292 2633 1533 2695 praefer-ri
1582 2648 1682 2680 non
1731 2631 1900 2680 debeo.
1972 2654 1974 2658 >

356 2777 378 2814 1
413 2772 684 2816 intervenire
715 2771 803 2815 LR
832 2773 1035 2817 inveniri
1063 2773 1135 2817 ed.
1257 2778 1284 2817 4
1312 2778 1470 2829 postea
1501 2772 1588 2817 ΕΒ,
1615 2777 1796 2829 postera
1811 2786 1860 2816 .1·.

239 2833 292 2872 10
323 2843 468 2875 sanus
497 2834 563 2875 est
598 2832 719 2875 enim
748 2830 837 2874 LR
871 2845 1015 2877 sanus
1051 2846 1145 2876 non
1183 2837 1247 2877 est
1277 2831 1355 2876 ed.-
1387 2845 1482 2876 non
1514 2831 1604 2876 del.
1637 2831 1708 2876 ed.
1740 2831 1892 2888 posts‘.

239 2893 292 2932 16
322 2891 495 2934 anwris
515 2889 558 2932 R
587 2902 787 2934 amorem
815 2904 851 2934 r.
942 2895 999 2934 20
1030 2905 1118 2947 quo
1141 2890 1334 2935 om.LR
1357 2891 1465 2935 add.
1489 2905 1512 2933 r
1535 2891 1606 2935 ed.
1701 2891 1908 2935 28=»1·='

236 2953 434 2992 mantem
464 2947 551 2991 LR
581 2948 653 2992 ed.
685 2953 966 2994 aestuantem
992 2963 1090 2994 nos.
1265 2954 1322 2994 28
1353 2955 1530 2995 recusat
1560 2949 1646 2993 LR
1679 2963 1793 2994 corr.
1823 2962 1869 2992 ta
1883 2965 1894 2996 ;.·
1958 2983 1962 2988 .

237 3009 294 3049 29
326 3020 455 3063 quem
485 3021 553 3051 me
582 3006 670 3051 1,ss
699 3008 774 3064 (ex
803 3022 888 3064 que
914 3010 1014 3066 me).
1844 3010 1850 3017 '
