2014 3226
758 153 1060 198 AENEIDos
1093 154 1155 197 VI
1699 159 1805 209 553

118 309 214 356 que
254 293 457 340 humare
498 309 596 340 non
635 293 802 353 potuit
842 309 962 354 quos
1011 309 1122 341 cum
1163 294 1284 356 ipsis
1332 294 1542 341 navibus
1590 297 1806 356 procella

117 366 420 429 perdiderat:
477 365 610 427 quod
656 367 837 413 vitium
891 371 1135 430 purgatur
1185 384 1272 415 nec
1320 368 1522 416 Aenean
1575 372 1806 433 aspergit,

118 442 237 503 quia
284 455 406 502 quos
454 455 551 487 non
600 439 775 487 habuit
822 442 874 487 in
914 443 1165 502 praesenti
1219 442 1426 503 sepelire
1481 459 1577 490 non
1633 444 1805 501 valuit,

117 517 290 576 utpote
324 529 445 575 quos
477 516 736 562 ventorum
775 515 1021 575 procellae
1062 519 1343 577 presserant
1382 520 1431 563 et
1469 516 1679 564 inmensi
1719 534 1807 578 per

73 607 92 639 5
118 588 313 636 diversa
350 588 621 649 rapuerant
659 587 850 636 fluctus.

228 662 354 709 Ecce
387 662 684 722 yubcrnator
721 675 821 708 sese
859 662 1131 710 Palinurus
1179 664 1370 723 ayebat:
1419 663 1470 710 in
1518 665 1609 711 hac
1657 680 1806 712 causa

117 738 268 784 etiam
293 735 556 784 Palinurus
589 737 782 796 positus
815 735 1102 797 apparebat,
1136 739 1217 796 qui
1242 738 1424 798 Libyco
1456 753 1612 797 nuper
1643 753 1806 793 cursu,

115 810 233 858 dum
271 811 434 858 sidera
465 813 640 865 servat,
675 810 915 857 exciderat
936 812 1096 870 puppi
1127 811 1299 858 mediis
1331 813 1522 870 ecfusus
1552 814 1602 859 in
1637 813 1805 859 undis:

116 883 178 931 ab
225 884 371 931 huius
418 899 616 945 quoque
663 898 780 931 casu
827 887 1090 932 excusatur
1136 884 1353 945 Aeneas,
1404 886 1639 947 quoniam
1680 887 1805 934 inse-
1863 887 1866 891 '

49 976 92 1008 10
115 958 311 1019 pultum
354 958 612 1006 constabat
652 973 755 1006 esse
797 959 948 1005 etiam
987 957 1299 1019 Palinurum3
1346 961 1416 1007 sic
1455 959 1584 1007 enim
1625 960 1804 1008 effusus

115 1035 190 1080 est
228 1033 367 1092 navi,
408 1047 519 1079 cum
559 1034 686 1079 esset
724 1033 830 1094 ipse
878 1048 1074 1093 quoque
1114 1033 1308 1080 Aeneas
1354 1034 1406 1080 in
1445 1034 1645 1097 pelago:
1686 1050 1802 1095 quo-

114 1106 259 1154 modo
299 1107 458 1170 igitur
496 1105 694 1167 sepeliri
727 1105 892 1167 potuit
925 1122 1069 1168 quem
1102 1110 1362 1167 exceperat
1393 1107 1607 1155 latitudo
1638 1107 1804 1170 pelagi

115 1183 163 1227 et
202 1180 250 1226 in
299 1180 504 1227 litorum
551 1182 726 1243 ignota
776 1178 1152 1228 transvexerat?
1215 1181 1285 1228 sic
1334 1197 1448 1243 ergo
1501 1181 1804 1228 ordinandus

116 1256 191 1302 est
230 1269 422 1314 sensus,
468 1269 529 1301 ne
577 1253 665 1301 fiat
703 1254 906 1314 vitium,
961 1256 1017 1301 ut
1066 1256 1118 1301 in
1164 1254 1309 1302 undis
1357 1255 1538 1303 effusus
1578 1254 1805 1303 videatur

12 1316 28 1326 ”
46 1343 88 1377 15
116 1321 182 1394 (si
214 1328 344 1375 enim
375 1329 449 1376 ita
481 1330 625 1388 esset,
665 1327 765 1375 dici
796 1321 1139 1395 convenerat):
1179 1331 1235 1376 ut
1274 1328 1339 1376 sit
1370 1329 1617 1376 exciderat
1648 1328 1805 1390 puppi

114 1402 323 1463 effusus,
363 1417 472 1450 cum
510 1403 565 1449 in
602 1401 749 1450 undis
790 1404 919 1450 esset
956 1402 1048 1450 hoc
1089 1404 1163 1451 est
1199 1404 1473 1467 navigaret.
1542 1404 1669 1450 hunc
1707 1403 1789 1449 ubi
1806 1410 1896 1449 340

111 1478 194 1524 <vix
223 1477 379 1524 multa
409 1479 647 1524 maestum
678 1478 894 1538 cognovit
922 1478 977 1524 in
1007 1472 1197 1532 umbra,
1229 1478 1299 1524 sic
1328 1478 1472 1536 prior
1503 1476 1805 1537 adloquitur:

111 1550 304 1598 tardius
344 1565 608 1614 agnoscere
650 1551 864 1598 amicum
896 1551 1082 1598 crimen
1122 1553 1197 1598 est
1227 1552 1512 1611 maximum,
1552 1550 1636 1598 sed
1668 1550 1805 1597 dedit

112 1625 228 1672 huic
279 1626 646 1673 excusationem
692 1640 990 1688 magnarum
1036 1625 1374 1685 tenebrarum,
1428 1624 1556 1671 unde
1606 1623 1804 1671 laudari

0 1690 1 1742 l
45 1715 88 1748 20
110 1700 278 1760 potius
318 1698 476 1759 debet,
518 1699 637 1761 quia
677 1698 794 1748 altis
831 1698 1050 1747 tenebris
1083 1701 1310 1760 saeptum
1340 1699 1507 1760 potuit
1539 1713 1802 1760 agnoscere

112 1774 163 1820 et
193 1788 402 1837 angores
435 1773 539 1821 eius
573 1773 817 1822 contracti
847 1773 1015 1821 vultus
1048 1773 1438 1820 consideratione
1470 1773 1650 1820 metiri.
1704 1787 1803 1819 non

16 1900 24 1908 ι
113 1849 279 1895 autem
318 1847 676 1909 exprimeretur
714 1847 911 1895 Aeneae
959 1846 1098 1895 dolor
1144 1848 1318 1908 captus
1367 1862 1422 1894 ex
1463 1861 1542 1906 eo,
1592 1845 1635 1894 si
1672 1845 1802 1893 Pali-

111 1937 293 1968 nurum
354 1921 612 1969 induceret
662 1921 826 1983 primo
880 1922 1178 1983 loquentem.
1274 1922 1383 1979 quis
1436 1922 1498 1975 te,
1553 1919 1804 1975 Palinure,

14 2003 20 2006 ’
111 1996 310 2043 deorum
364 1997 543 2056 eripwelt
592 1996 733 2044 nobis
781 1995 1027 2055 medioque
1076 1994 1165 2042 sub
1213 2008 1418 2054 aequore
1470 1995 1667 2041 mersit?
1727 1994 1805 2041 dic

9 2083 88 2131 με
112 2084 223 2129 aye:
275 2084 484 2130 namque
520 2070 642 2117 mihi
685 2069 846 2130 fallam
895 2070 1015 2117 haut
1062 2071 1173 2116 wnte
1216 2071 1434 2129 repertus
1472 2068 1557 2116 hoc
1593 2081 1691 2115 uno
1729 2081 1802 2115 re-

8 2123 20 2183 f
110 2156 287 2204 sponso
319 2145 540 2192 animum
571 2143 746 2192 delusit
775 2142 968 2204 Apollo,
1007 2145 1090 2203 qui
1119 2143 1224 2202 fore
1255 2145 1296 2190 te
1318 2145 1469 2202 ponto
1504 2142 1788 2190 incolumem
1805 2146 1893 2186 345

8 2202 22 2258 ἕ
110 2218 320 2278 finisque
373 2218 577 2266 canebat
626 2220 884 2265 venturum
936 2215 1198 2264 Ausonios
1283 2231 1342 2263 en
1394 2217 1510 2264 haec
1553 2216 1803 2275 promissa

54 2331 56 2334 .
110 2292 232 2350 sides
272 2292 373 2339 est?
426 2291 505 2341 dic
535 2291 676 2352 mihi,
713 2291 894 2354 inquit,
934 2290 1043 2352 quis
1075 2291 1170 2338 iste
1202 2289 1266 2338 sit
1298 2289 1418 2338 deus
1450 2288 1536 2351 qui
1566 2303 1803 2350 responsa

111 2364 361 2427 Apollinis
407 2381 601 2428 semper
641 2365 767 2413 mihi
804 2365 904 2412 fida
942 2365 994 2411 in
1034 2364 1146 2412 aliis
1184 2363 1303 2412 fatis
1341 2363 1508 2425 potuit
1546 2378 1799 2425 superar03

44 2454 90 2488 zo
111 2438 243 2487 idem
283 2441 416 2488 enim
454 2442 503 2487 te
543 2439 727 2502 Apollo
767 2438 969 2486 Italiam
1007 2453 1197 2486 mecum
1237 2439 1498 2486 venturum
1541 2437 1800 2496 cecinerat,

110 2514 169 2562 ut
207 2512 372 2562 decuit
419 2516 468 2562 et
511 2529 704 2561 munus.
781 2512 964 2574 Apollo
1011 2526 1281 2574 numquam
1332 2510 1391 2558 de
1436 2510 1671 2559 Palinuro
1710 2508 1800 2557 ali-

230 2673 259 2712 4
290 2673 551 2725 quaestorum
574 2669 802 2726 procellae
828 2671 1119 2724 praesserant
1149 2665 1204 2710 V.
1339 2670 1365 2710 8
1397 2666 1576 2722 ecfusus
1605 2664 1654 2708 in
1686 2663 1801 2707 lem-

109 2729 238 2773 mate
276 2729 447 2783 effusus
484 2727 534 2772 in
573 2728 766 2784 interpr.
790 2726 844 2770 V.
1001 2729 1055 2768 10
1085 2726 1151 2771 sic
1180 2724 1223 2769 V
1261 2726 1303 2770 si
1332 2724 1403 2769 ed.
1558 2727 1611 2767 13
1651 2728 1799 2767 trans·

110 2792 327 2832 'vexerant
356 2787 412 2832 V.
537 2791 592 2831 15
623 2788 689 2831 sic
718 2786 761 2830 V
790 2786 834 2830 si
863 2785 936 2830 ed.
965 2786 972 2841 Ι
1006 2785 1101 2829 dici
1130 2788 1397 2830 convenerat
1427 2783 1457 2827 i.
1483 2796 1520 2828 e.
1554 2782 1603 2826 in
1633 2781 1800 2835 undas,

111 2845 238 2901 quod
270 2846 509 2903 expectari
539 2845 594 2891 D.
618 2846 759 2904 putat
789 2843 846 2888 cf.
865 2849 907 2898 5,
924 2848 1026 2899 344,
1057 2842 1142 2887 ubi
1173 2842 1390 2887 similiter
1419 2856 1523 2886 cum
1555 2839 1669 2885 vitio
1700 2839 1799 2896 opi-

110 2906 223 2949 nato
255 2903 564 2950 conflictatur.
672 2908 726 2948 19
759 2904 952 2948 laudare
982 2901 1036 2947 V.
1145 2906 1198 2946 31
1233 2907 1284 2947 ut
1314 2902 1470 2946 docuit
1498 2905 1540 2945 et
1569 2913 1736 2944 munus
1758 2898 1800 2942 V

109 2977 199 3009 om.
225 2963 296 3008 ed.
330 2969 384 3010 ut
413 2965 563 3010 decuit
592 2969 634 3008 et
662 2976 833 3008 munuc
861 2961 907 3006 H
935 2975 1022 3006 nos
1051 2961 1081 3006 i.
1107 2973 1144 3005 e.
1178 2959 1517 3019 gubernatoris.
