2014 3226
212 178 320 229 224
677 177 910 221 DONATI
940 176 1221 220 INTERPR.
1254 176 1433 220 VERG.

122 326 208 364 550
227 333 356 364 nime
402 332 607 364 morere:
671 317 817 378 quale
872 332 1163 377 responsum
1217 316 1414 364 deberet
1468 318 1629 364 iratus
1681 317 1798 365 dare
1845 333 1903 364 ex

212 391 488 438 maledictis
538 393 587 438 et
634 391 829 438 iniuriis
876 392 1039 438 motus
1088 391 1347 453 expressit,
1409 392 1463 437 in
1508 391 1618 452 ipsa
1657 392 1790 438 enim
1827 407 1903 439 re-

213 467 473 526 sponsione
530 465 746 512 ostendit
801 479 850 511 se
905 464 1067 511 verbis
1122 466 1288 525 potius
1344 465 1533 511 Priami
1595 468 1643 512 et
1698 465 1902 513 obiectis

213 540 510 587 saevissimis
552 540 843 599 excitatum,
891 538 1006 585 dum
1052 538 1223 585 eadem
1267 539 1500 600 replicat:
1562 538 1679 595 ibis,
1724 538 1903 600 inquit,

212 616 269 659 ut
299 614 434 674 patri
464 628 573 659 meo
605 614 711 674 ipse
743 613 928 659 referas
960 612 1089 658 male
1123 614 1264 674 gesta
1294 628 1405 659 mea
1437 615 1485 659 et
1518 612 1730 660 crudelis
1762 615 1904 662 actus
1950 629 1970 662 5

214 690 262 733 et
308 703 384 733 me
432 687 723 748 degenerem
761 686 979 746 nunties,
1027 686 1219 733 interea
1256 702 1457 734 morere.
1539 702 1646 734 ecce
1685 686 1902 735 brevitas

213 760 484 807 necessarie
533 762 720 821 posita,
781 776 1047 822 properare
1089 761 1234 806 enim
1281 760 1501 821 Pyrrhus
1553 760 1616 807 ad
1661 761 1904 809 ultionem

213 834 384 881 debuit
432 850 578 895 quem
623 837 767 881 tanta
815 836 1199 882 commoverant.
1276 835 1361 882 hoe
1409 834 1571 882 dicens
1618 835 1801 882 altaria
1839 836 1905 883 ad

216 911 322 968 ipsa
362 912 635 956 trementem
674 910 825 956 traxit
863 912 906 956 et
941 909 996 955 in
1025 909 1174 955 multo
1206 908 1478 968 lapsantem
1509 910 1748 969 sanquine
1777 911 1906 957 awti.-

214 998 323 1029 ecce
363 983 557 1029 animus
597 983 912 1030 vehementer
948 982 1080 1030 irati.
1143 982 1249 1043 hoc,
1281 984 1462 1043 inquit,
1495 982 1676 1043 dicens,
1707 983 1800 1031 hoc
1832 983 1906 1031 est
1932 999 1974 1032 ιο

214 1056 332 1103 dum
386 1056 546 1103 adhuc
599 1057 845 1117 loquitur,
899 1056 1054 1104 traxit
1108 1071 1295 1116 senem,
1348 1058 1502 1104 traxit
1553 1058 1734 1104 aetatis
1780 1057 1906 1105 vitio

211 1130 500 1194 tremulum,
562 1132 716 1178 traxit
772 1129 834 1177 ad
886 1132 1021 1192 ipsas
1077 1146 1188 1178 aras
1244 1131 1449 1178 deorum
1504 1146 1627 1192 quos
1681 1131 1906 1179 Priamus

213 1204 404 1251 dixerat
450 1204 668 1252 vindices
715 1205 842 1265 fore,
888 1206 1043 1252 traxit
1089 1205 1367 1266 lapsantem
1412 1206 1466 1252 in
1511 1204 1604 1252 filii
1650 1207 1906 1269 sanguine.

212 1280 411 1325 tantum
448 1280 615 1339 potuit
653 1279 728 1326 vis
768 1278 1070 1339 iracundiae,
1101 1281 1159 1325 ut
1190 1295 1288 1326 non
1321 1279 1655 1326 consideraret
1686 1279 1906 1342 Pyrrhus

213 1355 266 1399 in
320 1351 508 1399 Priami
563 1368 679 1399 nece
740 1352 996 1414 piaculum
1058 1369 1108 1400 se
1171 1352 1433 1400 admittere
1503 1355 1553 1400 et
1613 1353 1908 1415 inpietatem
1932 1366 1994 1402 115Δ

213 1427 553 1487 plenissimam
598 1426 834 1488 profiteri.
912 1427 1052 1487 fecit,
1099 1429 1156 1474 ut
1202 1427 1390 1474 dictum
1437 1429 1531 1488 est,
1578 1428 1698 1474 irati
1743 1430 1907 1475 mente

215 1501 501 1548 existimans
542 1516 592 1548 se
632 1518 732 1549 non
765 1501 1060 1564 sacrilegum
1091 1501 1342 1548 hominem
1374 1499 1532 1562 neq'ue
1563 1502 1757 1563 inpium
1788 1503 1907 1562 fore,
1987 1562 1989 1568 Ι

215 1575 301 1623 sed
338 1575 504 1636 ipsum
542 1574 803 1622 Priamum
841 1577 1038 1622 reatum
1077 1577 1413 1635 incursurum,
1453 1577 1496 1623 si
1537 1591 1646 1623 aras
1686 1575 1908 1623 foedaret
1987 1582 1989 1616 ἒ

215 1651 455 1711 sanguine
489 1665 593 1709 suo,
625 1665 748 1711 quas
780 1649 1056 1696 hostiarum
1089 1649 1235 1696 caede
1267 1649 1534 1710 promereri
1569 1652 1907 1711 consueverat,

217 1726 267 1770 et
311 1723 386 1770 fili
431 1723 670 1786 sanguine
719 1739 862 1771 suum
910 1738 1106 1784 quoque
1153 1723 1394 1771 misceret.
1469 1723 1648 1785 incipit
1685 1725 1788 1771 iam
1827 1723 1908 1772 de-
1926 1739 1977 1774 20

216 1799 422 1858 scriptio
462 1799 595 1845 necis
635 1797 839 1858 Priami,
876 1798 930 1844 in
969 1813 1069 1859 qua
1106 1797 1332 1859 plerique
1373 1798 1556 1846 omissa
1595 1797 1908 1846 ordinatione

217 1886 387 1918 sensus
427 1887 457 1918 a
495 1887 612 1919 vero
651 1871 909 1919 intellectu
948 1871 1218 1919 dissociant
1255 1873 1532 1919 veritatem.
1609 1873 1786 1933 traxit,
1833 1873 1908 1919 in-

216 1945 348 2006 quit,
401 1947 696 1993 trementem
748 1946 1061 2006 iiiplieuitque
1113 1960 1298 1994 comam
1345 1947 1485 1994 laeva
1531 1947 1791 2006 dextraque
1835 1960 1910 1994 co-

219 2034 414 2067 ruscum
454 2021 622 2068 extulit
650 2035 709 2067 ae
739 2021 882 2068 lateri
913 2020 1084 2080 capulo
1114 2023 1253 2068 tenus
1285 2021 1473 2068 abdidit
1501 2034 1672 2068 ensem.
1731 2021 1908 2068 melius

216 2109 317 2140 non
353 2094 479 2154 puto
519 2094 861 2154 exponendum
899 2094 1030 2141 hunc
1068 2093 1235 2142 locum
1267 2109 1420 2156 quam
1448 2095 1571 2155 ipsis
1604 2094 1766 2143 verbis
1799 2096 1905 2157 qui·
1929 2100 1984 2161 εξ

217 2167 308 2215 bus
353 2167 543 2214 factum
591 2167 894 2230 descriptum
940 2170 1028 2215 est.
1106 2168 1270 2216 tenuit
1316 2167 1474 2215 omnis
1515 2183 1680 2216 comas
1719 2168 1910 2216 Priami
1986 2208 1987 2211 ,

218 2242 270 2287 et
308 2240 510 2288 sinistra
548 2257 700 2288 manu
731 2242 996 2303 inplicavit
1027 2241 1296 2304 dextraque
1329 2242 1522 2302 extulit,
1553 2243 1687 2304 ipsas
1719 2243 1910 2291 scilicet
1959 2242 1987 2302 4

219 2330 383 2362 comas
426 2315 602 2376 procul
641 2315 789 2362 dubio
837 2331 948 2363 cum
998 2316 1160 2377 capite
1207 2315 1431 2363 abscidit.
1510 2317 1653 2376 quasi
1700 2316 1908 2365 abscisio
1961 2303 1986 2384 J

218 2389 397 2449 capitis
451 2404 550 2436 non
606 2389 875 2438 suffecisset
929 2389 992 2436 ad
1046 2389 1397 2451 perficiendam
1454 2389 1669 2438 hominis
1725 2405 1908 2450 necem,

341 2518 363 2556 1
397 2527 452 2558 em
483 2514 571 2556 LR
602 2515 674 2557 ed.
707 2521 775 2559 et?
890 2520 915 2558 2
947 2521 1090 2560 metus
1121 2516 1206 2559 LR
1238 2521 1384 2560 motus
1413 2525 1438 2558 ‘r
1468 2515 1542 2572 (cf.
1575 2521 1630 2559 41
1666 2517 1713 2560 et
1748 2523 1786 2571 1,
1805 2518 1908 2572 682)
1956 2534 1958 2538 ¹

220 2573 499 2617 acerbissime
531 2573 602 2616 ed.
732 2578 760 2616 4
789 2575 1043 2628 favis-simis
1065 2575 1152 2618 LR
1180 2575 1305 2629 foed·
1338 2575 1373 2617 L
1396 2575 1439 2618 H
1462 2588 1584 2618 man.
1620 2575 1692 2619 ed.
1722 2589 1856 2633 qrav-
1886 2589 1911 2619 1·

218 2632 492 2676 saevissimis
521 2645 622 2675 nos.
762 2638 786 2676 7
818 2635 1068 2678 necessario
1099 2634 1171 2678 ed.
1317 2638 1342 2676 9
1375 2635 1624 2679 labsomtem
1654 2634 1690 2677 L
1724 2635 1908 2690 lapsan-

219 2695 306 2735 tem
335 2691 378 2734 R
409 2692 629 2735 labentem
659 2691 731 2735 ed.
758 2693 985 2737 labantem
1015 2693 1086 2736 ed.
1112 2695 1255 2749 post!
1353 2698 1408 2737 12
1441 2693 1660 2750 quos-LE
1690 2707 1806 2750 quas
1835 2693 1910 2738 ed.

282 2754 336 2793 15
366 2750 446 2794 sed
475 2751 710 2794 admittere
739 2750 776 2794 L
806 2756 872 2795 set
901 2767 942 2796 a.
974 2752 1017 2795 R
1046 2766 1091 2796 se
1121 2767 1164 2796 a.
1197 2768 1221 2795 r
1250 2752 1499 2806 infandum
1529 2753 1600 2796 ed.
1711 2757 1766 2796 16
1794 2753 1911 2797 irati

220 2808 307 2851 LR
336 2809 462 2854 irata
490 2823 515 2852 r
544 2809 616 2853 ed.
712 2813 765 2852 17
797 2812 1065 2855 existimans
1093 2825 1139 2856 se
1161 2811 1250 2854 LR
1279 2825 1373 2855 non
1403 2825 1437 2855 0.
1462 2826 1508 2856 se
1536 2825 1560 2855 1·
1590 2825 1626 2855 e.
1649 2825 1695 2856 se
1714 2825 1805 2856 mec
1835 2811 1907 2856 ed.

219 2882 254 2911 e.
279 2882 327 2912 se
354 2881 449 2911 non
477 2882 576 2912 nos.
680 2873 733 2911 21
768 2883 825 2913 ‘ne
854 2871 918 2914 eis
949 2870 990 2913 R
1019 2872 1144 2915 neeis
1171 2885 1196 2913 r
1219 2892 1276 2908 =
1300 2870 1349 2913 L.
1449 2874 1506 2914 24
1538 2870 1723 2914 abdedit
1750 2870 1848 2916 LR.

223 2930 278 2970 26
310 2941 487 2971 omnem
513 2942 687 2973 comam
717 2927 787 2972 ed.
920 2933 977 2972 Υ27
1011 2930 1239 2986 implicuit
1269 2929 1339 2973 ed.
1391 2930 1399 2985 Ι
1422 2960 1428 2967 -
1454 2930 1619 2974 extulit
1648 2929 1734 2973 LR
1765 2942 1910 2988 ensem
1943 2916 1947 2925 ’

219 2985 380 3042 inepte
412 2986 519 3029 add.
553 2987 624 3030 ed.
1688 3014 1693 3019 *
1791 2995 1794 2998 ’
