2014 3226
781 163 1084 208 AENEmos
1118 164 1159 207 11
1711 167 1818 219 255

126 303 453 365 recuperabis,
492 318 570 350 res
610 304 782 364 laetas,
821 305 1087 364 imperium
1128 307 1177 352 et
1216 306 1475 368 coniugem
1507 308 1695 369 regiam
1727 307 1818 354 hoc

127 381 201 426 est
239 379 577 439 praestantem
617 392 809 439 genere,
850 393 960 424 oum
1000 380 1168 425 autem
1208 379 1328 426 dicit
1365 381 1571 442 regiam,
1604 381 1820 428 ostendit

127 454 176 499 et
231 451 449 498 divitem.
527 451 719 498 interea
765 468 825 498 ne
874 452 1063 499 incerta
1112 453 1192 500 vel
1248 453 1420 513 dubia,
1475 469 1534 501 ne
1589 454 1820 516 inparata

125 527 416 587 promittere
464 525 736 586 videretur,
786 526 859 571 ait
907 541 1032 586 quae
1080 526 1175 573 tibi
1220 529 1458 588 promitto
1502 529 1603 575 iam
1642 532 1818 590 parata

80 615 100 647 5
127 602 262 659 sunt,
309 599 592 661 praesentia
630 600 719 646 tua
758 601 1035 647 necessaria
1075 603 1171 660 est,
1218 604 1274 648 ut
1314 600 1376 647 ad
1415 602 1504 648 illa
1543 605 1817 664 pervenias.

124 674 205 720 hic
245 674 294 720 et
333 673 570 734 loquendi
607 674 737 720 ratio
778 672 1008 720 discitur:
1055 690 1148 734 res,
1188 676 1274 735 ait,
1315 675 1475 722 laetae
1515 692 1818 740 regnumque

125 749 175 795 et
219 748 359 810 regia
405 748 640 808 coniunx,
694 747 863 808 posuit
909 748 1202 795 femininum
1248 748 1441 810 plurale
1490 752 1539 797 et
1588 753 1818 798 neutrum

125 821 375 884 singulare
408 823 458 868 et
487 837 684 869 rursum
715 822 1011 868 femininum
1044 822 1263 883 adaeque
1288 823 1539 886 singulare
1565 827 1614 871 et
1641 827 1816 873 neutro

123 895 309 956 plurali
346 895 616 956 respondit,
649 896 707 941 ut
746 896 833 942 sit:
872 910 949 942 res
990 896 1167 955 laetae,
1198 914 1406 960 regnum
1446 899 1495 944 et
1533 900 1672 961 regia
1705 914 1816 947 con-

58 985 102 1018 io
124 970 243 1016 iunx
281 971 460 1030 parata
499 968 595 1016 tibi
634 972 764 1017 sunt.
842 971 1044 1030 partum
1083 970 1162 1018 vel
1201 972 1433 1031 paratum
1477 973 1818 1033 accipiendum

126 1045 200 1091 est
230 1043 310 1090 vel
340 1046 541 1104 partum
571 1042 667 1090 tibi
697 1043 749 1090 id
782 1046 856 1090 est
886 1043 981 1090 tibi
1013 1043 1320 1105 adquisitum
1350 1044 1602 1093 laboribus
1629 1047 1816 1094 alienis.

123 1117 176 1164 id
215 1119 381 1165 autem
422 1116 554 1178 quod
590 1117 796 1165 Aenean
835 1117 915 1166 vel
954 1119 1168 1166 maxime
1209 1134 1402 1182 gemere
1434 1119 1622 1167 sciebat
1653 1122 1817 1169 novis-

124 1193 245 1240 sime
291 1192 481 1252 posuit,
536 1193 595 1239 ut
643 1208 754 1238 eum
801 1206 830 1238 a
877 1191 1046 1240 dolore
1092 1195 1343 1254 praesenti
1388 1209 1546 1241 novae
1593 1195 1816 1258 coniugis

30 1323 34 1325 ι
122 1266 448 1327 promissione
485 1266 851 1326 transduceret,
899 1266 1032 1327 quod
1069 1282 1227 1328 usque
1267 1267 1388 1314 adeo
1429 1269 1552 1316 artis
1590 1268 1817 1329 plenissi-

58 1355 101 1389 15
124 1356 259 1386 mum
313 1339 431 1400 fuit,
493 1341 551 1387 ut
610 1340 716 1387 illic
779 1340 1065 1387 adnecteret
1125 1357 1386 1402 personam
1450 1357 1590 1389 suam
1651 1343 1816 1390 dicens

124 1414 354 1462 lacrimas
393 1413 592 1462 dilectae
613 1415 745 1474 pelle
779 1413 1005 1462 Creusae.
1066 1415 1160 1462 hoc
1193 1418 1267 1463 est
1299 1415 1459 1462 dicere
1493 1431 1602 1463 cum
1633 1416 1816 1464 habeas

124 1487 425 1536 destinatam
463 1489 786 1536 matrimonio
825 1491 930 1549 tuo,
969 1488 1115 1536 debes
1147 1505 1398 1537 removere
1429 1490 1660 1538 lacrimas
1694 1506 1816 1551 quas

123 1577 199 1609 me
246 1563 453 1624 propter
498 1562 722 1610 effundis.
802 1562 943 1610 addit
989 1578 1184 1624 quoque
1232 1565 1554 1626 augmentum
1596 1565 1817 1612 consola-

122 1637 273 1684 tionis
320 1652 350 1684 a
397 1638 752 1698 conparatione
800 1636 1118 1684 descendens:
1172 1651 1271 1684 non
1311 1651 1392 1697 eqo
1431 1637 1804 1698 Myrmidonum
1821 1641 1905 1681 785

24 1735 25 1738 ¹
55 1725 100 1758 xo
121 1710 256 1758 sedes
286 1711 591 1771 Dolopumve
628 1712 865 1771 superbas
905 1711 1154 1771 aspiciam.
1218 1711 1477 1758 ordinatur
1516 1727 1685 1760 sensus
1726 1712 1816 1760 sic:

121 1800 220 1832 non
252 1800 343 1848 ego
367 1784 739 1846 Myrmidonum
771 1787 821 1833 et
844 1785 1095 1846 Dolopum
1126 1785 1361 1847 superbas
1395 1785 1532 1833 sedes
1562 1787 1814 1847 aspiciam.

123 1861 210 1906 aut
242 1858 394 1907 Grai-s·
432 1861 664 1907 servitum
694 1860 933 1908 matribus
963 1859 1040 1906 ibo
1071 1859 1336 1907 Dardanis
1368 1863 1411 1906 et
1440 1860 1582 1907 divae
1618 1860 1815 1908 Veneris

121 1947 292 1989 nwrw,
329 1933 415 1981 sed
451 1948 527 1981 me
563 1949 748 1994 maqna
794 1934 939 1981 dewm
972 1935 1190 1993 yenetrix
1225 1934 1300 1980 his
1339 1933 1515 1981 detinet
1551 1934 1674 1982 oris:
1727 1950 1816 1982 nec

122 2008 194 2067 te,
231 2007 419 2068 inquit,
458 2007 662 2071 frangat
701 2023 844 2056 casus
882 2009 1000 2068 iste3
1054 2008 1107 2054 in
1148 2007 1368 2055 adversis
1408 2009 1540 2055 enim
1580 2007 1817 2069 quicquid

26 2104 29 2123 κ
55 2094 100 2128 25
124 2080 356 2128 acciderit
403 2081 534 2143 quod
580 2083 807 2130 saeviora
853 2081 1072 2143 depellat
1118 2081 1472 2144 gratulandum
1516 2084 1603 2129 est.
1680 2084 1817 2130 tenet

122 2170 200 2202 me
237 2157 397 2202 mater
434 2155 602 2219 deum,
656 2158 824 2204 tenere
878 2157 1151 2217 potuerunt
1195 2155 1565 2216 Myrmidonum
1619 2157 1670 2203 et
1716 2155 1815 2203 Do-

121 2227 292 2290 lopum
337 2231 543 2277 matres:
603 2230 695 2278 illa
742 2229 806 2277 ad
851 2230 1088 2278 honorem
1134 2230 1339 2288 retinet,
1384 2229 1502 2277 illae
1549 2231 1817 2291 potuerant

78 2329 79 2332 =
121 2303 286 2351 tenere
324 2305 590 2365 captivam.
666 2320 767 2352 non
806 2304 965 2352 feram
1003 2304 1162 2352 fastus
1203 2302 1262 2351 de
1301 2303 1539 2352 victoriae
1578 2304 1814 2366 suffragio

122 2377 364 2425 venientis
425 2393 515 2425 nec
575 2377 775 2426 videam
845 2377 982 2426 sedes
1043 2378 1264 2426 hostium
1325 2378 1584 2425 aeternum
1641 2379 1815 2439 captae

243 2507 267 2546 1
300 2504 420 2548 laeta
451 2503 538 2547 LR
572 2505 716 2549 laetae
745 2519 770 2547 r
801 2504 872 2547 ed.
908 2504 1051 2548 laetas
1080 2517 1178 2547 nos.
1332 2508 1358 2546 3
1390 2517 1447 2547 ne
1476 2503 1699 2559 inparata
1729 2502 1815 2545 LR

120 2561 190 2605 vel
219 2563 249 2606 i.
283 2562 354 2606 ed.
476 2567 504 2608 8
536 2564 740 2620 adaeque
771 2563 858 2606 LR
889 2576 978 2606 om.
1005 2562 1076 2606 ed.
1106 2565 1112 2617 Ι
1146 2563 1427 2620 sinyularem
1458 2561 1544 2605 LR
1575 2577 1618 2606 m
1651 2575 1752 2618 exp.
1778 2561 1813 2604 L

122 2618 223 2676 ipse
254 2621 318 2666 ·ri
346 2636 382 2666 r.
522 2627 578 2666 10
602 2627 780 2679 parata
810 2621 897 2665 LR
920 2627 1063 2679 parta
1094 2636 1118 2664 r
1148 2621 1220 2666 ed.
1361 2625 1414 2665 15
1446 2621 1544 2665 illie
1573 2620 1660 2664 LR
1691 2621 1814 2665 illico

123 2679 195 2724 ed.
317 2684 373 2724 18
396 2686 587 2738 propter
616 2696 685 2726 me
716 2681 788 2726 ed.
911 2685 968 2725 20
998 2695 1080 2726 suo
1112 2680 1155 2723 R
1183 2682 1250 2725 sic
1278 2695 1302 2723 r
1327 2702 1379 2717 =-—-
1406 2680 1456 2724 L.
1578 2684 1633 2723 22
1665 2681 1816 2737 yraeis

41 2743 51 2778 ‚⁴
122 2737 158 2781 L
189 2751 302 2783 corr.
335 2739 379 2782 Π
407 2753 532 2784 man.
629 2744 686 2784 23
718 2754 888 2798 mayna
919 2739 1080 2784 om.R.
1109 2743 1116 2792 Ι
1151 2740 1320 2784 detenit
1350 2739 1386 2782 L
1419 2740 1543 2783 -nait
1565 2738 1607 2781 R
1638 2752 1752 2782 corr.
1778 2753 1812 2783 r.

211 2802 267 2842 26
292 2805 428 2855 pater
458 2801 614 2845 devom
644 2800 687 2843 R,
717 2812 831 2843 corr.
864 2813 899 2842 r.
1065 2802 1121 2842 27
1147 2803 1402 2855 potuerunt
1430 2799 1621 2842 retinere
1651 2796 1723 2841 ed.

124 2859 180 2900 28
211 2861 378 2903 terram
407 2859 536 2913 fatus
565 2858 602 2902 L
642 2862 766 2903 terra
795 2859 948 2913 factus
976 2858 1019 2901 R
1057 2863 1191 2903 terret
1219 2857 1294 2901 vel
1323 2861 1522 2902 terreant
1550 2857 1702 2911 fastus
1732 2855 1812 2898 ad-

123 2914 222 2959 dito
254 2929 426 3019 cinaei-e
455 2932 480 2960 r
515 2919 665 2974 feram
700 2918 853 2973 fastus
889 2930 987 2978 nos.
1039 2918 1045 2974 Ι
1102 2917 1228 2962 de—
1248 2921 1302 2960 29
1335 2921 1494 2973 captae
1523 2914 1611 2958 LR
1640 2917 1814 2959 temere

122 2977 237 3019 mut.
287 2989 423 3021 ocum
454 2977 526 3022 ed.

36 2997 74 3226 neat-»w
36 2938 46 2954 ⁴·
47 2856 49 2858 ·
