<?xml version="1.0" encoding="UTF-8"?>
<!DOCTYPE html PUBLIC "-//W3C//DTD XHTML 1.0 Transitional//EN"
    "http://www.w3.org/TR/xhtml1/DTD/xhtml1-transitional.dtd">
<html xmlns="http://www.w3.org/1999/xhtml" xml:lang="en" lang="en">
 <head>
  <title>
</title>
<meta http-equiv="Content-Type" content="text/html;charset=utf-8" />
  <meta name='ocr-system' content='tesseract 3.04.00' />
  <meta name='ocr-capabilities' content='ocr_page ocr_carea ocr_par ocr_line ocrx_word'/>
</head>
<body>
  <div class='ocr_page' id='page_1' title='image "./interpretationes01donauoft_0287.png"; bbox 0 0 2014 3226; ppageno 0'>
   <div class='ocr_carea' id='block_1_1' title="bbox 781 163 1815 216">
    <p class='ocr_par' dir='ltr' id='par_1_1' title="bbox 781 163 1815 216">
     <span class='ocr_line' id='line_1_1' title="bbox 781 163 1815 216; baseline 0.011 -11"><span class='ocrx_word' id='word_1_1' title='bbox 781 163 1083 207; x_wconf 84' lang='lat' dir='ltr'>AENEIDOS</span> <span class='ocrx_word' id='word_1_2' title='bbox 1117 164 1158 206; x_wconf 89' lang='lat' dir='ltr'>Il</span> <span class='ocrx_word' id='word_1_3' title='bbox 1710 165 1815 216; x_wconf 67' lang='lat'>237</span> 
     </span>
    </p>
   </div>
   <div class='ocr_carea' id='block_1_2' title="bbox 67 303 1824 1177">
    <p class='ocr_par' dir='ltr' id='par_1_2' title="bbox 67 303 1824 1177">
     <span class='ocr_line' id='line_1_2' title="bbox 130 303 1820 367; baseline -0.002 -13"><span class='ocrx_word' id='word_1_4' title='bbox 130 308 281 354; x_wconf 89' lang='lat' dir='ltr'>cium:</span> <span class='ocrx_word' id='word_1_5' title='bbox 332 305 508 352; x_wconf 85' lang='lat' dir='ltr'>videbo</span> <span class='ocrx_word' id='word_1_6' title='bbox 548 305 625 350; x_wconf 92' lang='lat' dir='ltr'>his</span> <span class='ocrx_word' id='word_1_7' title='bbox 664 306 718 350; x_wconf 87' lang='lat' dir='ltr'>in</span> <span class='ocrx_word' id='word_1_8' title='bbox 758 303 994 350; x_wconf 79' lang='lat' dir='ltr'>cubiculis</span> <span class='ocrx_word' id='word_1_9' title='bbox 1036 307 1300 367; x_wconf 82' lang='lat' dir='ltr'>vagantem</span> <span class='ocrx_word' id='word_1_10' title='bbox 1339 305 1532 352; x_wconf 87' lang='lat' dir='ltr'>hostem</span> <span class='ocrx_word' id='word_1_11' title='bbox 1570 306 1820 351; x_wconf 88' lang='lat' dir='ltr'>intentum</span> 
     </span>
     <span class='ocr_line' id='line_1_3' title="bbox 130 377 1821 440; baseline -0.002 -13"><span class='ocrx_word' id='word_1_12' title='bbox 130 380 335 438; x_wconf 87' lang='lat' dir='ltr'>nostris,</span> <span class='ocrx_word' id='word_1_13' title='bbox 398 378 574 425; x_wconf 85' lang='lat' dir='ltr'>videbo</span> <span class='ocrx_word' id='word_1_14' title='bbox 638 377 777 425; x_wconf 90' lang='lat' dir='ltr'>caedi</span> <span class='ocrx_word' id='word_1_15' title='bbox 830 379 1038 440; x_wconf 84' lang='lat' dir='ltr'>pignera</span> <span class='ocrx_word' id='word_1_16' title='bbox 1092 394 1202 425; x_wconf 91' lang='lat' dir='ltr'>mea</span> <span class='ocrx_word' id='word_1_17' title='bbox 1257 381 1304 425; x_wconf 89' lang='lat' dir='ltr'>et</span> <span class='ocrx_word' id='word_1_18' title='bbox 1360 378 1544 425; x_wconf 84' lang='lat' dir='ltr'>effundi</span> <span class='ocrx_word' id='word_1_19' title='bbox 1598 379 1821 426; x_wconf 86' lang='lat' dir='ltr'>omnium</span> 
     </span>
     <span class='ocr_line' id='line_1_4' title="bbox 131 452 1821 517; baseline -0.003 -14"><span class='ocrx_word' id='word_1_20' title='bbox 131 454 421 517; x_wconf 85' lang='lat' dir='ltr'>sanguinem</span> <span class='ocrx_word' id='word_1_21' title='bbox 468 452 614 499; x_wconf 89' lang='grc'><strong>51111111</strong></span> <span class='ocrx_word' id='word_1_22' title='bbox 663 452 906 511; x_wconf 88' lang='lat' dir='ltr'>simulque</span> <span class='ocrx_word' id='word_1_23' title='bbox 954 453 1150 500; x_wconf 79' lang='lat' dir='ltr'>misceri</span> <span class='ocrx_word' id='word_1_24' title='bbox 1205 453 1506 513; x_wconf 86' lang='lat' dir='ltr'>confusaque</span> <span class='ocrx_word' id='word_1_25' title='bbox 1559 453 1613 498; x_wconf 92' lang='lat' dir='ltr'>in</span> <span class='ocrx_word' id='word_1_26' title='bbox 1666 469 1821 498; x_wconf 82' lang='lat' dir='ltr'>unum</span> 
     </span>
     <span class='ocr_line' id='line_1_5' title="bbox 133 526 1822 589; baseline -0.001 -14"><span class='ocrx_word' id='word_1_27' title='bbox 133 543 339 589; x_wconf 87' lang='lat' dir='ltr'>corpora</span> <span class='ocrx_word' id='word_1_28' title='bbox 386 528 658 586; x_wconf 86' lang='lat' dir='ltr'>funeraque</span> <span class='ocrx_word' id='word_1_29' title='bbox 705 527 965 586; x_wconf 73' lang='lat' dir='ltr'>prosterni.</span> <span class='ocrx_word' id='word_1_30' title='bbox 1044 526 1238 586; x_wconf 89' lang='lat' dir='ltr'>perdidi</span> <span class='ocrx_word' id='word_1_31' title='bbox 1284 528 1337 572; x_wconf 90' lang='lat' dir='ltr'>in</span> <span class='ocrx_word' id='word_1_32' title='bbox 1377 526 1596 574; x_wconf 87' lang='lat' dir='ltr'>adversis</span> <span class='ocrx_word' id='word_1_33' title='bbox 1636 526 1822 589; x_wconf 85' lang='lat' dir='ltr'>grande</span> 
     </span>
     <span class='ocr_line' id='line_1_6' title="bbox 87 599 1823 661; baseline -0.002 -11"><span class='ocrx_word' id='word_1_34' title='bbox 87 619 107 650; x_wconf 83' lang='lat'>5</span> <span class='ocrx_word' id='word_1_35' title='bbox 133 600 440 650; x_wconf 88' lang='lat' dir='ltr'>commodum</span> <span class='ocrx_word' id='word_1_36' title='bbox 479 599 648 646; x_wconf 89' lang='lat' dir='ltr'>miser:</span> <span class='ocrx_word' id='word_1_37' title='bbox 687 600 831 661; x_wconf 91' lang='lat' dir='ltr'>potui</span> <span class='ocrx_word' id='word_1_38' title='bbox 870 600 1058 646; x_wconf 87' lang='lat' dir='ltr'>nescire</span> <span class='ocrx_word' id='word_1_39' title='bbox 1101 600 1232 660; x_wconf 86' lang='lat' dir='ltr'>quod</span> <span class='ocrx_word' id='word_1_40' title='bbox 1262 601 1427 647; x_wconf 89' lang='lat' dir='ltr'>timeo.</span> <span class='ocrx_word' id='word_1_41' title='bbox 1494 600 1625 661; x_wconf 89' lang='lat' dir='ltr'>quod</span> <span class='ocrx_word' id='word_1_42' title='bbox 1656 600 1823 661; x_wconf 89' lang='lat' dir='ltr'>posuit</span> 
     </span>
     <span class='ocr_line' id='line_1_7' title="bbox 132 674 1823 734; baseline -0.002 -11"><span class='ocrx_word' id='word_1_43' title='bbox 132 692 351 734; x_wconf 79' lang='lat' dir='ltr'>cernam,</span> <span class='ocrx_word' id='word_1_44' title='bbox 398 674 463 722; x_wconf 84' lang='lat' dir='ltr'>ad</span> <span class='ocrx_word' id='word_1_45' title='bbox 509 675 674 722; x_wconf 90' lang='lat' dir='ltr'>omnia</span> <span class='ocrx_word' id='word_1_46' title='bbox 721 675 939 734; x_wconf 88' lang='lat' dir='ltr'>pertinet</span> <span class='ocrx_word' id='word_1_47' title='bbox 986 689 1041 720; x_wconf 84' lang='lat' dir='ltr'>ac</span> <span class='ocrx_word' id='word_1_48' title='bbox 1089 690 1178 734; x_wconf 89' lang='lat' dir='ltr'>per</span> <span class='ocrx_word' id='word_1_49' title='bbox 1222 674 1315 722; x_wconf 93' lang='lat' dir='ltr'>hoc</span> <span class='ocrx_word' id='word_1_50' title='bbox 1362 690 1460 722; x_wconf 90' lang='lat' dir='ltr'>non</span> <span class='ocrx_word' id='word_1_51' title='bbox 1507 675 1657 722; x_wconf 88' lang='lat' dir='ltr'>semel</span> <span class='ocrx_word' id='word_1_52' title='bbox 1698 675 1823 722; x_wconf 91' lang='lat' dir='ltr'>acci-</span> 
     </span>
     <span class='ocr_line' id='line_1_8' title="bbox 131 746 1822 810; baseline 0 -14"><span class='ocrx_word' id='word_1_53' title='bbox 131 749 365 810; x_wconf 85' lang='lat' dir='ltr'>piendum</span> <span class='ocrx_word' id='word_1_54' title='bbox 406 750 480 795; x_wconf 88' lang='lat' dir='ltr'>est</span> <span class='ocrx_word' id='word_1_55' title='bbox 518 748 612 795; x_wconf 90' lang='lat' dir='ltr'>hoc</span> <span class='ocrx_word' id='word_1_56' title='bbox 652 746 820 794; x_wconf 87' lang='lat' dir='ltr'>modo:</span> <span class='ocrx_word' id='word_1_57' title='bbox 859 749 916 794; x_wconf 92' lang='lat' dir='ltr'>ut</span> <span class='ocrx_word' id='word_1_58' title='bbox 955 747 1129 795; x_wconf 83' lang='lat' dir='ltr'>mediis</span> <span class='ocrx_word' id='word_1_59' title='bbox 1170 748 1362 796; x_wconf 91' lang='lat' dir='ltr'>hostem</span> <span class='ocrx_word' id='word_1_60' title='bbox 1401 750 1454 795; x_wconf 89' lang='lat' dir='ltr'>in</span> <span class='ocrx_word' id='word_1_61' title='bbox 1485 748 1822 810; x_wconf 73' lang='lat' dir='ltr'>penetralibus</span> 
     </span>
     <span class='ocr_line' id='line_1_9' title="bbox 133 821 1824 883; baseline -0.001 -13"><span class='ocrx_word' id='word_1_62' title='bbox 133 839 327 871; x_wconf 85' lang='lat' dir='ltr'>cernam</span> <span class='ocrx_word' id='word_1_63' title='bbox 359 825 512 883; x_wconf 91' lang='lat' dir='ltr'>utque</span> <span class='ocrx_word' id='word_1_64' title='bbox 544 821 815 869; x_wconf 86' lang='lat' dir='ltr'>Ascanium</span> <span class='ocrx_word' id='word_1_65' title='bbox 855 837 1052 868; x_wconf 88' lang='lat' dir='ltr'>cernam</span> <span class='ocrx_word' id='word_1_66' title='bbox 1091 824 1382 883; x_wconf 87' lang='lat' dir='ltr'>patremque</span> <span class='ocrx_word' id='word_1_67' title='bbox 1421 839 1585 869; x_wconf 89' lang='lat' dir='ltr'>meum</span> <span class='ocrx_word' id='word_1_68' title='bbox 1625 838 1824 870; x_wconf 87' lang='lat' dir='ltr'>cernam</span> 
     </span>
     <span class='ocr_line' id='line_1_10' title="bbox 131 895 1824 958; baseline -0.001 -14"><span class='ocrx_word' id='word_1_69' title='bbox 131 900 370 958; x_wconf 80' lang='lat' dir='ltr'>iuxtaque</span> <span class='ocrx_word' id='word_1_70' title='bbox 420 895 654 944; x_wconf 83' lang='lat' dir='ltr'>Creusam</span> <span class='ocrx_word' id='word_1_71' title='bbox 703 911 921 954; x_wconf 89' lang='lat' dir='ltr'>cernam,</span> <span class='ocrx_word' id='word_1_72' title='bbox 976 897 1219 943; x_wconf 90' lang='lat' dir='ltr'>mactatos</span> <span class='ocrx_word' id='word_1_73' title='bbox 1268 912 1466 943; x_wconf 86' lang='lat' dir='ltr'>cernam</span> <span class='ocrx_word' id='word_1_74' title='bbox 1513 898 1725 943; x_wconf 87' lang='lat' dir='ltr'>alterum</span> <span class='ocrx_word' id='word_1_75' title='bbox 1770 897 1824 943; x_wconf 86' lang='lat' dir='ltr'>in</span> 
     </span>
     <span class='ocr_line' id='line_1_11' title="bbox 67 968 1823 1034; baseline -0.001 -15"><span class='ocrx_word' id='word_1_76' title='bbox 67 989 108 1020; x_wconf 91' lang='lat'>10</span> <span class='ocrx_word' id='word_1_77' title='bbox 134 972 338 1019; x_wconf 87' lang='lat' dir='ltr'>alterius</span> <span class='ocrx_word' id='word_1_78' title='bbox 386 972 639 1034; x_wconf 90' lang='lat' dir='ltr'>sanguine.</span> <span class='ocrx_word' id='word_1_79' title='bbox 718 968 856 1016; x_wconf 89' lang='lat' dir='ltr'>aliud</span> <span class='ocrx_word' id='word_1_80' title='bbox 904 969 1081 1016; x_wconf 89' lang='lat' dir='ltr'>dehinc</span> <span class='ocrx_word' id='word_1_81' title='bbox 1128 986 1281 1033; x_wconf 85' lang='lat' dir='ltr'>genus</span> <span class='ocrx_word' id='word_1_82' title='bbox 1327 972 1532 1018; x_wconf 90' lang='lat' dir='ltr'>terroris</span> <span class='ocrx_word' id='word_1_83' title='bbox 1580 970 1823 1032; x_wconf 88' lang='lat' dir='ltr'>adiungit,</span> 
     </span>
     <span class='ocr_line' id='line_1_12' title="bbox 133 1044 1823 1106; baseline -0.001 -13"><span class='ocrx_word' id='word_1_84' title='bbox 133 1062 193 1093; x_wconf 93' lang='lat' dir='ltr'>ne</span> <span class='ocrx_word' id='word_1_85' title='bbox 239 1045 348 1092; x_wconf 89' lang='lat' dir='ltr'>fieri</span> <span class='ocrx_word' id='word_1_86' title='bbox 393 1046 551 1106; x_wconf 89' lang='lat' dir='ltr'>possit</span> <span class='ocrx_word' id='word_1_87' title='bbox 597 1046 657 1091; x_wconf 92' lang='lat' dir='ltr'>ut</span> <span class='ocrx_word' id='word_1_88' title='bbox 703 1059 844 1092; x_wconf 88' lang='lat' dir='ltr'>suam</span> <span class='ocrx_word' id='word_1_89' title='bbox 886 1046 1030 1104; x_wconf 90' lang='lat' dir='ltr'>pater</span> <span class='ocrx_word' id='word_1_90' title='bbox 1068 1047 1285 1091; x_wconf 87' lang='lat' dir='ltr'>mutaret</span> <span class='ocrx_word' id='word_1_91' title='bbox 1325 1044 1591 1105; x_wconf 84' lang='lat' dir='ltr'>aliquando</span> <span class='ocrx_word' id='word_1_92' title='bbox 1632 1045 1823 1092; x_wconf 88' lang='lat' dir='ltr'>senten-</span> 
     </span>
     <span class='ocr_line' id='line_1_13' title="bbox 132 1119 1823 1177; baseline -0.001 -11"><span class='ocrx_word' id='word_1_93' title='bbox 132 1122 277 1167; x_wconf 87' lang='lat' dir='ltr'>tiam:</span> <span class='ocrx_word' id='word_1_94' title='bbox 339 1133 504 1174; x_wconf 82' lang='lat' dir='ltr'>arma,</span> <span class='ocrx_word' id='word_1_95' title='bbox 558 1120 675 1173; x_wconf 75' lang='lat' dir='ltr'>viri,</span> <span class='ocrx_word' id='word_1_96' title='bbox 730 1119 849 1177; x_wconf 76' lang='lat' dir='ltr'>ferte</span> <span class='ocrx_word' id='word_1_97' title='bbox 903 1133 1069 1172; x_wconf 80' lang='lat' dir='ltr'>arma,</span> <span class='ocrx_word' id='word_1_98' title='bbox 1125 1123 1262 1166; x_wconf 79' lang='lat' dir='ltr'>vocat</span> <span class='ocrx_word' id='word_1_99' title='bbox 1315 1120 1399 1166; x_wconf 67' lang='lat' dir='ltr'>lua:</span> <span class='ocrx_word' id='word_1_100' title='bbox 1445 1120 1618 1166; x_wconf 80' lang='lat' dir='ltr'>ultima</span> <span class='ocrx_word' id='word_1_101' title='bbox 1665 1120 1823 1166; x_wconf 81' lang='lat' dir='ltr'>victos.</span> 
     </span>
    </p>
   </div>
   <div class='ocr_carea' id='block_1_3' title="bbox 133 1193 1914 1252">
    <p class='ocr_par' dir='ltr' id='par_1_3' title="bbox 133 1193 1914 1252">
     <span class='ocr_line' id='line_1_14' title="bbox 133 1193 1914 1252; baseline -0.001 -11"><span class='ocrx_word' id='word_1_102' title='bbox 133 1195 316 1241; x_wconf 76' lang='lat' dir='ltr'>reddite</span> <span class='ocrx_word' id='word_1_103' title='bbox 346 1208 420 1240; x_wconf 84' lang='lat' dir='ltr'>me</span> <span class='ocrx_word' id='word_1_104' title='bbox 450 1193 663 1247; x_wconf 75' lang='lat' dir='ltr'>Danais,</span> <span class='ocrx_word' id='word_1_105' title='bbox 695 1193 838 1239; x_wconf 74' lang='lat' dir='ltr'>sinite</span> <span class='ocrx_word' id='word_1_106' title='bbox 869 1194 1149 1239; x_wconf 77' lang='lat' dir='ltr'>instaurata</span> <span class='ocrx_word' id='word_1_107' title='bbox 1180 1195 1391 1241; x_wconf 78' lang='lat' dir='ltr'>revisam</span> <span class='ocrx_word' id='word_1_108' title='bbox 1414 1193 1621 1252; x_wconf 72' lang='lat' dir='ltr'>proelia.</span> <span class='ocrx_word' id='word_1_109' title='bbox 1670 1207 1811 1240; x_wconf 86' lang='lat' dir='ltr'>num-</span> <span class='ocrx_word' id='word_1_110' title='bbox 1828 1195 1914 1234; x_wconf 83' lang='lat'>670</span> 
     </span>
    </p>
   </div>
   <div class='ocr_carea' id='block_1_4' title="bbox 32 1266 1830 2516">
    <p class='ocr_par' dir='ltr' id='par_1_4' title="bbox 32 1266 1830 2516">
     <span class='ocr_line' id='line_1_15' title="bbox 135 1266 1824 1328; baseline -0.002 -12"><span class='ocrx_word' id='word_1_111' title='bbox 135 1283 282 1328; x_wconf 76' lang='lat' dir='ltr'>quam</span> <span class='ocrx_word' id='word_1_112' title='bbox 319 1281 483 1314; x_wconf 82' lang='lat' dir='ltr'>omnes</span> <span class='ocrx_word' id='word_1_113' title='bbox 520 1267 658 1314; x_wconf 75' lang='lat' dir='ltr'>hodie</span> <span class='ocrx_word' id='word_1_114' title='bbox 698 1267 960 1314; x_wconf 75' lang='lat' dir='ltr'>moriemur</span> <span class='ocrx_word' id='word_1_115' title='bbox 997 1268 1158 1323; x_wconf 75' lang='lat' dir='ltr'>inulti,</span> <span class='ocrx_word' id='word_1_116' title='bbox 1198 1269 1268 1327; x_wconf 90' lang='lat' dir='ltr'>ut,</span> <span class='ocrx_word' id='word_1_117' title='bbox 1301 1282 1414 1314; x_wconf 93' lang='lat' dir='ltr'>cum</span> <span class='ocrx_word' id='word_1_118' title='bbox 1446 1266 1637 1315; x_wconf 86' lang='lat' dir='ltr'>videret</span> <span class='ocrx_word' id='word_1_119' title='bbox 1667 1266 1824 1313; x_wconf 91' lang='lat' dir='ltr'>filium</span> 
     </span>
     <span class='ocr_line' id='line_1_16' title="bbox 67 1340 1828 1404; baseline -0.002 -13"><span class='ocrx_word' id='word_1_120' title='bbox 67 1361 110 1391; x_wconf 75' lang='lat'>15</span> <span class='ocrx_word' id='word_1_121' title='bbox 133 1345 185 1389; x_wconf 90' lang='lat' dir='ltr'>in</span> <span class='ocrx_word' id='word_1_122' title='bbox 224 1341 447 1404; x_wconf 89' lang='lat' dir='ltr'>pericula</span> <span class='ocrx_word' id='word_1_123' title='bbox 484 1340 776 1400; x_wconf 85' lang='lat' dir='ltr'>rediturum,</span> <span class='ocrx_word' id='word_1_124' title='bbox 815 1341 1198 1402; x_wconf 71' lang='lat' dir='ltr'>amplecteretur</span> <span class='ocrx_word' id='word_1_125' title='bbox 1234 1340 1498 1389; x_wconf 88' lang='lat' dir='ltr'>consilium</span> <span class='ocrx_word' id='word_1_126' title='bbox 1530 1341 1690 1404; x_wconf 86' lang='lat' dir='ltr'>fugae.</span> <span class='ocrx_word' id='word_1_127' title='bbox 1754 1341 1828 1388; x_wconf 89' lang='lat' dir='ltr'>ait</span> 
     </span>
     <span class='ocr_line' id='line_1_17' title="bbox 135 1414 1826 1479; baseline -0.001 -16"><span class='ocrx_word' id='word_1_128' title='bbox 135 1433 250 1479; x_wconf 86' lang='lat' dir='ltr'>ergo</span> <span class='ocrx_word' id='word_1_129' title='bbox 299 1417 423 1463; x_wconf 88' lang='lat' dir='ltr'>ferte</span> <span class='ocrx_word' id='word_1_130' title='bbox 470 1431 608 1463; x_wconf 91' lang='lat' dir='ltr'>arma</span> <span class='ocrx_word' id='word_1_131' title='bbox 654 1415 747 1463; x_wconf 90' lang='lat' dir='ltr'>hoc</span> <span class='ocrx_word' id='word_1_132' title='bbox 798 1417 872 1462; x_wconf 90' lang='lat' dir='ltr'>est</span> <span class='ocrx_word' id='word_1_133' title='bbox 911 1415 1076 1462; x_wconf 87' lang='lat' dir='ltr'>venite</span> <span class='ocrx_word' id='word_1_134' title='bbox 1114 1430 1307 1463; x_wconf 90' lang='lat' dir='ltr'>mecum</span> <span class='ocrx_word' id='word_1_135' title='bbox 1347 1416 1496 1462; x_wconf 89' lang='lat' dir='ltr'>armis</span> <span class='ocrx_word' id='word_1_136' title='bbox 1536 1414 1714 1463; x_wconf 85' lang='lat' dir='ltr'>vestris</span> <span class='ocrx_word' id='word_1_137' title='bbox 1751 1415 1826 1461; x_wconf 87' lang='lat' dir='ltr'>in-</span> 
     </span>
     <span class='ocr_line' id='line_1_18' title="bbox 135 1488 1827 1538; baseline -0.001 0"><span class='ocrx_word' id='word_1_138' title='bbox 135 1492 326 1538; x_wconf 86' lang='lat' dir='ltr'>structi.</span> <span class='ocrx_word' id='word_1_139' title='bbox 404 1492 550 1537; x_wconf 87' lang='lat' dir='ltr'>vocat</span> <span class='ocrx_word' id='word_1_140' title='bbox 604 1490 690 1536; x_wconf 88' lang='lat' dir='ltr'>lux</span> <span class='ocrx_word' id='word_1_141' title='bbox 744 1489 922 1536; x_wconf 90' lang='lat' dir='ltr'>ultima</span> <span class='ocrx_word' id='word_1_142' title='bbox 977 1491 1156 1537; x_wconf 84' lang='lat' dir='ltr'>victos:</span> <span class='ocrx_word' id='word_1_143' title='bbox 1218 1491 1319 1537; x_wconf 89' lang='lat' dir='ltr'>iam</span> <span class='ocrx_word' id='word_1_144' title='bbox 1372 1505 1460 1537; x_wconf 91' lang='lat' dir='ltr'>nos</span> <span class='ocrx_word' id='word_1_145' title='bbox 1515 1491 1661 1536; x_wconf 87' lang='lat' dir='ltr'>vocat</span> <span class='ocrx_word' id='word_1_146' title='bbox 1713 1488 1827 1537; x_wconf 88' lang='lat' dir='ltr'>finis</span> 
     </span>
     <span class='ocr_line' id='line_1_19' title="bbox 134 1562 1828 1627; baseline -0.001 -15"><span class='ocrx_word' id='word_1_147' title='bbox 134 1565 342 1612; x_wconf 89' lang='lat' dir='ltr'>ultimus</span> <span class='ocrx_word' id='word_1_148' title='bbox 396 1565 553 1624; x_wconf 85' lang='lat' dir='ltr'>vitae,</span> <span class='ocrx_word' id='word_1_149' title='bbox 605 1566 664 1610; x_wconf 85' lang='lat' dir='ltr'>ut</span> <span class='ocrx_word' id='word_1_150' title='bbox 718 1579 818 1611; x_wconf 92' lang='lat' dir='ltr'>non</span> <span class='ocrx_word' id='word_1_151' title='bbox 870 1565 1146 1627; x_wconf 86' lang='lat' dir='ltr'>pugnaturi</span> <span class='ocrx_word' id='word_1_152' title='bbox 1189 1580 1414 1626; x_wconf 88' lang='lat' dir='ltr'>pergere,</span> <span class='ocrx_word' id='word_1_153' title='bbox 1466 1563 1549 1611; x_wconf 87' lang='lat' dir='ltr'>sed</span> <span class='ocrx_word' id='word_1_154' title='bbox 1595 1562 1828 1611; x_wconf 90' lang='lat' dir='ltr'>morituri</span> 
     </span>
     <span class='ocr_line' id='line_1_20' title="bbox 134 1637 1826 1700; baseline -0.002 -14"><span class='ocrx_word' id='word_1_155' title='bbox 134 1639 432 1686; x_wconf 82' lang='lat' dir='ltr'>viderentur.</span> <span class='ocrx_word' id='word_1_156' title='bbox 512 1639 584 1685; x_wconf 88' lang='lat' dir='ltr'>ait</span> <span class='ocrx_word' id='word_1_157' title='bbox 624 1654 740 1700; x_wconf 88' lang='lat' dir='ltr'>ergo</span> <span class='ocrx_word' id='word_1_158' title='bbox 782 1637 845 1684; x_wconf 85' lang='lat' dir='ltr'>ad</span> <span class='ocrx_word' id='word_1_159' title='bbox 883 1639 1078 1686; x_wconf 88' lang='lat' dir='ltr'>tantam</span> <span class='ocrx_word' id='word_1_160' title='bbox 1112 1639 1457 1686; x_wconf 89' lang='lat' dir='ltr'>necessitatem</span> <span class='ocrx_word' id='word_1_161' title='bbox 1489 1638 1711 1700; x_wconf 87' lang='lat' dir='ltr'>cogimur</span> <span class='ocrx_word' id='word_1_162' title='bbox 1742 1637 1826 1684; x_wconf 88' lang='lat' dir='ltr'>ad-</span> 
     </span>
     <span class='ocr_line' id='line_1_21' title="bbox 69 1711 1829 1779; baseline -0.002 -18"><span class='ocrx_word' id='word_1_163' title='bbox 69 1730 112 1761; x_wconf 70' lang='grc'><strong>60</strong></span> <span class='ocrx_word' id='word_1_164' title='bbox 135 1714 363 1779; x_wconf 86' lang='lat' dir='ltr'>versante</span> <span class='ocrx_word' id='word_1_165' title='bbox 411 1713 634 1772; x_wconf 87' lang='lat' dir='ltr'>fortuna,</span> <span class='ocrx_word' id='word_1_166' title='bbox 690 1711 832 1773; x_wconf 84' lang='lat' dir='ltr'>quasi</span> <span class='ocrx_word' id='word_1_167' title='bbox 876 1711 1137 1760; x_wconf 87' lang='lat' dir='ltr'>redeuntes</span> <span class='ocrx_word' id='word_1_168' title='bbox 1184 1713 1238 1758; x_wconf 91' lang='lat' dir='ltr'>in</span> <span class='ocrx_word' id='word_1_169' title='bbox 1283 1711 1416 1759; x_wconf 90' lang='lat' dir='ltr'>bella</span> <span class='ocrx_word' id='word_1_170' title='bbox 1468 1711 1591 1759; x_wconf 83' lang='lat' dir='ltr'>victi</span> <span class='ocrx_word' id='word_1_171' title='bbox 1635 1712 1829 1758; x_wconf 90' lang='lat' dir='ltr'>hostem</span> 
     </span>
     <span class='ocr_line' id='line_1_22' title="bbox 135 1785 1828 1849; baseline -0.002 -14"><span class='ocrx_word' id='word_1_172' title='bbox 135 1788 380 1849; x_wconf 88' lang='lat' dir='ltr'>possimus</span> <span class='ocrx_word' id='word_1_173' title='bbox 428 1802 659 1848; x_wconf 85' lang='lat' dir='ltr'>superare</span> <span class='ocrx_word' id='word_1_174' title='bbox 706 1787 958 1834; x_wconf 81' lang='lat' dir='ltr'>victorem.</span> <span class='ocrx_word' id='word_1_175' title='bbox 1047 1785 1239 1834; x_wconf 84' lang='lat' dir='ltr'>reddite</span> <span class='ocrx_word' id='word_1_176' title='bbox 1289 1802 1368 1834; x_wconf 89' lang='lat' dir='ltr'>me</span> <span class='ocrx_word' id='word_1_177' title='bbox 1413 1786 1631 1849; x_wconf 69' lang='lat' dir='ltr'>Danais⁶</span> <span class='ocrx_word' id='word_1_178' title='bbox 1679 1786 1828 1834; x_wconf 88' lang='lat' dir='ltr'>sinite</span> 
     </span>
     <span class='ocr_line' id='line_1_23' title="bbox 136 1860 1828 1923; baseline -0.001 -15"><span class='ocrx_word' id='word_1_179' title='bbox 136 1862 417 1910; x_wconf 81' lang='lat' dir='ltr'>instaurata</span> <span class='ocrx_word' id='word_1_180' title='bbox 453 1862 669 1908; x_wconf 86' lang='lat' dir='ltr'>revisam</span> <span class='ocrx_word' id='word_1_181' title='bbox 705 1860 919 1922; x_wconf 90' lang='lat' dir='ltr'>proelia:</span> <span class='ocrx_word' id='word_1_182' title='bbox 960 1862 1121 1923; x_wconf 91' lang='lat' dir='ltr'>cupio,</span> <span class='ocrx_word' id='word_1_183' title='bbox 1160 1861 1340 1922; x_wconf 89' lang='lat' dir='ltr'>inquit,</span> <span class='ocrx_word' id='word_1_184' title='bbox 1379 1876 1458 1907; x_wconf 93' lang='lat' dir='ltr'>me</span> <span class='ocrx_word' id='word_1_185' title='bbox 1488 1861 1828 1921; x_wconf 85' lang='lat' dir='ltr'>representare</span> 
     </span>
     <span class='ocr_line' id='line_1_24' title="bbox 137 1932 1829 1996; baseline -0.001 -14"><span class='ocrx_word' id='word_1_186' title='bbox 137 1936 410 1983; x_wconf 83' lang='lat' dir='ltr'>certamini.</span> <span class='ocrx_word' id='word_1_187' title='bbox 495 1936 662 1996; x_wconf 89' lang='lat' dir='ltr'>posset</span> <span class='ocrx_word' id='word_1_188' title='bbox 715 1934 815 1982; x_wconf 87' lang='lat' dir='ltr'>dici</span> <span class='ocrx_word' id='word_1_189' title='bbox 867 1934 932 1982; x_wconf 87' lang='lat' dir='ltr'>ad</span> <span class='ocrx_word' id='word_1_190' title='bbox 986 1950 1136 1996; x_wconf 90' lang='lat' dir='ltr'>quam</span> <span class='ocrx_word' id='word_1_191' title='bbox 1190 1932 1360 1996; x_wconf 88' lang='lat' dir='ltr'>spem‘?</span> <span class='ocrx_word' id='word_1_192' title='bbox 1413 1933 1670 1996; x_wconf 87' lang='lat' dir='ltr'>respondit</span> <span class='ocrx_word' id='word_1_193' title='bbox 1721 1935 1829 1995; x_wconf 87' lang='lat' dir='ltr'>ipse</span> 
     </span>
     <span class='ocr_line' id='line_1_25' title="bbox 33 2007 1828 2074; baseline -0.001 -18"><span class='ocrx_word' id='word_1_194' title='bbox 33 2070 35 2074; x_wconf 17' lang='grc' dir='ltr'><strong><em>ι</em></strong></span> <span class='ocrx_word' id='word_1_195' title='bbox 137 2025 409 2071; x_wconf 89' lang='lat' dir='ltr'>numquam</span> <span class='ocrx_word' id='word_1_196' title='bbox 447 2022 617 2057; x_wconf 88' lang='lat' dir='ltr'>omnes</span> <span class='ocrx_word' id='word_1_197' title='bbox 655 2007 801 2056; x_wconf 89' lang='lat' dir='ltr'>hodie</span> <span class='ocrx_word' id='word_1_198' title='bbox 841 2009 1111 2057; x_wconf 88' lang='lat' dir='ltr'>moriemur</span> <span class='ocrx_word' id='word_1_199' title='bbox 1147 2008 1320 2056; x_wconf 86' lang='lat' dir='ltr'>inulti:</span> <span class='ocrx_word' id='word_1_200' title='bbox 1358 2023 1472 2069; x_wconf 87' lang='lat' dir='ltr'>non,</span> <span class='ocrx_word' id='word_1_201' title='bbox 1505 2007 1591 2069; x_wconf 87' lang='lat' dir='ltr'>ait,</span> <span class='ocrx_word' id='word_1_202' title='bbox 1627 2009 1684 2054; x_wconf 91' lang='lat' dir='ltr'>ut</span> <span class='ocrx_word' id='word_1_203' title='bbox 1721 2008 1828 2055; x_wconf 81' lang='lat' dir='ltr'>vin-</span> 
     </span>
     <span class='ocr_line' id='line_1_26' title="bbox 54 2083 1830 2144; baseline -0.002 -12"><span class='ocrx_word' id='word_1_204' title='bbox 54 2093 114 2132; x_wconf 68' lang='lat'>&#39;25</span> <span class='ocrx_word' id='word_1_205' title='bbox 140 2099 270 2144; x_wconf 88' lang='lat' dir='ltr'>cam,</span> <span class='ocrx_word' id='word_1_206' title='bbox 317 2083 403 2131; x_wconf 90' lang='grc'><strong>5611</strong></span> <span class='ocrx_word' id='word_1_207' title='bbox 448 2099 509 2131; x_wconf 91' lang='grc'>116</span> <span class='ocrx_word' id='word_1_208' title='bbox 553 2098 721 2131; x_wconf 83' lang='grc'><strong>01111165</strong></span> <span class='ocrx_word' id='word_1_209' title='bbox 759 2083 913 2130; x_wconf 84' lang='grc'><strong>11111111</strong></span> <span class='ocrx_word' id='word_1_210' title='bbox 950 2098 1210 2144; x_wconf 87' lang='lat' dir='ltr'>pereamus</span> <span class='ocrx_word' id='word_1_211' title='bbox 1247 2083 1341 2130; x_wconf 92' lang='lat' dir='ltr'>hoc</span> <span class='ocrx_word' id='word_1_212' title='bbox 1381 2084 1457 2130; x_wconf 89' lang='lat' dir='ltr'>est</span> <span class='ocrx_word' id='word_1_213' title='bbox 1493 2098 1594 2130; x_wconf 90' lang='lat' dir='ltr'>non</span> <span class='ocrx_word' id='word_1_214' title='bbox 1631 2083 1830 2130; x_wconf 88' lang='lat' dir='ltr'>tantum</span> 
     </span>
     <span class='ocr_line' id='line_1_27' title="bbox 137 2155 1829 2220; baseline -0.001 -15"><span class='ocrx_word' id='word_1_215' title='bbox 137 2159 244 2220; x_wconf 87' lang='lat' dir='ltr'>ipse</span> <span class='ocrx_word' id='word_1_216' title='bbox 279 2158 367 2219; x_wconf 91' lang='lat' dir='ltr'>qui</span> <span class='ocrx_word' id='word_1_217' title='bbox 396 2157 581 2205; x_wconf 87' lang='lat' dir='ltr'>bellum</span> <span class='ocrx_word' id='word_1_218' title='bbox 611 2158 914 2218; x_wconf 87' lang='lat' dir='ltr'>repetiturus</span> <span class='ocrx_word' id='word_1_219' title='bbox 947 2158 1114 2204; x_wconf 85' lang='lat' dir='ltr'>fuerat</span> <span class='ocrx_word' id='word_1_220' title='bbox 1145 2173 1317 2204; x_wconf 86' lang='lat' dir='ltr'>verum</span> <span class='ocrx_word' id='word_1_221' title='bbox 1349 2155 1501 2204; x_wconf 91' lang='lat' dir='ltr'>etiam</span> <span class='ocrx_word' id='word_1_222' title='bbox 1538 2157 1829 2216; x_wconf 88' lang='lat' dir='ltr'>remansuri,</span> 
     </span>
     <span class='ocr_line' id='line_1_28' title="bbox 139 2229 1003 2291; baseline 0.001 -13"><span class='ocrx_word' id='word_1_223' title='bbox 139 2231 397 2291; x_wconf 87' lang='lat' dir='ltr'>Ascanius,</span> <span class='ocrx_word' id='word_1_224' title='bbox 438 2231 676 2279; x_wconf 86' lang='lat' dir='ltr'>Anchises</span> <span class='ocrx_word' id='word_1_225' title='bbox 716 2233 766 2279; x_wconf 88' lang='lat' dir='ltr'>et</span> <span class='ocrx_word' id='word_1_226' title='bbox 808 2229 1003 2280; x_wconf 83' lang='lat' dir='ltr'>Creusa.</span> 
     </span>
     <span class='ocr_line' id='line_1_29' title="bbox 249 2305 1829 2366; baseline -0.001 -13"><span class='ocrx_word' id='word_1_227' title='bbox 249 2306 384 2353; x_wconf 81' lang='lat' dir='ltr'>Hinc</span> <span class='ocrx_word' id='word_1_228' title='bbox 442 2306 574 2365; x_wconf 82' lang='lat' dir='ltr'>ferro</span> <span class='ocrx_word' id='word_1_229' title='bbox 636 2307 861 2366; x_wconf 71' lang='lat' dir='ltr'>aceinyor</span> <span class='ocrx_word' id='word_1_230' title='bbox 920 2319 1096 2352; x_wconf 80' lang='lat' dir='ltr'>rursus</span> <span class='ocrx_word' id='word_1_231' title='bbox 1156 2305 1398 2365; x_wconf 78' lang='lat' dir='ltr'>clipeoque</span> <span class='ocrx_word' id='word_1_232' title='bbox 1450 2305 1703 2352; x_wconf 68' lang='lat' dir='ltr'>sinistram</span> <span class='ocrx_word' id='word_1_233' title='bbox 1754 2305 1829 2351; x_wconf 76' lang='lat' dir='ltr'>in-</span> 
     </span>
     <span class='ocr_line' id='line_1_30' title="bbox 138 2377 1830 2439; baseline 0 -13"><span class='ocrx_word' id='word_1_234' title='bbox 138 2381 381 2428; x_wconf 82' lang='lat' dir='ltr'>sertabam</span> <span class='ocrx_word' id='word_1_235' title='bbox 427 2382 604 2438; x_wconf 75' lang='lat' dir='ltr'>aptans</span> <span class='ocrx_word' id='word_1_236' title='bbox 648 2393 814 2439; x_wconf 80' lang='lat' dir='ltr'>meque</span> <span class='ocrx_word' id='word_1_237' title='bbox 859 2383 995 2427; x_wconf 74' lang='lat' dir='ltr'>extra</span> <span class='ocrx_word' id='word_1_238' title='bbox 1041 2382 1160 2427; x_wconf 85' lang='lat' dir='ltr'>tecta</span> <span class='ocrx_word' id='word_1_239' title='bbox 1205 2379 1442 2438; x_wconf 81' lang='lat' dir='ltr'>ferebam:</span> <span class='ocrx_word' id='word_1_240' title='bbox 1489 2395 1600 2426; x_wconf 93' lang='lat' dir='ltr'>cum</span> <span class='ocrx_word' id='word_1_241' title='bbox 1644 2394 1706 2426; x_wconf 89' lang='lat' dir='ltr'>ne</span> <span class='ocrx_word' id='word_1_242' title='bbox 1751 2377 1830 2426; x_wconf 84' lang='lat' dir='ltr'>his</span> 
     </span>
     <span class='ocr_line' id='line_1_31' title="bbox 32 2453 1830 2516; baseline -0.002 -14"><span class='ocrx_word' id='word_1_243' title='bbox 32 2456 117 2502; x_wconf 70' lang='grc' dir='ltr'>Ῥω</span> <span class='ocrx_word' id='word_1_244' title='bbox 142 2453 338 2516; x_wconf 86' lang='lat' dir='ltr'>quidem</span> <span class='ocrx_word' id='word_1_245' title='bbox 378 2453 523 2501; x_wconf 84' lang='lat' dir='ltr'>dictis</span> <span class='ocrx_word' id='word_1_246' title='bbox 563 2455 859 2516; x_wconf 84' lang='lat' dir='ltr'>moveretur,</span> <span class='ocrx_word' id='word_1_247' title='bbox 898 2454 1078 2514; x_wconf 90' lang='lat' dir='ltr'>inquit,</span> <span class='ocrx_word' id='word_1_248' title='bbox 1119 2454 1313 2500; x_wconf 91' lang='lat' dir='ltr'>animus</span> <span class='ocrx_word' id='word_1_249' title='bbox 1352 2454 1527 2515; x_wconf 90' lang='lat' dir='ltr'>patris,</span> <span class='ocrx_word' id='word_1_250' title='bbox 1573 2467 1830 2515; x_wconf 85' lang='lat' dir='ltr'>coeperam</span> 
     </span>
    </p>
   </div>
   <div class='ocr_carea' id='block_1_5' title="bbox 123 2621 1832 2798">
    <p class='ocr_par' dir='ltr' id='par_1_5' title="bbox 123 2621 1832 2798">
     <span class='ocr_line' id='line_1_32' title="bbox 123 2621 1831 2681; baseline -0.001 -15"><span class='ocrx_word' id='word_1_251' title='bbox 123 2657 128 2660; x_wconf 93' lang='lat'>.</span> <span class='ocrx_word' id='word_1_252' title='bbox 262 2628 375 2666; x_wconf 88' lang='grc'>1-2</span> <span class='ocrx_word' id='word_1_253' title='bbox 414 2624 532 2668; x_wconf 71' lang='lat' dir='ltr'>hisce</span> <span class='ocrx_word' id='word_1_254' title='bbox 570 2624 625 2668; x_wconf 81' lang='lat' dir='ltr'>de</span> <span class='ocrx_word' id='word_1_255' title='bbox 661 2624 806 2668; x_wconf 81' lang='lat' dir='ltr'>oculis</span> <span class='ocrx_word' id='word_1_256' title='bbox 843 2629 1057 2681; x_wconf 76' lang='lat' dir='ltr'>uyantem</span> <span class='ocrx_word' id='word_1_257' title='bbox 1093 2624 1262 2668; x_wconf 77' lang='lat' dir='ltr'>hostem</span> <span class='ocrx_word' id='word_1_258' title='bbox 1293 2625 1515 2668; x_wconf 73' lang='lat' dir='ltr'>intentam</span> <span class='ocrx_word' id='word_1_259' title='bbox 1545 2623 1714 2667; x_wconf 74' lang='lat' dir='ltr'>nostris</span> <span class='ocrx_word' id='word_1_260' title='bbox 1743 2621 1831 2665; x_wconf 78' lang='lat' dir='ltr'>LR.</span> 
     </span>
     <span class='ocr_line' id='line_1_33' title="bbox 142 2681 1832 2750; baseline -0.002 -22"><span class='ocrx_word' id='word_1_261' title='bbox 142 2683 428 2728; x_wconf 74' lang='lat' dir='ltr'>bacchantem</span> <span class='ocrx_word' id='word_1_262' title='bbox 457 2697 482 2733; x_wconf 80' lang='lat' dir='ltr'>r</span> <span class='ocrx_word' id='word_1_263' title='bbox 517 2687 757 2750; x_wconf 74' lang='lat' dir='ltr'>vayantem</span> <span class='ocrx_word' id='word_1_264' title='bbox 787 2683 839 2726; x_wconf 89' lang='lat' dir='ltr'>in</span> <span class='ocrx_word' id='word_1_265' title='bbox 867 2695 1015 2739; x_wconf 87' lang='lat' dir='ltr'>marg.</span> <span class='ocrx_word' id='word_1_266' title='bbox 1026 2681 1089 2727; x_wconf 79' lang='lat' dir='ltr'>.&#39;r</span> <span class='ocrx_word' id='word_1_267' title='bbox 1108 2687 1305 2740; x_wconf 58' lang='lat' dir='ltr'>petrem</span> <span class='ocrx_word' id='word_1_268' title='bbox 1335 2697 1481 2727; x_wconf 85' lang='lat' dir='ltr'>meum</span> <span class='ocrx_word' id='word_1_269' title='bbox 1511 2683 1567 2727; x_wconf 77' lang='lat' dir='ltr'>in</span> <span class='ocrx_word' id='word_1_270' title='bbox 1593 2686 1832 2737; x_wconf 65' lang='lat' dir='ltr'>conspectu</span> 
     </span>
     <span class='ocr_line' id='line_1_34' title="bbox 141 2739 1830 2798; baseline -0.002 -12"><span class='ocrx_word' id='word_1_271' title='bbox 141 2755 241 2786; x_wconf 70' lang='lat' dir='ltr'>ma</span> <span class='ocrx_word' id='word_1_272' title='bbox 274 2742 419 2786; x_wconf 79' lang='lat' dir='ltr'>occidi</span> <span class='ocrx_word' id='word_1_273' title='bbox 457 2740 706 2786; x_wconf 83' lang='lat' dir='ltr'>substituit</span> <span class='ocrx_word' id='word_1_274' title='bbox 743 2741 837 2786; x_wconf 80' lang='grc'><strong>611.;</strong></span> <span class='ocrx_word' id='word_1_275' title='bbox 886 2741 1129 2786; x_wconf 84' lang='lat' dir='ltr'>emendavi</span> <span class='ocrx_word' id='word_1_276' title='bbox 1167 2742 1220 2785; x_wconf 79' lang='lat' dir='ltr'>in</span> <span class='ocrx_word' id='word_1_277' title='bbox 1251 2742 1565 2798; x_wconf 77' lang='lat' dir='ltr'>penetralibus</span> <span class='ocrx_word' id='word_1_278' title='bbox 1606 2739 1830 2797; x_wconf 85' lang='lat' dir='ltr'>explicari</span> 
     </span>
    </p>
   </div>
   <div class='ocr_carea' id='block_1_6' title="bbox 141 2799 1831 2964">
    <p class='ocr_par' dir='ltr' id='par_1_6' title="bbox 141 2799 1831 2964">
     <span class='ocr_line' id='line_1_35' title="bbox 141 2799 1740 2859; baseline -0.001 -15"><span class='ocrx_word' id='word_1_279' title='bbox 141 2802 286 2849; x_wconf 59' lang='lat' dir='ltr'>rafim.</span> <span class='ocrx_word' id='word_1_280' title='bbox 445 2806 472 2844; x_wconf 82' lang='lat'><strong>5</strong></span> <span class='ocrx_word' id='word_1_281' title='bbox 503 2802 638 2857; x_wconf 73' lang='lat' dir='ltr'>posui</span> <span class='ocrx_word' id='word_1_282' title='bbox 668 2799 767 2844; x_wconf 88' lang='lat' dir='ltr'>LR.</span> <span class='ocrx_word' id='word_1_283' title='bbox 931 2804 986 2844; x_wconf 90' lang='grc'>10</span> <span class='ocrx_word' id='word_1_284' title='bbox 1015 2802 1243 2859; x_wconf 69' lang='lat' dir='ltr'>sanquine</span> <span class='ocrx_word' id='word_1_285' title='bbox 1274 2801 1360 2844; x_wconf 82' lang='lat' dir='ltr'>LR</span> <span class='ocrx_word' id='word_1_286' title='bbox 1389 2815 1424 2845; x_wconf 79' lang='lat' dir='ltr'>s.</span> <span class='ocrx_word' id='word_1_287' title='bbox 1455 2814 1637 2845; x_wconf 82' lang='lat' dir='ltr'>cernam</span> <span class='ocrx_word' id='word_1_288' title='bbox 1667 2799 1740 2843; x_wconf 85' lang='lat' dir='ltr'>ed.</span> 
     </span>
     <span class='ocr_line' id='line_1_36' title="bbox 145 2859 1831 2919; baseline 0.001 -17"><span class='ocrx_word' id='word_1_289' title='bbox 145 2863 203 2903; x_wconf 87' lang='lat'>11</span> <span class='ocrx_word' id='word_1_290' title='bbox 226 2865 377 2918; x_wconf 72' lang='lat' dir='ltr'>posset</span> <span class='ocrx_word' id='word_1_291' title='bbox 406 2861 478 2904; x_wconf 85' lang='lat' dir='ltr'>ed..</span> <span class='ocrx_word' id='word_1_292' title='bbox 572 2864 626 2904; x_wconf 84' lang='lat'>15</span> <span class='ocrx_word' id='word_1_293' title='bbox 658 2860 944 2905; x_wconf 75' lang='lat' dir='ltr'>redditurum</span> <span class='ocrx_word' id='word_1_294' title='bbox 967 2859 1067 2903; x_wconf 80' lang='lat' dir='ltr'>LR.</span> <span class='ocrx_word' id='word_1_295' title='bbox 1160 2865 1216 2903; x_wconf 84' lang='grc'>16</span> <span class='ocrx_word' id='word_1_296' title='bbox 1246 2873 1351 2919; x_wconf 71' lang='lat' dir='ltr'>erqo</span> <span class='ocrx_word' id='word_1_297' title='bbox 1374 2873 1464 2904; x_wconf 91' lang='lat' dir='ltr'>om.</span> <span class='ocrx_word' id='word_1_298' title='bbox 1482 2859 1554 2903; x_wconf 87' lang='lat' dir='ltr'>ed.</span> <span class='ocrx_word' id='word_1_299' title='bbox 1648 2862 1703 2902; x_wconf 89' lang='lat'>18</span> <span class='ocrx_word' id='word_1_300' title='bbox 1734 2859 1831 2903; x_wconf 73' lang='lat' dir='ltr'>vita</span> 
     </span>
     <span class='ocr_line' id='line_1_37' title="bbox 142 2917 1740 2964; baseline -0.002 -1"><span class='ocrx_word' id='word_1_301' title='bbox 142 2917 192 2962; x_wconf 70' lang='lat' dir='ltr'>R</span> <span class='ocrx_word' id='word_1_302' title='bbox 223 2932 404 2963; x_wconf 63' lang='lat' dir='ltr'>corr-,12</span> <span class='ocrx_word' id='word_1_303' title='bbox 565 2923 622 2963; x_wconf 93' lang='grc'>22</span> <span class='ocrx_word' id='word_1_304' title='bbox 653 2920 964 2964; x_wconf 73' lang='lat' dir='ltr'>instauratam</span> <span class='ocrx_word' id='word_1_305' title='bbox 1001 2918 1051 2963; x_wconf 91' lang='lat' dir='ltr'>L.</span> <span class='ocrx_word' id='word_1_306' title='bbox 1233 2924 1290 2963; x_wconf 83' lang='grc'>25</span> <span class='ocrx_word' id='word_1_307' title='bbox 1327 2919 1409 2963; x_wconf 81' lang='lat' dir='ltr'>hoc</span> <span class='ocrx_word' id='word_1_308' title='bbox 1445 2922 1510 2963; x_wconf 86' lang='lat' dir='ltr'>est</span> <span class='ocrx_word' id='word_1_309' title='bbox 1547 2931 1634 2962; x_wconf 89' lang='lat' dir='ltr'>om.</span> <span class='ocrx_word' id='word_1_310' title='bbox 1668 2917 1740 2961; x_wconf 84' lang='lat' dir='ltr'>ed.</span> 
     </span>
    </p>
   </div>
   <div class='ocr_carea' id='block_1_7' title="bbox 143 2977 1830 3022">
    <p class='ocr_par' dir='ltr' id='par_1_7' title="bbox 143 2977 1830 3022">
     <span class='ocr_line' id='line_1_38' title="bbox 143 2977 1830 3022; baseline 0.001 -3"><span class='ocrx_word' id='word_1_311' title='bbox 143 2981 200 3020; x_wconf 81' lang='grc'>27</span> <span class='ocrx_word' id='word_1_312' title='bbox 240 2979 455 3022; x_wconf 78' lang='lat' dir='ltr'>ascanius</span> <span class='ocrx_word' id='word_1_313' title='bbox 492 2978 696 3022; x_wconf 78' lang='lat' dir='ltr'>anchises</span> <span class='ocrx_word' id='word_1_314' title='bbox 727 2977 814 3020; x_wconf 87' lang='lat' dir='ltr'>LR</span> <span class='ocrx_word' id='word_1_315' title='bbox 851 2977 1044 3022; x_wconf 79' lang='lat' dir='ltr'>invertit</span> <span class='ocrx_word' id='word_1_316' title='bbox 1082 2978 1154 3022; x_wconf 87' lang='lat' dir='ltr'>ed.</span> <span class='ocrx_word' id='word_1_317' title='bbox 1305 2982 1363 3022; x_wconf 90' lang='grc'>28</span> <span class='ocrx_word' id='word_1_318' title='bbox 1393 2978 1499 3022; x_wconf 78' lang='lat' dir='ltr'>hinc</span> <span class='ocrx_word' id='word_1_319' title='bbox 1530 2977 1614 3020; x_wconf 94' lang='lat' dir='ltr'>LR</span> <span class='ocrx_word' id='word_1_320' title='bbox 1653 2977 1727 3021; x_wconf 75' lang='lat' dir='ltr'>hic</span> <span class='ocrx_word' id='word_1_321' title='bbox 1756 2978 1830 3021; x_wconf 76' lang='lat' dir='ltr'>ed.</span> 
     </span>
    </p>
   </div>
  </div>
 </body>
</html>
