2014 3226
774 177 1073 222 AENEIDOS
1107 179 1167 222 vl
1701 185 1806 236 589

125 316 253 363 sedet
284 317 623 373 aeternamque
653 316 830 363 sedebit
861 318 1029 375 ius'elioe
1066 318 1296 366 Theseus:
1328 320 1542 368 Theseus
1575 322 1644 369 sic
1676 323 1807 369 dem·

127 391 274 437 natus
309 425 1270 439 ...........................
1348 395 1673 455 Pleleyyasque
1723 399 1808 443 mi-

127 465 361 511 serrimus
390 464 547 509 omue‘s
579 462 803 510 admonet
833 467 875 510 et
901 480 1080 525 mayna
1106 469 1305 513 testatur
1335 482 1442 515 voce
1465 483 1559 527 per
1588 469 1809 516 umbras.-

127 536 374 599 Phlegyas
412 537 724 598 praepositus
766 537 991 584 omnibus
1032 539 1146 597 fuit,
1190 541 1310 600 ipsis
1351 542 1674 602 miserrimus,
1715 545 1809 591 reis

82 627 104 659 5
127 609 371 658 universis
410 609 656 657 insultans
695 625 812 658 voce
853 627 1058 675 magna:
1099 613 1261 660 discite
1292 617 1526 662 iustitiam
1556 618 1723 664 moniti
1757 621 1897 663 eto-20

127 699 226 732 uon
249 686 454 731 temnere
477 684 638 740 divos;
670 687 784 744 post
815 685 1200 733 admonitionem
1234 687 1364 734 enim
1395 703 1595 749 peccare
1628 692 1811 737 crimen

129 760 202 806 est
232 758 502 805 maximum
534 772 622 805 nec
651 757 837 805 habent
867 759 1200 807 defensionem
1232 763 1573 822 inprudentiae
1606 765 1690 823 qui
1721 764 1811 811 hoc

130 832 365 892 fecerunt,
403 833 622 878 temnere
662 834 828 878 autem
867 832 1005 880 divos
1046 835 1358 898 sacrilegium
1389 839 1484 883 est:
1525 838 1690 883 omnia
1721 838 1810 884 cri-

129 906 267 952 mina
312 921 410 953 non
458 905 793 952 admittuntur
838 907 936 953 nisi
982 907 1076 954 diis
1123 909 1282 968 primo
1331 911 1646 971 contemptis,
1694 911 1810 958 dum

64 996 107 1028 10
130 995 230 1027 non
269 982 530 1041 sperantur
568 979 768 1027 ultores.
837 980 1054 1028 vendidit
1082 982 1157 1029 hic
1188 997 1309 1029 auro
1333 985 1580 1041 patriam:
1620 999 1809 1032 execra-

130 1053 228 1100 bile
275 1054 496 1100 criminis
545 1068 697 1116 genus
748 1053 971 1100 hostibus
1025 1056 1241 1115 patriam
1294 1057 1522 1104 vendere:
1583 1060 1811 1118 patriam,

130 1128 310 1188 inquit,
348 1127 564 1188 primum
603 1127 826 1174 altricem
867 1143 1019 1187 suam,
1060 1145 1184 1189 quae
1223 1130 1423 1190 proprio
1463 1130 1572 1177 sinu
1612 1147 1811 1178 nascen-

130 1204 231 1248 tem
278 1202 658 1263 vagientemque
697 1202 927 1262 suscepit,
974 1218 1121 1262 quam
1164 1217 1313 1264 supra
1351 1203 1522 1252 matris
1562 1204 1812 1252 adfectum

132 1290 298 1323 amare
329 1276 379 1322 et
410 1275 569 1322 colere
601 1274 864 1335 debuisset,
898 1291 1045 1336 quam
1076 1276 1319 1337 praeclari
1351 1278 1480 1325 cives
1512 1277 1622 1335 sibi,
1646 1278 1813 1325 liberis

65 1365 108 1398 15
132 1364 190 1396 ac
228 1350 438 1410 posteris
479 1350 580 1396 suis
621 1350 799 1410 optant
838 1351 1138 1410 cupiuntque
1179 1365 1280 1398 esse
1313 1350 1639 1411 superstitem.
1705 1367 1812 1399 ecce

133 1422 273 1470 addit
326 1437 529 1470 causam
584 1439 684 1484 qua
737 1423 960 1483 inpulsus
1021 1423 1322 1471 multiforme
1383 1425 1539 1472 scelus
1599 1424 1812 1483 admisit,

131 1499 333 1561 propter
371 1498 637 1545 avaritiam
676 1498 833 1544 solam
865 1501 913 1544 et
945 1497 1279 1557 execrandam,
1309 1499 1487 1559 inquit,
1519 1498 1569 1544 id
1601 1502 1673 1546 est
1705 1500 1812 1545 auri

133 1570 480 1632 cupiditatem,
527 1571 722 1632 decepit
767 1587 875 1619 eam
920 1587 1009 1632 pro
1057 1587 1154 1632 qua
1201 1572 1483 1619 occumbere
1521 1572 1680 1635 gloria
1717 1573 1815 1619 fuit

11 1627 26 1706 ,ἶ
133 1646 183 1693 et
228 1661 318 1706 per
362 1645 625 1693 victoriam
662 1644 762 1692 fida
800 1646 979 1693 mentis
1018 1644 1347 1692 obstinatione
1386 1645 1561 1692 durare
1602 1648 1651 1692 et
1687 1646 1814 1693 hanc

10 1708 25 1771 ζ
66 1735 110 1768 20
132 1718 356 1766 hostibus
417 1719 470 1766 in
532 1719 738 1766 exitium
801 1721 904 1766 eius
972 1718 1240 1779 perniciem
1308 1719 1656 1780 quaerentibus
1716 1735 1813 1767 non

10 1787 20 1859 ’-
133 1792 384 1841 dubitavit
437 1792 622 1841 offerre.
701 1792 991 1840 definiamus
1047 1793 1165 1853 quid
1213 1791 1278 1839 sit
1322 1794 1537 1854 patriam
1582 1792 1812 1840 vendere:

0 1821 26 1926 ¹4
133 1867 357 1929 decipere
402 1867 565 1929 ipsam
611 1868 772 1929 primo
820 1882 990 1928 quam,
1037 1868 1093 1912 ut
1132 1866 1316 1913 dictum
1357 1869 1452 1925 est,
1499 1868 1814 1928 superstitem

9 1934 12 1939 ’
131 1939 410 2002 relinquere
441 1941 607 1988 fuerat
637 1941 922 2005 gloriosum,
946 1939 1167 2001 decipere
1199 1939 1407 1987 insontis
1440 1940 1575 1999 civis,
1596 1939 1813 1987 diversas

135 2029 332 2076 quoque
371 2016 559 2063 aetates
599 2015 650 2062 in
690 2014 883 2062 diverso
922 2029 1039 2062 sexu
1086 2014 1403 2073 constitutas,
1448 2013 1710 2075 locupletis
1758 2029 1814 2061 ex

67 2103 111 2138 25
133 2088 320 2151 praeda
357 2089 513 2137 hostis
553 2088 759 2137 efficere.
837 2087 958 2136 adde
999 2102 1219 2135 causam:
1259 2087 1365 2134 sola
1402 2087 1617 2134 avaritia
1655 2091 1730 2135 est
1767 2088 1817 2134 et

135 2162 363 2211 sumendi
401 2163 512 2210 auri
550 2162 795 2224 cupiditas
835 2161 1104 2210 execranda
1143 2160 1385 2208 servaturi
1416 2160 1551 2208 istud
1582 2160 1676 2208 sibi
1706 2175 1815 2222 per·

137 2235 254 2285 ditis
292 2237 520 2285 omnibus
559 2253 687 2299 quae
725 2237 980 2285 carissima
1018 2233 1196 2283 habere
1235 2233 1485 2282 debuerat.
1547 2233 1816 2282 dominum-

12 1539 27 1577 ὁ

258 2396 284 2436 2
315 2393 426 2448 post
454 2393 703 2437 damnatus
732 2390 914 2447 reliqua
944 2403 1052 2446 pars
1084 2402 1240 2432 versus
1273 2390 1408 2432 vacat
1438 2387 1491 2431 V.
1646 2391 1673 2430 4
1705 2388 1818 2444 ipsis

137 2452 418 2496 miserrimus
446 2451 484 2495 V
528 2451 585 2495 cf.
620 2456 660 2505 3,
685 2455 786 2494 249.
937 2454 962 2492 5
1001 2449 1231 2493 insultans
1269 2446 1311 2491 V
1349 2447 1419 2491 ed.
1460 2447 1727 2491 inculcans?

141 2514 167 2553 6
197 2515 355 2554 temere
386 2509 440 2554 V.
571 2515 597 2554 8
629 2511 809 2565 ficereut
838 2507 880 2552 V
909 2508 1110 2563 facerent
1139 2506 1210 2550 ed.
1241 2507 1444 2561 fecerunt
1472 2519 1568 2550 noe.
1611 2506 1617 2561 Ι
1666 2506 1818 2549 timere

138 2567 182 2612 V
211 2582 306 2613 ‘nou
335 2570 487 2614 timere
517 2569 608 2614 ΗΟ
641 2568 712 2612 ed.
746 2572 935 2613 temnere
966 2580 1049 2610 nos
1081 2567 1272 2623 propter
1302 2568 1471 2610 contem
1504 2565 1574 2608 tis.
1616 2564 1623 2622 Ι
1664 2564 1816 2607 omm'a

142 2653 197 2660 —
216 2632 271 2672 10
301 2629 469 2673 ultores
499 2642 587 2673 om.
613 2627 683 2672 ed.
830 2630 882 2669 11
917 2625 1105 2670 erimine
1133 2624 1188 2668 V.
1341 2627 1395 2667 14
1424 2627 1466 2667 ει·
1505 2624 1514 2633 ’
1543 2635 1630 2666 om.
1656 2621 1726 2667 ed.
1828 2648 1832 2651 «

143 2691 198 2731 15
230 2692 414 2744 optante
435 2687 490 2732 V.
614 2691 668 2730 17
699 2687 842 2731 solam
872 2690 913 2729 et
935 2684 976 2727 V
1007 2689 1048 2728 et
1078 2697 1166 2727 om.
1192 2682 1263 2727 ed.
1387 2686 1441 2726 18
1471 2682 1565 2736 fuit
1595 2680 1637 2724 V
1665 2681 1820 2735 suerat

103 2790 106 2792 ,
142 2746 214 2790 ed.
307 2751 362 2790 19
393 2747 535 2802 fidam
564 2746 715 2791 uentis
736 2744 778 2789 V
802 2757 915 2788 corr.
934 2743 1005 2787 ed.
1099 2746 1155 2787 20
1179 2742 1426 2799 perniciem
1450 2739 1491 2783 V
1620 2738 1727 2783 add.
1744 2738 1814 2782 ed.

200 2809 254 2850 21
296 2805 526 2851 dubitaret
553 2804 596 2849 V
627 2804 699 2849 ed.
732 2816 846 2847 corr.
879 2802 949 2846 ed.
981 2803 1100 2858 post.
1252 2804 1308 2844 28
1339 2802 1493 2855 fuerat
1592 2803 1659 2843 eet
1692 2796 1764 2841 ed.
1807 2799 1814 2854 }

140 2865 275 2910 maius
302 2864 346 2909 V
377 2865 448 2910 ed.
481 2865 593 2910 civis
621 2877 719 2907 nos.
834 2866 890 2906 25
921 2861 1093 2916 efficere
1123 2859 1165 2903 V
1197 2864 1317 2904 went
1346 2857 1418 2902 ed.
1523 2859 1697 2901 26—27
1727 2869 1820 2923 cerff

141 2929 334 2969 vatwms
361 2924 443 2969 hoe
472 2925 550 2969 cui
572 2922 768 2980 perditis
797 2921 1006 2966 omnibus
1027 2918 1069 2963 V
1090 2918 1316 2964 servaturi
1346 2919 1465 2975 (gen.
1498 2915 1556 2960 cf.
1583 2915 1817 2972 planetum

145 2986 216 3038 11,
237 2984 315 3040 41)
344 2982 471 3029 istud
500 2982 590 3027 sibi
615 2995 663 3038 p.
689 2993 728 3034 o,
752 2993 858 3033 nos;
891 2979 1049 3035 inepte
1079 2979 1193 3022 mut.
1218 2976 1289 3020 ed.
