<?xml version="1.0" encoding="UTF-8"?>
<!DOCTYPE html PUBLIC "-//W3C//DTD XHTML 1.0 Transitional//EN"
    "http://www.w3.org/TR/xhtml1/DTD/xhtml1-transitional.dtd">
<html xmlns="http://www.w3.org/1999/xhtml" xml:lang="en" lang="en">
 <head>
  <title>
</title>
<meta http-equiv="Content-Type" content="text/html;charset=utf-8" />
  <meta name='ocr-system' content='tesseract 3.04.00' />
  <meta name='ocr-capabilities' content='ocr_page ocr_carea ocr_par ocr_line ocrx_word'/>
</head>
<body>
  <div class='ocr_page' id='page_1' title='image "./interpretationes01donauoft_0137.png"; bbox 0 0 2014 3226; ppageno 0'>
   <div class='ocr_carea' id='block_1_1' title="bbox 35 2543 63 2668">
    <p class='ocr_par' dir='ltr' id='par_1_1' title="bbox 35 2543 63 2668">
     <span class='ocr_line' id='line_1_1' title="bbox 35 2543 63 2668; textangle 90"><span class='ocrx_word' id='word_1_1' title='bbox 35 2543 63 2668; x_wconf 55' lang='grc' dir='ltr'>ατὲἳίἱίἑν</span> 
     </span>
    </p>
   </div>
   <div class='ocr_carea' id='block_1_2' title="bbox 745 150 1767 204">
    <p class='ocr_par' dir='ltr' id='par_1_2' title="bbox 745 150 1767 204">
     <span class='ocr_line' id='line_1_2' title="bbox 745 150 1767 204; baseline 0.001 -10"><span class='ocrx_word' id='word_1_2' title='bbox 745 151 1048 195; x_wconf 79' lang='lat' dir='ltr'>AENEIDOS</span> <span class='ocrx_word' id='word_1_3' title='bbox 1081 151 1100 194; x_wconf 86' lang='grc' dir='ltr'>Ι</span> <span class='ocrx_word' id='word_1_4' title='bbox 1701 150 1767 204; x_wconf 74' lang='grc' dir='ltr'>8ἶ</span> 
     </span>
    </p>
   </div>
   <div class='ocr_carea' id='block_1_3' title="bbox 22 291 1857 2502">
    <p class='ocr_par' dir='ltr' id='par_1_3' title="bbox 36 291 1772 651">
     <span class='ocr_line' id='line_1_3' title="bbox 80 291 1770 353; baseline -0.002 -11"><span class='ocrx_word' id='word_1_5' title='bbox 80 293 233 342; x_wconf 84' lang='lat' dir='ltr'>securi</span> <span class='ocrx_word' id='word_1_6' title='bbox 281 292 516 352; x_wconf 81' lang='lat' dir='ltr'>volitant⁷</span> <span class='ocrx_word' id='word_1_7' title='bbox 569 293 660 351; x_wconf 82' lang='lat' dir='ltr'>sic,</span> <span class='ocrx_word' id='word_1_8' title='bbox 708 291 894 353; x_wconf 77' lang='lat' dir='ltr'>inquit,</span> <span class='ocrx_word' id='word_1_9' title='bbox 943 294 992 338; x_wconf 88' lang='lat' dir='ltr'>et</span> <span class='ocrx_word' id='word_1_10' title='bbox 1039 307 1187 339; x_wconf 83' lang='lat' dir='ltr'>naves</span> <span class='ocrx_word' id='word_1_11' title='bbox 1235 295 1350 339; x_wconf 86' lang='lat' dir='ltr'>tuae</span> <span class='ocrx_word' id='word_1_12' title='bbox 1398 295 1448 339; x_wconf 94' lang='lat' dir='ltr'>et</span> <span class='ocrx_word' id='word_1_13' title='bbox 1488 308 1654 340; x_wconf 90' lang='lat' dir='ltr'>omnes</span> <span class='ocrx_word' id='word_1_14' title='bbox 1694 293 1770 339; x_wconf 83' lang='lat' dir='ltr'>tui</span> 
     </span>
     <span class='ocr_line' id='line_1_4' title="bbox 80 365 1772 428; baseline -0.002 -13"><span class='ocrx_word' id='word_1_15' title='bbox 80 367 236 415; x_wconf 85' lang='lat' dir='ltr'>securi</span> <span class='ocrx_word' id='word_1_16' title='bbox 287 365 473 428; x_wconf 87' lang='lat' dir='ltr'>degunt</span> <span class='ocrx_word' id='word_1_17' title='bbox 520 380 577 412; x_wconf 89' lang='lat' dir='ltr'>ac</span> <span class='ocrx_word' id='word_1_18' title='bbox 624 367 723 412; x_wconf 89' lang='lat' dir='ltr'>tuti</span> <span class='ocrx_word' id='word_1_19' title='bbox 770 368 897 413; x_wconf 89' lang='lat' dir='ltr'>sunt.</span> <span class='ocrx_word' id='word_1_20' title='bbox 967 380 1116 425; x_wconf 61' lang='lat' dir='ltr'>perae</span> <span class='ocrx_word' id='word_1_21' title='bbox 1162 367 1301 413; x_wconf 81' lang='lat' dir='ltr'>modo</span> <span class='ocrx_word' id='word_1_22' title='bbox 1342 370 1384 413; x_wconf 83' lang='lat' dir='ltr'>et</span> <span class='ocrx_word' id='word_1_23' title='bbox 1422 381 1517 425; x_wconf 73' lang='lat' dir='ltr'>qua</span> <span class='ocrx_word' id='word_1_24' title='bbox 1559 371 1600 413; x_wconf 74' lang='lat' dir='ltr'>te</span> <span class='ocrx_word' id='word_1_25' title='bbox 1640 367 1772 414; x_wconf 72' lang='lat' dir='ltr'>ducit</span> 
     </span>
     <span class='ocr_line' id='line_1_5' title="bbox 78 438 1769 502; baseline -0.001 -14"><span class='ocrx_word' id='word_1_26' title='bbox 78 443 160 489; x_wconf 81' lang='lat' dir='ltr'>via</span> <span class='ocrx_word' id='word_1_27' title='bbox 206 441 358 498; x_wconf 73' lang='lat' dir='ltr'>diriye</span> <span class='ocrx_word' id='word_1_28' title='bbox 400 454 642 498; x_wconf 62' lang='lat' dir='ltr'>messum:</span> <span class='ocrx_word' id='word_1_29' title='bbox 696 442 866 500; x_wconf 90' lang='lat' dir='ltr'>posset</span> <span class='ocrx_word' id='word_1_30' title='bbox 911 438 1104 486; x_wconf 82' lang='lat' dir='ltr'>Aeneas</span> <span class='ocrx_word' id='word_1_31' title='bbox 1153 440 1313 487; x_wconf 81' lang='lat' dir='ltr'>dicere</span> <span class='ocrx_word' id='word_1_32' title='bbox 1361 456 1459 487; x_wconf 90' lang='lat' dir='ltr'>non</span> <span class='ocrx_word' id='word_1_33' title='bbox 1507 440 1622 487; x_wconf 89' lang='lat' dir='ltr'>novi</span> <span class='ocrx_word' id='word_1_34' title='bbox 1672 457 1769 502; x_wconf 87' lang='lat' dir='ltr'>quo</span> 
     </span>
     <span class='ocr_line' id='line_1_6' title="bbox 79 513 1768 576; baseline -0.001 -13"><span class='ocrx_word' id='word_1_35' title='bbox 79 531 200 574; x_wconf 86' lang='lat' dir='ltr'>eam,</span> <span class='ocrx_word' id='word_1_36' title='bbox 238 513 330 560; x_wconf 91' lang='lat' dir='ltr'>hoc</span> <span class='ocrx_word' id='word_1_37' title='bbox 369 514 458 560; x_wconf 86' lang='lat' dir='ltr'>illa</span> <span class='ocrx_word' id='word_1_38' title='bbox 497 514 776 575; x_wconf 74' lang='lat' dir='ltr'>praeripuit</span> <span class='ocrx_word' id='word_1_39' title='bbox 816 513 1020 560; x_wconf 87' lang='lat' dir='ltr'>dicendo</span> <span class='ocrx_word' id='word_1_40' title='bbox 1061 515 1145 561; x_wconf 91' lang='lat' dir='ltr'>via</span> <span class='ocrx_word' id='word_1_41' title='bbox 1183 513 1276 561; x_wconf 81' lang='lat' dir='ltr'>tibi</span> <span class='ocrx_word' id='word_1_42' title='bbox 1323 514 1622 562; x_wconf 86' lang='lat' dir='ltr'>monstrabit</span> <span class='ocrx_word' id='word_1_43' title='bbox 1670 530 1768 576; x_wconf 87' lang='lat' dir='ltr'>quo</span> 
     </span>
     <span class='ocr_line' id='line_1_7' title="bbox 36 587 997 651; baseline -0.005 -13"><span class='ocrx_word' id='word_1_44' title='bbox 36 605 56 639; x_wconf 71' lang='grc' dir='ltr'><strong>ο</strong></span> <span class='ocrx_word' id='word_1_45' title='bbox 80 603 159 635; x_wconf 83' lang='lat' dir='ltr'>eas</span> <span class='ocrx_word' id='word_1_46' title='bbox 199 590 248 634; x_wconf 89' lang='lat' dir='ltr'>et</span> <span class='ocrx_word' id='word_1_47' title='bbox 287 603 383 647; x_wconf 88' lang='lat' dir='ltr'>quo</span> <span class='ocrx_word' id='word_1_48' title='bbox 423 587 596 635; x_wconf 78' lang='lat' dir='ltr'>tendas</span> <span class='ocrx_word' id='word_1_49' title='bbox 638 602 831 651; x_wconf 84' lang='lat' dir='ltr'>gressus</span> <span class='ocrx_word' id='word_1_50' title='bbox 870 589 997 635; x_wconf 89' lang='lat' dir='ltr'>tuos.</span> 
     </span>
    </p>

    <p class='ocr_par' dir='ltr' id='par_1_4' title="bbox 22 661 1857 2502">
     <span class='ocr_line' id='line_1_8' title="bbox 187 661 1769 721; baseline -0.001 -13"><span class='ocrx_word' id='word_1_51' title='bbox 187 661 328 708; x_wconf 70' lang='lat' dir='ltr'>Dixit</span> <span class='ocrx_word' id='word_1_52' title='bbox 381 665 423 708; x_wconf 78' lang='lat' dir='ltr'>et</span> <span class='ocrx_word' id='word_1_53' title='bbox 476 664 696 708; x_wconf 75' lang='lat' dir='ltr'>avertens</span> <span class='ocrx_word' id='word_1_54' title='bbox 750 675 890 708; x_wconf 77' lang='lat' dir='ltr'>rosea</span> <span class='ocrx_word' id='word_1_55' title='bbox 942 663 1120 709; x_wconf 69' lang='lat' dir='ltr'>cervice</span> <span class='ocrx_word' id='word_1_56' title='bbox 1167 663 1359 720; x_wconf 73' lang='lat' dir='ltr'>refulsit</span> <span class='ocrx_word' id='word_1_57' title='bbox 1405 663 1769 721; x_wconf 77' lang='lat' dir='ltr'>ambrose&#39;aeque</span> 
     </span>
     <span class='ocr_line' id='line_1_9' title="bbox 77 736 1768 794; baseline 0 -11"><span class='ocrx_word' id='word_1_58' title='bbox 77 749 235 783; x_wconf 82' lang='lat' dir='ltr'>comae</span> <span class='ocrx_word' id='word_1_59' title='bbox 279 736 495 782; x_wconf 74' lang='lat' dir='ltr'>divinum</span> <span class='ocrx_word' id='word_1_60' title='bbox 544 737 716 783; x_wconf 76' lang='lat' dir='ltr'>vertice</span> <span class='ocrx_word' id='word_1_61' title='bbox 763 737 958 782; x_wconf 80' lang='lat' dir='ltr'>odorem</span> <span class='ocrx_word' id='word_1_62' title='bbox 1004 737 1272 794; x_wconf 71' lang='lat' dir='ltr'>spiravere,</span> <span class='ocrx_word' id='word_1_63' title='bbox 1312 738 1463 794; x_wconf 73' lang='lat' dir='ltr'>pedes</span> <span class='ocrx_word' id='word_1_64' title='bbox 1509 738 1650 783; x_wconf 73' lang='lat' dir='ltr'>vestis</span> <span class='ocrx_word' id='word_1_65' title='bbox 1691 737 1768 783; x_wconf 86' lang='lat' dir='ltr'>de-</span> 
     </span>
     <span class='ocr_line' id='line_1_10' title="bbox 77 810 1857 869; baseline -0.002 -13"><span class='ocrx_word' id='word_1_66' title='bbox 77 810 216 869; x_wconf 74' lang='lat' dir='ltr'>fluxit</span> <span class='ocrx_word' id='word_1_67' title='bbox 252 810 318 856; x_wconf 81' lang='lat' dir='ltr'>ad</span> <span class='ocrx_word' id='word_1_68' title='bbox 355 811 478 856; x_wconf 76' lang='lat' dir='ltr'>imos</span> <span class='ocrx_word' id='word_1_69' title='bbox 518 813 561 856; x_wconf 75' lang='lat' dir='ltr'>et</span> <span class='ocrx_word' id='word_1_70' title='bbox 597 824 713 856; x_wconf 77' lang='lat' dir='ltr'>vcra</span> <span class='ocrx_word' id='word_1_71' title='bbox 752 812 942 857; x_wconf 52' lang='lat' dir='ltr'>‘incessu</span> <span class='ocrx_word' id='word_1_72' title='bbox 974 812 1141 869; x_wconf 62' lang='lat' dir='ltr'>panzii</span> <span class='ocrx_word' id='word_1_73' title='bbox 1178 811 1292 857; x_wconf 78' lang='lat' dir='ltr'>dea:</span> <span class='ocrx_word' id='word_1_74' title='bbox 1332 813 1523 858; x_wconf 88' lang='lat' dir='ltr'>remota</span> <span class='ocrx_word' id='word_1_75' title='bbox 1556 810 1752 857; x_wconf 84' lang='lat' dir='ltr'>Aeneae</span> <span class='ocrx_word' id='word_1_76' title='bbox 1772 815 1857 854; x_wconf 81' lang='lat'>405</span> 
     </span>
     <span class='ocr_line' id='line_1_11' title="bbox 77 883 1767 946; baseline -0.001 -15"><span class='ocrx_word' id='word_1_77' title='bbox 77 884 352 945; x_wconf 90' lang='lat' dir='ltr'>suspicione</span> <span class='ocrx_word' id='word_1_78' title='bbox 403 899 573 930; x_wconf 86' lang='lat' dir='ltr'>veram</span> <span class='ocrx_word' id='word_1_79' title='bbox 625 885 886 931; x_wconf 87' lang='lat' dir='ltr'>constituit</span> <span class='ocrx_word' id='word_1_80' title='bbox 933 883 1097 944; x_wconf 88' lang='lat' dir='ltr'>deam,</span> <span class='ocrx_word' id='word_1_81' title='bbox 1146 884 1388 945; x_wconf 73' lang='lat' dir='ltr'>conpletis</span> <span class='ocrx_word' id='word_1_82' title='bbox 1436 900 1561 946; x_wconf 88' lang='lat' dir='ltr'>quae</span> <span class='ocrx_word' id='word_1_83' title='bbox 1608 884 1767 931; x_wconf 80' lang='lat' dir='ltr'>voluit</span> 
     </span>
     <span class='ocr_line' id='line_1_12' title="bbox 22 957 1767 1019; baseline 0.001 -13"><span class='ocrx_word' id='word_1_84' title='bbox 22 973 56 1006; x_wconf 66' lang='lat' dir='ltr'>io</span> <span class='ocrx_word' id='word_1_85' title='bbox 79 957 265 1005; x_wconf 77' lang='lat' dir='ltr'>dimisit</span> <span class='ocrx_word' id='word_1_86' title='bbox 310 957 519 1017; x_wconf 84' lang='lat' dir='ltr'>laetum,</span> <span class='ocrx_word' id='word_1_87' title='bbox 571 957 764 1006; x_wconf 88' lang='lat' dir='ltr'>dimisit</span> <span class='ocrx_word' id='word_1_88' title='bbox 807 959 1109 1005; x_wconf 88' lang='lat' dir='ltr'>instructum</span> <span class='ocrx_word' id='word_1_89' title='bbox 1156 961 1204 1006; x_wconf 92' lang='lat' dir='ltr'>et</span> <span class='ocrx_word' id='word_1_90' title='bbox 1253 958 1481 1006; x_wconf 76' lang='lat' dir='ltr'>recedens</span> <span class='ocrx_word' id='word_1_91' title='bbox 1537 958 1767 1019; x_wconf 86' lang='lat' dir='ltr'>plurimis</span> 
     </span>
     <span class='ocr_line' id='line_1_13' title="bbox 77 1031 1769 1094; baseline 0 -15"><span class='ocrx_word' id='word_1_92' title='bbox 77 1031 227 1094; x_wconf 88' lang='lat' dir='ltr'>signis</span> <span class='ocrx_word' id='word_1_93' title='bbox 266 1031 566 1079; x_wconf 88' lang='lat' dir='ltr'>monstravit</span> <span class='ocrx_word' id='word_1_94' title='bbox 603 1031 707 1079; x_wconf 91' lang='lat' dir='ltr'>filio</span> <span class='ocrx_word' id='word_1_95' title='bbox 744 1047 870 1094; x_wconf 88' lang='lat' dir='ltr'>quae</span> <span class='ocrx_word' id='word_1_96' title='bbox 904 1035 1045 1093; x_wconf 83' lang='lat' dir='ltr'>esset,</span> <span class='ocrx_word' id='word_1_97' title='bbox 1077 1034 1134 1079; x_wconf 94' lang='lat' dir='ltr'>ut</span> <span class='ocrx_word' id='word_1_98' title='bbox 1165 1033 1311 1094; x_wconf 88' lang='lat' dir='ltr'>pleno</span> <span class='ocrx_word' id='word_1_99' title='bbox 1344 1034 1455 1079; x_wconf 91' lang='lat' dir='ltr'>visu</span> <span class='ocrx_word' id='word_1_100' title='bbox 1488 1032 1769 1080; x_wconf 82' lang='lat' dir='ltr'>adverteret</span> 
     </span>
     <span class='ocr_line' id='line_1_14' title="bbox 78 1105 1767 1168; baseline 0.001 -16"><span class='ocrx_word' id='word_1_101' title='bbox 78 1120 187 1152; x_wconf 88' lang='lat' dir='ltr'>cum</span> <span class='ocrx_word' id='word_1_102' title='bbox 234 1121 331 1166; x_wconf 86' lang='lat' dir='ltr'>qua</span> <span class='ocrx_word' id='word_1_103' title='bbox 378 1105 474 1152; x_wconf 91' lang='lat' dir='ltr'>sibi</span> <span class='ocrx_word' id='word_1_104' title='bbox 517 1106 694 1154; x_wconf 87' lang='lat' dir='ltr'>fuisset</span> <span class='ocrx_word' id='word_1_105' title='bbox 733 1106 1072 1167; x_wconf 83' lang='lat' dir='ltr'>conloquium3</span> <span class='ocrx_word' id='word_1_106' title='bbox 1127 1122 1243 1154; x_wconf 91' lang='lat' dir='ltr'>nam</span> <span class='ocrx_word' id='word_1_107' title='bbox 1284 1107 1335 1154; x_wconf 89' lang='lat' dir='ltr'>et</span> <span class='ocrx_word' id='word_1_108' title='bbox 1371 1107 1569 1153; x_wconf 89' lang='lat' dir='ltr'>refulsit</span> <span class='ocrx_word' id='word_1_109' title='bbox 1607 1106 1767 1168; x_wconf 90' lang='lat' dir='ltr'>splen-</span> 
     </span>
     <span class='ocr_line' id='line_1_15' title="bbox 77 1179 1767 1243; baseline 0.001 -17"><span class='ocrx_word' id='word_1_110' title='bbox 77 1179 191 1227; x_wconf 87' lang='lat' dir='ltr'>dore</span> <span class='ocrx_word' id='word_1_111' title='bbox 224 1195 319 1240; x_wconf 89' lang='lat' dir='ltr'>quo</span> <span class='ocrx_word' id='word_1_112' title='bbox 351 1179 448 1227; x_wconf 78' lang='lat' dir='ltr'>fuit</span> <span class='ocrx_word' id='word_1_113' title='bbox 481 1181 530 1227; x_wconf 92' lang='lat' dir='ltr'>et</span> <span class='ocrx_word' id='word_1_114' title='bbox 560 1181 783 1227; x_wconf 81' lang='lat' dir='ltr'>relaxata</span> <span class='ocrx_word' id='word_1_115' title='bbox 818 1182 954 1228; x_wconf 89' lang='lat' dir='ltr'>veste</span> <span class='ocrx_word' id='word_1_116' title='bbox 985 1195 1141 1242; x_wconf 87' lang='lat' dir='ltr'>usque</span> <span class='ocrx_word' id='word_1_117' title='bbox 1174 1180 1238 1228; x_wconf 85' lang='lat' dir='ltr'>ad</span> <span class='ocrx_word' id='word_1_118' title='bbox 1269 1181 1481 1243; x_wconf 86' lang='lat' dir='ltr'>vestigia</span> <span class='ocrx_word' id='word_1_119' title='bbox 1512 1182 1622 1242; x_wconf 89' lang='lat' dir='ltr'>ipsa</span> <span class='ocrx_word' id='word_1_120' title='bbox 1656 1196 1767 1228; x_wconf 87' lang='lat' dir='ltr'>con-</span> 
     </span>
     <span class='ocr_line' id='line_1_16' title="bbox 75 1253 1766 1317; baseline 0 -16"><span class='ocrx_word' id='word_1_121' title='bbox 75 1255 206 1301; x_wconf 74' lang='lat' dir='ltr'>tecta</span> <span class='ocrx_word' id='word_1_122' title='bbox 253 1256 339 1301; x_wconf 87' lang='lat' dir='ltr'>est.</span> <span class='ocrx_word' id='word_1_123' title='bbox 417 1269 566 1315; x_wconf 88' lang='lat' dir='ltr'>supra</span> <span class='ocrx_word' id='word_1_124' title='bbox 614 1255 745 1301; x_wconf 86' lang='lat' dir='ltr'>enim</span> <span class='ocrx_word' id='word_1_125' title='bbox 793 1253 920 1300; x_wconf 84' lang='lat' dir='ltr'>dixit</span> <span class='ocrx_word' id='word_1_126' title='bbox 967 1255 1133 1315; x_wconf 86' lang='lat' dir='ltr'>„nuda</span> <span class='ocrx_word' id='word_1_127' title='bbox 1181 1271 1310 1317; x_wconf 87' lang='lat' dir='ltr'>genu</span> <span class='ocrx_word' id='word_1_128' title='bbox 1355 1255 1583 1315; x_wconf 90' lang='lat' dir='ltr'>nodoque</span> <span class='ocrx_word' id='word_1_129' title='bbox 1631 1256 1766 1302; x_wconf 87' lang='lat' dir='ltr'>sinus</span> 
     </span>
     <span class='ocr_line' id='line_1_17' title="bbox 26 1326 1767 1390; baseline 0 -14"><span class='ocrx_word' id='word_1_130' title='bbox 26 1327 280 1378; x_wconf 64' lang='lat' dir='ltr'>.⁵›collecta</span> <span class='ocrx_word' id='word_1_131' title='bbox 311 1326 557 1376; x_wconf 82' lang='lat' dir='ltr'>fluentis“.</span> <span class='ocrx_word' id='word_1_132' title='bbox 620 1328 852 1376; x_wconf 90' lang='lat' dir='ltr'>odoribus</span> <span class='ocrx_word' id='word_1_133' title='bbox 885 1344 1083 1390; x_wconf 88' lang='lat' dir='ltr'>quoque</span> <span class='ocrx_word' id='word_1_134' title='bbox 1124 1329 1268 1376; x_wconf 89' lang='lat' dir='ltr'>deam</span> <span class='ocrx_word' id='word_1_135' title='bbox 1308 1344 1410 1377; x_wconf 88' lang='lat' dir='ltr'>sese</span> <span class='ocrx_word' id='word_1_136' title='bbox 1446 1329 1767 1390; x_wconf 80' lang='lat' dir='ltr'>monstravit3</span> 
     </span>
     <span class='ocr_line' id='line_1_18' title="bbox 77 1401 1767 1465; baseline 0 -15"><span class='ocrx_word' id='word_1_137' title='bbox 77 1402 145 1450; x_wconf 85' lang='lat' dir='ltr'>sic</span> <span class='ocrx_word' id='word_1_138' title='bbox 184 1403 314 1449; x_wconf 85' lang='lat' dir='ltr'>enim</span> <span class='ocrx_word' id='word_1_139' title='bbox 354 1402 457 1450; x_wconf 89' lang='lat' dir='ltr'>eius</span> <span class='ocrx_word' id='word_1_140' title='bbox 498 1404 650 1450; x_wconf 85' lang='lat' dir='ltr'>comis</span> <span class='ocrx_word' id='word_1_141' title='bbox 691 1418 741 1450; x_wconf 91' lang='lat' dir='ltr'>se</span> <span class='ocrx_word' id='word_1_142' title='bbox 782 1402 1070 1463; x_wconf 79' lang='lat' dir='ltr'>effuderant,</span> <span class='ocrx_word' id='word_1_143' title='bbox 1102 1406 1158 1451; x_wconf 88' lang='lat' dir='ltr'>ut</span> <span class='ocrx_word' id='word_1_144' title='bbox 1196 1404 1308 1464; x_wconf 88' lang='lat' dir='ltr'>ipsa</span> <span class='ocrx_word' id='word_1_145' title='bbox 1346 1401 1506 1450; x_wconf 81' lang='lat' dir='ltr'>herba</span> <span class='ocrx_word' id='word_1_146' title='bbox 1536 1418 1767 1465; x_wconf 87' lang='lat' dir='ltr'>praesens</span> 
     </span>
     <span class='ocr_line' id='line_1_19' title="bbox 75 1475 1766 1540; baseline 0.001 -18"><span class='ocrx_word' id='word_1_147' title='bbox 75 1477 333 1538; x_wconf 81' lang='lat' dir='ltr'>putaretur</span> <span class='ocrx_word' id='word_1_148' title='bbox 380 1475 648 1538; x_wconf 69' lang='lat' dir='ltr'>ambrosia,</span> <span class='ocrx_word' id='word_1_149' title='bbox 698 1493 849 1538; x_wconf 89' lang='lat' dir='ltr'>quam</span> <span class='ocrx_word' id='word_1_150' title='bbox 894 1477 1127 1524; x_wconf 90' lang='lat' dir='ltr'>mulieres</span> <span class='ocrx_word' id='word_1_151' title='bbox 1173 1479 1441 1540; x_wconf 86' lang='lat' dir='ltr'>unguentis</span> <span class='ocrx_word' id='word_1_152' title='bbox 1481 1477 1766 1524; x_wconf 86' lang='lat' dir='ltr'>admiscent.</span> 
     </span>
     <span class='ocr_line' id='line_1_20' title="bbox 77 1549 1766 1613; baseline 0.001 -16"><span class='ocrx_word' id='word_1_153' title='bbox 77 1549 332 1598; x_wconf 87' lang='lat' dir='ltr'>ordinatur</span> <span class='ocrx_word' id='word_1_154' title='bbox 378 1565 548 1598; x_wconf 86' lang='lat' dir='ltr'>sensus</span> <span class='ocrx_word' id='word_1_155' title='bbox 596 1552 688 1598; x_wconf 88' lang='lat' dir='ltr'>sic:</span> <span class='ocrx_word' id='word_1_156' title='bbox 743 1551 1120 1612; x_wconf 86' lang='lat' dir='ltr'>ambrosiaeque</span> <span class='ocrx_word' id='word_1_157' title='bbox 1161 1551 1361 1599; x_wconf 87' lang='lat' dir='ltr'>odorem</span> <span class='ocrx_word' id='word_1_158' title='bbox 1401 1566 1569 1598; x_wconf 91' lang='lat' dir='ltr'>comae</span> <span class='ocrx_word' id='word_1_159' title='bbox 1610 1553 1766 1613; x_wconf 87' lang='lat' dir='ltr'>spira-</span> 
     </span>
     <span class='ocr_line' id='line_1_21' title="bbox 75 1625 1767 1686; baseline 0.001 -15"><span class='ocrx_word' id='word_1_160' title='bbox 75 1639 198 1671; x_wconf 85' lang='lat' dir='ltr'>vere.</span> <span class='ocrx_word' id='word_1_161' title='bbox 274 1625 354 1672; x_wconf 70' lang='lat' dir='ltr'>ille</span> <span class='ocrx_word' id='word_1_162' title='bbox 391 1625 476 1672; x_wconf 73' lang='lat' dir='ltr'>ubi</span> <span class='ocrx_word' id='word_1_163' title='bbox 514 1629 720 1672; x_wconf 77' lang='lat' dir='ltr'>matrem</span> <span class='ocrx_word' id='word_1_164' title='bbox 758 1627 968 1685; x_wconf 59' lang='lat' dir='ltr'>amovit,</span> <span class='ocrx_word' id='word_1_165' title='bbox 1009 1627 1098 1673; x_wconf 74' lang='lat' dir='ltr'>tali</span> <span class='ocrx_word' id='word_1_166' title='bbox 1135 1627 1397 1686; x_wconf 69' lang='lat' dir='ltr'>fiuyiemem</span> <span class='ocrx_word' id='word_1_167' title='bbox 1437 1629 1506 1673; x_wconf 73' lang='lat' dir='ltr'>est</span> <span class='ocrx_word' id='word_1_168' title='bbox 1542 1639 1651 1672; x_wconf 80' lang='lat' dir='ltr'>voce</span> <span class='ocrx_word' id='word_1_169' title='bbox 1697 1639 1767 1672; x_wconf 82' lang='lat' dir='ltr'>se·</span> 
     </span>
     <span class='ocr_line' id='line_1_22' title="bbox 29 1699 1767 1748; baseline -0.001 -1"><span class='ocrx_word' id='word_1_170' title='bbox 29 1712 55 1747; x_wconf 65' lang='grc' dir='ltr'><strong><em>ο</em></strong></span> <span class='ocrx_word' id='word_1_171' title='bbox 75 1700 232 1746; x_wconf 52' lang='lat' dir='ltr'>metus:</span> <span class='ocrx_word' id='word_1_172' title='bbox 300 1713 410 1746; x_wconf 89' lang='lat' dir='ltr'>ecce</span> <span class='ocrx_word' id='word_1_173' title='bbox 463 1715 562 1746; x_wconf 91' lang='lat' dir='ltr'>non</span> <span class='ocrx_word' id='word_1_174' title='bbox 619 1701 819 1747; x_wconf 88' lang='lat' dir='ltr'>tantum</span> <span class='ocrx_word' id='word_1_175' title='bbox 873 1699 1015 1747; x_wconf 89' lang='lat' dir='ltr'>deam</span> <span class='ocrx_word' id='word_1_176' title='bbox 1074 1701 1335 1747; x_wconf 85' lang='lat' dir='ltr'>constituit</span> <span class='ocrx_word' id='word_1_177' title='bbox 1383 1715 1555 1748; x_wconf 90' lang='lat' dir='ltr'>verum</span> <span class='ocrx_word' id='word_1_178' title='bbox 1614 1701 1767 1747; x_wconf 86' lang='lat' dir='ltr'>etiam</span> 
     </span>
     <span class='ocr_line' id='line_1_23' title="bbox 74 1773 1767 1836; baseline 0.001 -17"><span class='ocrx_word' id='word_1_179' title='bbox 74 1773 303 1833; x_wconf 83' lang='lat' dir='ltr'>matrem,</span> <span class='ocrx_word' id='word_1_180' title='bbox 358 1773 444 1820; x_wconf 91' lang='lat' dir='ltr'>sed</span> <span class='ocrx_word' id='word_1_181' title='bbox 496 1790 557 1820; x_wconf 90' lang='lat' dir='ltr'>ne</span> <span class='ocrx_word' id='word_1_182' title='bbox 611 1775 924 1834; x_wconf 85' lang='lat' dir='ltr'>praesentem</span> <span class='ocrx_word' id='word_1_183' title='bbox 972 1773 1162 1821; x_wconf 84' lang='lat' dir='ltr'>fraudis</span> <span class='ocrx_word' id='word_1_184' title='bbox 1212 1775 1463 1836; x_wconf 85' lang='lat' dir='ltr'>argueret,</span> <span class='ocrx_word' id='word_1_185' title='bbox 1517 1775 1767 1835; x_wconf 88' lang='lat' dir='ltr'>proripuit</span> 
     </span>
     <span class='ocr_line' id='line_1_24' title="bbox 76 1845 1766 1910; baseline 0.002 -18"><span class='ocrx_word' id='word_1_186' title='bbox 76 1845 243 1893; x_wconf 82' lang='lat' dir='ltr'>eadem</span> <span class='ocrx_word' id='word_1_187' title='bbox 289 1861 406 1895; x_wconf 88' lang='lat' dir='ltr'>sese.</span> <span class='ocrx_word' id='word_1_188' title='bbox 484 1847 570 1895; x_wconf 91' lang='lat' dir='ltr'>sed</span> <span class='ocrx_word' id='word_1_189' title='bbox 615 1847 724 1907; x_wconf 82' lang='lat' dir='ltr'>ille,</span> <span class='ocrx_word' id='word_1_190' title='bbox 779 1847 978 1909; x_wconf 88' lang='lat' dir='ltr'>quando</span> <span class='ocrx_word' id='word_1_191' title='bbox 1025 1849 1286 1910; x_wconf 86' lang='lat' dir='ltr'>repentino</span> <span class='ocrx_word' id='word_1_192' title='bbox 1333 1847 1604 1895; x_wconf 86' lang='lat' dir='ltr'>interstitio</span> <span class='ocrx_word' id='word_1_193' title='bbox 1657 1863 1766 1895; x_wconf 88' lang='lat' dir='ltr'>eam</span> 
     </span>
     <span class='ocr_line' id='line_1_25' title="bbox 75 1920 1764 1984; baseline 0.001 -17"><span class='ocrx_word' id='word_1_194' title='bbox 75 1920 340 1984; x_wconf 89' lang='lat' dir='ltr'>gradiendo</span> <span class='ocrx_word' id='word_1_195' title='bbox 380 1922 460 1968; x_wconf 89' lang='lat' dir='ltr'>vel</span> <span class='ocrx_word' id='word_1_196' title='bbox 501 1921 740 1969; x_wconf 88' lang='lat' dir='ltr'>currendo</span> <span class='ocrx_word' id='word_1_197' title='bbox 774 1923 916 1983; x_wconf 89' lang='lat' dir='ltr'>sequi</span> <span class='ocrx_word' id='word_1_198' title='bbox 946 1938 1044 1969; x_wconf 89' lang='lat' dir='ltr'>non</span> <span class='ocrx_word' id='word_1_199' title='bbox 1076 1922 1255 1983; x_wconf 81' lang='lat' dir='ltr'>potuit,</span> <span class='ocrx_word' id='word_1_200' title='bbox 1289 1925 1483 1970; x_wconf 85' lang='lat' dir='ltr'>secutus</span> <span class='ocrx_word' id='word_1_201' title='bbox 1518 1925 1593 1970; x_wconf 92' lang='lat' dir='ltr'>est</span> <span class='ocrx_word' id='word_1_202' title='bbox 1623 1937 1764 1969; x_wconf 89' lang='lat' dir='ltr'>voce:</span> 
     </span>
     <span class='ocr_line' id='line_1_26' title="bbox 76 1995 1766 2057; baseline 0.001 -16"><span class='ocrx_word' id='word_1_203' title='bbox 76 1995 189 2052; x_wconf 72' lang='lat' dir='ltr'>quid</span> <span class='ocrx_word' id='word_1_204' title='bbox 233 1998 404 2042; x_wconf 70' lang='lat' dir='ltr'>natum</span> <span class='ocrx_word' id='word_1_205' title='bbox 442 1997 625 2051; x_wconf 77' lang='lat' dir='ltr'>totiens,</span> <span class='ocrx_word' id='word_1_206' title='bbox 665 1997 874 2044; x_wconf 76' lang='lat' dir='ltr'>crudelis</span> <span class='ocrx_word' id='word_1_207' title='bbox 913 1999 965 2043; x_wconf 74' lang='lat' dir='ltr'>tu</span> <span class='ocrx_word' id='word_1_208' title='bbox 1004 2010 1202 2056; x_wconf 76' lang='lat' dir='ltr'>quoque,</span> <span class='ocrx_word' id='word_1_209' title='bbox 1241 1997 1386 2057; x_wconf 78' lang='lat' dir='ltr'>falsis</span> <span class='ocrx_word' id='word_1_210' title='bbox 1425 1995 1556 2043; x_wconf 78' lang='lat' dir='ltr'>ludis</span> <span class='ocrx_word' id='word_1_211' title='bbox 1593 1997 1766 2056; x_wconf 60' lang='grc' dir='ltr'>ἱππαρί-</span> 
     </span>
     <span class='ocr_line' id='line_1_27' title="bbox 31 2068 1766 2134; baseline -0.001 -20"><span class='ocrx_word' id='word_1_212' title='bbox 31 2081 57 2134; x_wconf 72' lang='lat'>⁸‚</span> <span class='ocrx_word' id='word_1_213' title='bbox 74 2068 247 2116; x_wconf 73' lang='lat' dir='ltr'>nibus?</span> <span class='ocrx_word' id='word_1_214' title='bbox 323 2084 410 2117; x_wconf 79' lang='lat' dir='ltr'>cur</span> <span class='ocrx_word' id='word_1_215' title='bbox 455 2071 652 2118; x_wconf 73' lang='lat' dir='ltr'>dextrae</span> <span class='ocrx_word' id='word_1_216' title='bbox 695 2072 905 2130; x_wconf 69' lang='lat' dir='ltr'>izmyere</span> <span class='ocrx_word' id='word_1_217' title='bbox 946 2070 1165 2118; x_wconf 76' lang='lat' dir='ltr'>dextram</span> <span class='ocrx_word' id='word_1_218' title='bbox 1203 2085 1302 2118; x_wconf 65' lang='lat' dir='ltr'>‘non</span> <span class='ocrx_word' id='word_1_219' title='bbox 1341 2071 1490 2117; x_wconf 71' lang='lat' dir='ltr'>datur</span> <span class='ocrx_word' id='word_1_220' title='bbox 1528 2085 1586 2118; x_wconf 83' lang='lat' dir='ltr'>ae</span> <span class='ocrx_word' id='word_1_221' title='bbox 1623 2085 1766 2118; x_wconf 61' lang='lat' dir='ltr'>veras</span> 
     </span>
     <span class='ocr_line' id='line_1_28' title="bbox 76 2142 1766 2193; baseline 0.002 -3"><span class='ocrx_word' id='word_1_222' title='bbox 76 2142 244 2190; x_wconf 68' lang='lat' dir='ltr'>audire</span> <span class='ocrx_word' id='word_1_223' title='bbox 291 2146 333 2190; x_wconf 76' lang='lat' dir='ltr'>et</span> <span class='ocrx_word' id='word_1_224' title='bbox 376 2144 576 2192; x_wconf 80' lang='lat' dir='ltr'>reddere</span> <span class='ocrx_word' id='word_1_225' title='bbox 622 2145 791 2191; x_wconf 74' lang='lat' dir='ltr'>voees?</span> <span class='ocrx_word' id='word_1_226' title='bbox 866 2146 1114 2192; x_wconf 84' lang='lat' dir='ltr'>incusatio</span> <span class='ocrx_word' id='word_1_227' title='bbox 1155 2147 1228 2192; x_wconf 89' lang='lat' dir='ltr'>est</span> <span class='ocrx_word' id='word_1_228' title='bbox 1267 2160 1367 2192; x_wconf 92' lang='lat' dir='ltr'>non</span> <span class='ocrx_word' id='word_1_229' title='bbox 1407 2145 1766 2193; x_wconf 86' lang='lat' dir='ltr'>contumeliosa</span> 
     </span>
     <span class='ocr_line' id='line_1_29' title="bbox 75 2216 1763 2282; baseline 0.001 -20"><span class='ocrx_word' id='word_1_230' title='bbox 75 2218 162 2262; x_wconf 76' lang='lat' dir='ltr'>‘aut</span> <span class='ocrx_word' id='word_1_231' title='bbox 205 2216 264 2264; x_wconf 91' lang='lat' dir='ltr'>de</span> <span class='ocrx_word' id='word_1_232' title='bbox 311 2217 643 2265; x_wconf 84' lang='lat' dir='ltr'>amaritudine</span> <span class='ocrx_word' id='word_1_233' title='bbox 685 2219 909 2279; x_wconf 85' lang='lat' dir='ltr'>veniens,</span> <span class='ocrx_word' id='word_1_234' title='bbox 957 2218 1043 2266; x_wconf 91' lang='lat' dir='ltr'>sed</span> <span class='ocrx_word' id='word_1_235' title='bbox 1081 2219 1141 2266; x_wconf 86' lang='lat' dir='ltr'>de</span> <span class='ocrx_word' id='word_1_236' title='bbox 1180 2219 1421 2282; x_wconf 84' lang='lat' dir='ltr'>religione</span> <span class='ocrx_word' id='word_1_237' title='bbox 1463 2219 1512 2266; x_wconf 89' lang='lat' dir='ltr'>et</span> <span class='ocrx_word' id='word_1_238' title='bbox 1551 2218 1763 2266; x_wconf 86' lang='lat' dir='ltr'>adfectu.</span> 
     </span>
     <span class='ocr_line' id='line_1_30' title="bbox 75 2291 1766 2352; baseline 0.001 -16"><span class='ocrx_word' id='word_1_239' title='bbox 75 2303 174 2350; x_wconf 85' lang='lat' dir='ltr'>cur,</span> <span class='ocrx_word' id='word_1_240' title='bbox 202 2291 383 2352; x_wconf 82' lang='lat' dir='ltr'>inquit,</span> <span class='ocrx_word' id='word_1_241' title='bbox 417 2295 530 2340; x_wconf 87' lang='lat' dir='ltr'>ante</span> <span class='ocrx_word' id='word_1_242' title='bbox 561 2293 656 2340; x_wconf 86' lang='lat' dir='ltr'>hoc</span> <span class='ocrx_word' id='word_1_243' title='bbox 686 2294 993 2340; x_wconf 90' lang='lat' dir='ltr'>momentum</span> <span class='ocrx_word' id='word_1_244' title='bbox 1023 2296 1230 2340; x_wconf 83' lang='lat' dir='ltr'>matrem</span> <span class='ocrx_word' id='word_1_245' title='bbox 1266 2291 1492 2340; x_wconf 88' lang='lat' dir='ltr'>confiteri</span> <span class='ocrx_word' id='word_1_246' title='bbox 1523 2291 1766 2340; x_wconf 75' lang='lat' dir='ltr'>noluisti?</span> 
     </span>
     <span class='ocr_line' id='line_1_31' title="bbox 75 2365 1765 2428; baseline 0.001 -17"><span class='ocrx_word' id='word_1_247' title='bbox 75 2376 163 2411; x_wconf 83' lang='lat' dir='ltr'>cur</span> <span class='ocrx_word' id='word_1_248' title='bbox 199 2367 340 2426; x_wconf 83' lang='lat' dir='ltr'>quasi</span> <span class='ocrx_word' id='word_1_249' title='bbox 379 2366 545 2414; x_wconf 86' lang='lat' dir='ltr'>aliena</span> <span class='ocrx_word' id='word_1_250' title='bbox 581 2367 749 2414; x_wconf 79' lang='lat' dir='ltr'>locuta</span> <span class='ocrx_word' id='word_1_251' title='bbox 789 2382 840 2414; x_wconf 86' lang='lat' dir='ltr'>es</span> <span class='ocrx_word' id='word_1_252' title='bbox 879 2365 1104 2415; x_wconf 77' lang='lat' dir='ltr'>mecum?</span> <span class='ocrx_word' id='word_1_253' title='bbox 1164 2381 1228 2413; x_wconf 94' lang='lat' dir='ltr'>an</span> <span class='ocrx_word' id='word_1_254' title='bbox 1266 2366 1509 2428; x_wconf 91' lang='lat' dir='ltr'>numquid</span> <span class='ocrx_word' id='word_1_255' title='bbox 1546 2368 1651 2415; x_wconf 88' lang='lat' dir='ltr'>tam</span> <span class='ocrx_word' id='word_1_256' title='bbox 1690 2367 1765 2413; x_wconf 85' lang='lat' dir='ltr'>in-</span> 
     </span>
     <span class='ocr_line' id='line_1_32' title="bbox 27 2435 1764 2502; baseline 0.002 -18"><span class='ocrx_word' id='word_1_257' title='bbox 27 2438 64 2498; x_wconf 59' lang='lat' dir='ltr'>f·</span> <span class='ocrx_word' id='word_1_258' title='bbox 75 2435 191 2484; x_wconf 84' lang='lat' dir='ltr'>felix</span> <span class='ocrx_word' id='word_1_259' title='bbox 230 2453 359 2500; x_wconf 88' lang='lat' dir='ltr'>sum,</span> <span class='ocrx_word' id='word_1_260' title='bbox 406 2442 464 2488; x_wconf 90' lang='lat' dir='ltr'>ut</span> <span class='ocrx_word' id='word_1_261' title='bbox 502 2440 554 2487; x_wconf 90' lang='lat' dir='ltr'>in</span> <span class='ocrx_word' id='word_1_262' title='bbox 592 2455 671 2488; x_wconf 89' lang='lat' dir='ltr'>me</span> <span class='ocrx_word' id='word_1_263' title='bbox 709 2441 862 2488; x_wconf 87' lang='lat' dir='ltr'>etiam</span> <span class='ocrx_word' id='word_1_264' title='bbox 901 2456 959 2487; x_wconf 82' lang='lat' dir='ltr'>ex</span> <span class='ocrx_word' id='word_1_265' title='bbox 996 2444 1222 2488; x_wconf 83' lang='lat' dir='ltr'>materno</span> <span class='ocrx_word' id='word_1_266' title='bbox 1262 2443 1459 2502; x_wconf 88' lang='lat' dir='ltr'>pectore</span> <span class='ocrx_word' id='word_1_267' title='bbox 1497 2440 1764 2490; x_wconf 85' lang='lat' dir='ltr'>crudelitas</span> 
     </span>
    </p>
   </div>
   <div class='ocr_carea' id='block_1_4' title="bbox 75 2539 263 2551">
    <p class='ocr_par' dir='ltr' id='par_1_5' title="bbox 75 2539 263 2551">
     <span class='ocr_line' id='line_1_33' title="bbox 75 2539 263 2551; baseline 0.011 -2"><span class='ocrx_word' id='word_1_268' title='bbox 75 2539 124 2549; x_wconf 63' lang='lat' dir='ltr'>-s-</span> <span class='ocrx_word' id='word_1_269' title='bbox 143 2546 263 2551; x_wconf 74' lang='lat'>—-</span> 
     </span>
    </p>
   </div>
   <div class='ocr_carea' id='block_1_5' title="bbox 265 2547 426 2553">
    <p class='ocr_par' dir='ltr' id='par_1_6' title="bbox 265 2547 426 2553">
     <span class='ocr_line' id='line_1_34' title="bbox 265 2547 426 2553; baseline 0 0"><span class='ocrx_word' id='word_1_270' title='bbox 265 2547 426 2553; x_wconf 95' lang='lat' dir='ltr'> </span> 
     </span>
    </p>
   </div>
   <div class='ocr_carea' id='block_1_6' title="bbox 36 2611 1768 3008">
    <p class='ocr_par' dir='ltr' id='par_1_7' title="bbox 36 2611 1768 3008">
     <span class='ocr_line' id='line_1_35' title="bbox 193 2611 1672 2667; baseline 0.001 -14"><span class='ocrx_word' id='word_1_271' title='bbox 193 2612 219 2652; x_wconf 83' lang='grc' dir='ltr'>ὅ</span> <span class='ocrx_word' id='word_1_272' title='bbox 259 2623 334 2654; x_wconf 77' lang='lat' dir='ltr'>eas</span> <span class='ocrx_word' id='word_1_273' title='bbox 372 2616 412 2654; x_wconf 88' lang='lat' dir='ltr'>et</span> <span class='ocrx_word' id='word_1_274' title='bbox 451 2624 538 2667; x_wconf 77' lang='lat' dir='ltr'>quo</span> <span class='ocrx_word' id='word_1_275' title='bbox 578 2623 666 2654; x_wconf 89' lang='lat' dir='ltr'>om.</span> <span class='ocrx_word' id='word_1_276' title='bbox 700 2611 771 2655; x_wconf 90' lang='lat' dir='ltr'>ed.</span> <span class='ocrx_word' id='word_1_277' title='bbox 957 2615 1012 2655; x_wconf 91' lang='grc'>10</span> <span class='ocrx_word' id='word_1_278' title='bbox 1055 2611 1231 2656; x_wconf 78' lang='lat' dir='ltr'>dimisit</span> <span class='ocrx_word' id='word_1_279' title='bbox 1270 2613 1435 2656; x_wconf 84' lang='lat' dir='ltr'>laetum</span> <span class='ocrx_word' id='word_1_280' title='bbox 1479 2625 1567 2654; x_wconf 89' lang='lat' dir='ltr'>om.</span> <span class='ocrx_word' id='word_1_281' title='bbox 1602 2611 1672 2655; x_wconf 88' lang='lat' dir='ltr'>ed.</span> 
     </span>
     <span class='ocr_line' id='line_1_36' title="bbox 36 2669 1672 2715; baseline 0.002 -7"><span class='ocrx_word' id='word_1_282' title='bbox 36 2669 131 2714; x_wconf 50' lang='lat'>212</span> <span class='ocrx_word' id='word_1_283' title='bbox 168 2680 274 2711; x_wconf 77' lang='lat' dir='ltr'>nam</span> <span class='ocrx_word' id='word_1_284' title='bbox 317 2672 359 2713; x_wconf 83' lang='lat' dir='ltr'>et</span> <span class='ocrx_word' id='word_1_285' title='bbox 399 2669 487 2712; x_wconf 89' lang='lat' dir='ltr'>LR</span> <span class='ocrx_word' id='word_1_286' title='bbox 532 2674 574 2714; x_wconf 81' lang='lat' dir='ltr'>et</span> <span class='ocrx_word' id='word_1_287' title='bbox 619 2683 709 2714; x_wconf 91' lang='lat' dir='ltr'>om.</span> <span class='ocrx_word' id='word_1_288' title='bbox 749 2670 821 2715; x_wconf 89' lang='lat' dir='ltr'>ed.</span> <span class='ocrx_word' id='word_1_289' title='bbox 1006 2675 1060 2714; x_wconf 87' lang='lat'>15</span> <span class='ocrx_word' id='word_1_290' title='bbox 1106 2685 1197 2715; x_wconf 80' lang='lat' dir='ltr'>sese</span> <span class='ocrx_word' id='word_1_291' title='bbox 1242 2670 1329 2714; x_wconf 88' lang='lat' dir='ltr'>LR</span> <span class='ocrx_word' id='word_1_292' title='bbox 1374 2684 1420 2715; x_wconf 79' lang='lat' dir='ltr'>se</span> <span class='ocrx_word' id='word_1_293' title='bbox 1465 2683 1554 2714; x_wconf 80' lang='lat' dir='ltr'>esse</span> <span class='ocrx_word' id='word_1_294' title='bbox 1601 2669 1672 2714; x_wconf 88' lang='lat' dir='ltr'>ed.</span> 
     </span>
     <span class='ocr_line' id='line_1_37' title="bbox 78 2727 1762 2784; baseline 0.003 -16"><span class='ocrx_word' id='word_1_295' title='bbox 78 2727 132 2768; x_wconf 80' lang='lat'>16</span> <span class='ocrx_word' id='word_1_296' title='bbox 169 2728 306 2771; x_wconf 81' lang='lat' dir='ltr'>comis</span> <span class='ocrx_word' id='word_1_297' title='bbox 348 2727 436 2772; x_wconf 87' lang='lat' dir='ltr'>LR</span> <span class='ocrx_word' id='word_1_298' title='bbox 479 2742 631 2773; x_wconf 85' lang='lat' dir='ltr'>comae</span> <span class='ocrx_word' id='word_1_299' title='bbox 676 2730 749 2774; x_wconf 90' lang='lat' dir='ltr'>ed.</span> <span class='ocrx_word' id='word_1_300' title='bbox 823 2733 828 2784; x_wconf 78' lang='grc' dir='ltr'>Ι</span> <span class='ocrx_word' id='word_1_301' title='bbox 899 2730 1037 2774; x_wconf 80' lang='lat' dir='ltr'>herba</span> <span class='ocrx_word' id='word_1_302' title='bbox 1084 2729 1292 2774; x_wconf 84' lang='lat' dir='ltr'>deletum</span> <span class='ocrx_word' id='word_1_303' title='bbox 1338 2729 1440 2774; x_wconf 82' lang='lat' dir='ltr'>vult</span> <span class='ocrx_word' id='word_1_304' title='bbox 1483 2743 1509 2772; x_wconf 88' lang='lat' dir='ltr'>r</span> <span class='ocrx_word' id='word_1_305' title='bbox 1560 2742 1649 2772; x_wconf 90' lang='lat' dir='ltr'>om.</span> <span class='ocrx_word' id='word_1_306' title='bbox 1690 2729 1762 2773; x_wconf 86' lang='lat' dir='ltr'>ed.</span> 
     </span>
     <span class='ocr_line' id='line_1_38' title="bbox 64 2787 1762 2843; baseline 0.002 -15"><span class='ocrx_word' id='word_1_307' title='bbox 64 2791 89 2795; x_wconf 73' lang='grc'><strong>”</strong></span> <span class='ocrx_word' id='word_1_308' title='bbox 164 2788 218 2829; x_wconf 89' lang='grc'>18</span> <span class='ocrx_word' id='word_1_309' title='bbox 249 2787 427 2832; x_wconf 85' lang='lat' dir='ltr'>odorem</span> <span class='ocrx_word' id='word_1_310' title='bbox 458 2801 608 2832; x_wconf 85' lang='lat' dir='ltr'>comae</span> <span class='ocrx_word' id='word_1_311' title='bbox 638 2788 727 2832; x_wconf 85' lang='lat' dir='ltr'>LR,</span> <span class='ocrx_word' id='word_1_312' title='bbox 757 2787 950 2833; x_wconf 81' lang='lat' dir='ltr'>invertit</span> <span class='ocrx_word' id='word_1_313' title='bbox 981 2789 1076 2843; x_wconf 82' lang='lat' dir='ltr'>ed.‚</span> <span class='ocrx_word' id='word_1_314' title='bbox 1109 2789 1192 2833; x_wconf 83' lang='lat' dir='ltr'>sed</span> <span class='ocrx_word' id='word_1_315' title='bbox 1223 2788 1340 2833; x_wconf 90' lang='lat' dir='ltr'>Don.</span> <span class='ocrx_word' id='word_1_316' title='bbox 1373 2789 1626 2833; x_wconf 74' lang='lat' dir='ltr'>ambrosiae</span> <span class='ocrx_word' id='word_1_317' title='bbox 1657 2787 1762 2832; x_wconf 85' lang='lat' dir='ltr'>odo·</span> 
     </span>
     <span class='ocr_line' id='line_1_39' title="bbox 74 2845 1763 2903; baseline 0.002 -17"><span class='ocrx_word' id='word_1_318' title='bbox 74 2853 167 2887; x_wconf 77' lang='lat' dir='ltr'>rem</span> <span class='ocrx_word' id='word_1_319' title='bbox 195 2845 453 2903; x_wconf 81' lang='lat' dir='ltr'>coniungit.</span> <span class='ocrx_word' id='word_1_320' title='bbox 604 2851 661 2891; x_wconf 82' lang='lat'>20</span> <span class='ocrx_word' id='word_1_321' title='bbox 693 2848 824 2892; x_wconf 87' lang='lat' dir='ltr'>deam</span> <span class='ocrx_word' id='word_1_322' title='bbox 854 2847 942 2891; x_wconf 87' lang='lat' dir='ltr'>LR</span> <span class='ocrx_word' id='word_1_323' title='bbox 973 2848 1017 2893; x_wconf 84' lang='lat' dir='ltr'>d.</span> <span class='ocrx_word' id='word_1_324' title='bbox 1048 2862 1094 2893; x_wconf 77' lang='lat' dir='ltr'>se</span> <span class='ocrx_word' id='word_1_325' title='bbox 1125 2847 1196 2893; x_wconf 89' lang='lat' dir='ltr'>ed.</span> <span class='ocrx_word' id='word_1_326' title='bbox 1351 2852 1404 2892; x_wconf 81' lang='lat'>21</span> <span class='ocrx_word' id='word_1_327' title='bbox 1439 2861 1496 2891; x_wconf 82' lang='lat' dir='ltr'>ar</span> <span class='ocrx_word' id='word_1_328' title='bbox 1606 2850 1649 2891; x_wconf 84' lang='lat' dir='ltr'>et</span> <span class='ocrx_word' id='word_1_329' title='bbox 1677 2845 1763 2890; x_wconf 86' lang='lat' dir='ltr'>LR</span> 
     </span>
     <span class='ocr_line' id='line_1_40' title="bbox 74 2904 1768 3007; baseline 0.003 -61"><span class='ocrx_word' id='word_1_330' title='bbox 74 2907 224 3003; x_wconf 51' lang='grc' dir='ltr'>ἴμεναι</span> <span class='ocrx_word' id='word_1_331' title='bbox 254 2904 324 2948; x_wconf 88' lang='lat' dir='ltr'>ed.</span> <span class='ocrx_word' id='word_1_332' title='bbox 425 2909 480 3007; x_wconf 50' lang='lat'>{7</span> <span class='ocrx_word' id='word_1_333' title='bbox 513 2907 695 2964; x_wconf 71' lang='lat' dir='ltr'>reqione</span> <span class='ocrx_word' id='word_1_334' title='bbox 725 2906 780 2950; x_wconf 88' lang='lat' dir='ltr'>R.</span> <span class='ocrx_word' id='word_1_335' title='bbox 875 2911 930 2951; x_wconf 81' lang='lat'>28</span> <span class='ocrx_word' id='word_1_336' title='bbox 962 2912 1234 2952; x_wconf 74' lang='lat' dir='ltr'>momentum</span> <span class='ocrx_word' id='word_1_337' title='bbox 1265 2913 1454 2952; x_wconf 83' lang='lat' dir='ltr'>matrem</span> <span class='ocrx_word' id='word_1_338' title='bbox 1530 2905 1572 2949; x_wconf 88' lang='lat' dir='ltr'><strong>R</strong></span> <span class='ocrx_word' id='word_1_339' title='bbox 1602 2919 1768 2951; x_wconf 77' lang='lat' dir='ltr'>nomen</span> 
     </span>
     <span class='ocr_line' id='line_1_41' title="bbox 95 2968 1212 3008; baseline 0.004 -4"><span class='ocrx_word' id='word_1_340' title='bbox 95 2973 203 3006; x_wconf 76' lang='lat' dir='ltr'>uum</span> <span class='ocrx_word' id='word_1_341' title='bbox 231 2968 375 3007; x_wconf 75' lang='lat' dir='ltr'>mater</span> <span class='ocrx_word' id='word_1_342' title='bbox 405 2977 431 3008; x_wconf 92' lang='lat' dir='ltr'>e</span> <span class='ocrx_word' id='word_1_343' title='bbox 469 2998 477 3008; x_wconf 90' lang='lat'><strong><em>.</em></strong></span> <span class='ocrx_word' id='word_1_344' title='bbox 1207 2989 1212 3003; x_wconf 68' lang='lat'>2</span> 
     </span>
    </p>
   </div>
  </div>
 </body>
</html>
