2014 3226
777 155 1081 200 AENEIDOS
1114 157 1177 200 111
1723 158 1830 210 265)

138 298 352 345 membra
391 299 546 357 quasit
580 297 863 356 yelidusque
909 298 997 344 coit
1035 298 1297 357 formidine
1335 298 1563 358 sanquis:
1618 313 1672 344 ex
1721 300 1829 345 visu
1864 303 1919 341 30

137 372 231 418 tali
277 372 606 432 occupaverat
651 371 810 434 frigus
858 370 1080 418 membra
1126 387 1257 431 mea,
1303 372 1461 434 frigus
1510 387 1704 433 quoque
1754 387 1831 417 ex-

138 446 273 493 cluso
314 446 477 493 calore
517 444 857 507 congelascere
897 446 1081 491 fecerat
1122 445 1218 492 mei
1259 445 1475 507 corporis
1525 446 1831 508 sanguinem.

36 515 44 595 ᾗ
138 520 310 580 itaque
358 520 545 566 factum
594 521 667 565 est
713 520 791 579 ut,
839 521 1033 566 mutata
1081 522 1343 580 utrumque
1394 523 1594 579 natura,
1642 520 1833 583 lignum

39 598 42 656 fi
93 609 112 640 5
137 593 366 640 funderet
405 592 697 655 sanguinem
730 595 778 639 et
809 592 1081 639 humanum
1114 608 1289 654 corpus
1321 593 1597 657 ingenitam
1630 595 1831 656 sangui-

40 659 42 692 *
136 667 212 714 nis
254 666 585 715 substantiam
625 666 905 730 denegaret.
971 681 1148 713 rursus
1188 671 1230 714 et
1268 669 1467 715 alterius
1507 669 1685 715 lentum
1725 682 1831 715 con-

136 740 307 789 venere
351 743 510 788 vimen
556 743 784 800 insequor
823 744 866 787 et
903 755 1081 789 causas
1112 743 1310 800 penitus
1348 744 1578 801 temptare
1617 742 1833 788 latentis:

138 816 260 862 alter
300 818 343 863 et
380 816 581 863 alterius
613 815 829 874 sequitur
859 815 918 862 de
949 816 1116 862 cortice
1148 817 1375 874 sanquis:
1415 831 1527 862 cum
1560 815 1678 877 quid
1707 815 1833 862 illud

35 727 41 775 q!

139 891 265 937 esset
303 889 537 937 confusus
579 889 761 936 sentire
801 905 900 936 non
938 904 1148 950 possem,
1188 889 1483 950 repetitione
1523 890 1657 937 facta
1696 890 1834 937 volui

71 980 114 1011 10
138 963 371 1025 experiri3
410 964 733 1010 temerarium
774 963 905 1009 enim
943 963 1107 1009 fuerat
1146 963 1469 1023 pronuntiare
1509 963 1567 1011 de
1608 979 1664 1010 eo
1701 962 1833 1024 quod

138 1037 287 1085 semel
334 1036 570 1084 videram.
649 1037 855 1084 alterius
905 1036 962 1084 de
1011 1037 1192 1084 cortice
1248 1039 1335 1084 aut
1386 1037 1586 1084 secundi
1632 1037 1832 1085 viminis

138 1111 357 1159 eiusdem
403 1111 530 1175 ligni
576 1114 663 1158 aut
711 1111 916 1158 alterius
964 1110 1158 1173 generis
1201 1110 1347 1171 dixit3
1402 1127 1550 1172 supra
1591 1112 1722 1158 enim
1762 1111 1834 1158 ait

138 1188 187 1232 et
234 1188 453 1247 myrtum
492 1185 596 1232 illic
643 1185 796 1234 fuisse
845 1188 894 1232 et
941 1201 1168 1243 cornum3
1229 1185 1395 1246 potuit
1442 1186 1574 1232 enim
1620 1186 1834 1232 alterum

137 1260 262 1323 ligni
302 1275 457 1323 genus
496 1259 657 1307 videri
694 1262 981 1321 temptasse,
1015 1259 1212 1320 quando
1251 1259 1302 1305 in
1345 1259 1500 1307 altero
1541 1259 1834 1322 sanguinem

23 1324 35 1332 ’
72 1349 112 1382 15
136 1333 275 1381 vidit.
353 1333 507 1381 multa
551 1347 748 1381 movens
798 1335 963 1381 animo
1015 1334 1255 1393 nymphas
1309 1334 1579 1382 venerabar
1631 1334 1835 1393 ayrestz's

140 1407 508 1468 Gradivumque
537 1412 748 1467 patrem,
793 1407 972 1456 Getieis
1011 1409 1095 1468 qai
1124 1408 1377 1467 praesidet
1414 1408 1562 1462 arcis,
1606 1405 1725 1468 [rite
1763 1421 1832 1454 se·
1866 1411 1921 1451 35

24 1479 34 1526 'x
136 1482 407 1530 eundare‘nt
459 1484 595 1529 visas
649 1496 879 1541 omenque
928 1480 1194 1543 levarentJ:
1254 1482 1307 1529 in
1361 1483 1524 1543 prima
1577 1481 1834 1529 avulsione

136 1555 302 1618 potuit
347 1555 507 1603 videri
554 1571 720 1617 casus,
775 1571 891 1603 cum
939 1559 1106 1604 autem
1152 1557 1205 1603 in
1254 1555 1468 1604 secunda
1515 1555 1687 1603 eadem
1724 1570 1834 1616 rep-

135 1630 396 1692 perissem,
451 1630 768 1678 vehementer
822 1634 1098 1679 commotus
1152 1630 1415 1678 volvebam
1462 1631 1627 1677 animo
1675 1629 1834 1676 multa

28 1693 38 1772 1⁵
70 1719 114 1752 20
138 1707 286 1766 atque
328 1704 546 1766 diversa3
601 1704 863 1752 constabat
902 1706 1035 1752 enim
1078 1704 1370 1768 sanguinem
1415 1704 1560 1751 illum
1606 1718 1834 1751 execran-

137 1778 255 1825 dum
287 1778 479 1840 aliquid
511 1778 804 1843 significare.
858 1779 1101 1842 rogabam
1133 1779 1248 1826 deos
1279 1778 1390 1839 loci,
1421 1781 1478 1825 ut
1510 1777 1835 1826 secundarent

138 1852 318 1916 omina,
360 1867 486 1914 quae
527 1868 631 1901 esse
672 1853 934 1902 constabat
973 1853 1194 1914 adversa,
1237 1854 1329 1899 aut
1366 1852 1591 1899 levarent
1628 1852 1721 1899 hoc
1761 1854 1835 1898 est

135 1927 463 1974 inminentem
508 1927 758 1976 malorum
802 1929 1001 1975 ruinam
1047 1928 1136 1974 aut
1183 1927 1463 1974 averterent
1506 1925 1707 1987 penitus
1747 1928 1835 1972 aut

33 2061 36 2071 Ι
136 2001 357 2048 facerent
409 2001 660 2049 leviorem.
739 2001 883 2050 docet
934 2001 1027 2049 hoc
1081 2001 1189 2049 loco
1243 2000 1498 2064 Vergilius
1552 1998 1834 2061 prosperari

32 2122 37 2134 ,
70 2089 114 2122 25
136 2089 282 2136 posse
319 2090 410 2136 per
449 2074 566 2123 deos
603 2076 837 2124 humanis
878 2074 1128 2137 obsequiis
1169 2074 1300 2137 quod
1338 2074 1491 2122 fuerit
1529 2073 1675 2122 malis
1712 2074 1835 2121 omi-

137 2147 281 2197 nibus
328 2149 723 2198 demonstratum
761 2150 842 2198 vel
880 2149 1038 2198 levius
1081 2148 1202 2196 fieri.
1279 2149 1422 2196 tertia
1459 2148 1544 2195 sed
1573 2151 1835 2208 postquam

136 2224 321 2271 maiore
358 2224 558 2271 hastilia
595 2225 712 2272 nisu
743 2225 1004 2286 adyredior
1031 2223 1328 2283 yenibusque
1358 2223 1595 2270 adversae
1624 2221 1836 2268 obluctor

80 2335 83 2337 .
136 2297 372 2345 harenae:
411 2297 747 2361 cognitionem
778 2313 955 2346 causae
986 2297 1163 2345 melius
1196 2295 1481 2344 desiderans
1512 2296 1690 2355 facere,
1716 2295 1836 2342 licet

137 2371 239 2418 iam
277 2370 438 2432 primo
480 2374 530 2419 et
567 2374 782 2434 repetito
821 2372 955 2420 facto
995 2371 1171 2419 fuisset
1202 2372 1454 2432 conperta,
1483 2370 1635 2418 tertio
1666 2371 1836 2416 tamen

73 2458 116 2493 ao
140 2459 250 2492 eam
288 2445 426 2493 volui
465 2446 778 2495 manifestius
819 2444 1238 2507 conprehendere,
1283 2445 1426 2492 tenui
1471 2444 1677 2492 fortiore
1723 2442 1835 2490 nisu

261 2620 283 2660 1
323 2616 591 2671 formidinis
628 2617 671 2660 R
709 2629 823 2660 corr.
855 2630 892 2660 r.
1053 2619 1106 2658 11
1144 2615 1235 2659 vim
1275 2615 1326 2658 in
1364 2615 1437 2659 his
1465 2613 1554 2657 LR
1592 2627 1704 2657 corr.
1739 2626 1772 2655 r.

142 2678 197 2717 13
229 2675 326 2720 illic
354 2675 391 2719 L
422 2676 555 2720 illum
585 2675 639 2720 R.
785 2680 839 2719 16
871 2677 958 2720 rite
976 2701 1030 2707 —
1050 2679 1103 2718 17
1138 2675 1340 2718 levarent
1369 2673 1502 2718 deest
1531 2672 1582 2716 111
1613 2671 1720 2726 LR,
1752 2669 1834 2714 sed

141 2733 415 2836 expllicatur.
554 2739 608 2779 21
643 2735 832 2792 aliquod
866 2734 937 2778 ed.
1080 2737 1136 2776 22
1169 2734 1326 2779 omnia
1357 2732 1462 2835 ῙῄΒΙ,ἰ
1475 2732 1631 2777 omina
1661 2744 1685 2774 1·
1715 2729 1787 2832 eg
1825 2730 1831 2788 Ι

140 2797 197 2894 gg
228 2793 307 2896 veflt
328 2793 622 2909 lggiaezsdfigozt
633 2794 1102 2911 01113ῗᾶὲῖἰῷοείᾳᾶ
1129 2793 1376 2896 {nngaggi-sn
1482 2802 1727 2893 {gorii-oder}
1748 2824 1836 2891 ILR

140 2923 319 2956 noscere
347 2926 375 2955 r
403 2912 475 2957 ed.
505 2913 657 2967 facere
686 2927 785 2957 nos.
955 2916 1010 2956 29
1042 2912 1167 2966 facio
1197 2909 1288 2968 (bis
1321 2909 1564 2966 scriptum)
1596 2907 1684 2951 LR
1712 2907 1836 2963 facto

141 2982 165 3012 1·
195 2969 266 3014 ed.
389 2974 567 3016 29-30
598 2976 693 3016 tam
724 2986 823 3016 eam
854 2970 941 3015 LR
971 2976 1123 3016 tamen
1153 2984 1253 3015 eam
1281 2983 1306 3013 r
1335 2983 1434 3014 eam
1465 2982 1554 3012 om.
1583 2966 1655 3011 ed.

41 2995 81 3226 mu
41 2928 66 2982 ..ΛΑ
41 2855 63 2927 aa
40 2792 70 2844 μμ
41 2771 50 2781 ¹
36 2542 58 2754 vrrs-ew·-
