2014 3226
770 146 1074 191 Annnmos
1108 148 1169 190 Π
1712 152 1820 202 569

133 284 379 332 desertum
427 300 476 332 se
526 284 586 331 ab
634 285 744 345 ipsa
797 287 946 347 atque
997 291 1334 348 contemptum
1384 292 1453 348 et,
1509 289 1625 336 licet
1676 290 1822 338 sciret

134 374 242 406 eam
295 359 424 405 iuste
480 360 798 418 commotam,
853 361 1020 407 tamen
1074 361 1380 409 recedentem
1434 363 1822 424 prosequebatur

134 433 321 496 gemitu
362 446 418 478 ac
449 431 612 479 verbis
654 434 704 479 et
743 435 985 493 quantum
1024 438 1222 495 poterat
1259 436 1548 483 intuebatur
1580 437 1733 486 oculis
1774 441 1823 484 et

131 506 324 553 videret
361 505 585 565 ulterius,
626 507 667 552 si
706 522 805 554 non
846 523 954 554 eam
994 508 1193 556 arbores
1233 525 1488 557 nemorum
1529 513 1677 572 atque
1716 528 1820 558 um-

88 597 107 629 5
132 579 251 627 brae
289 580 541 627 texissent.

242 653 370 701 Inde
418 654 588 700 datum
634 654 830 701 molitur
874 656 989 701 iter:
1041 655 1118 703 his
1174 657 1323 718 gestis
1379 658 1542 718 coepit
1596 657 1666 704 ire
1723 673 1820 719 quo

133 727 320 775 dudum
370 726 663 775 intenderat.
749 729 942 787 iamque
993 743 1116 777 arua
1171 731 1391 777 tenebant
1444 732 1615 778 ultima
1668 729 1821 791 [quae

133 802 251 849 bello
297 802 421 849 clari
472 803 654 848 secreta
707 802 1044 863 frequentant]
1053 821 1067 850 .·
1121 804 1209 850 illa
1263 804 1390 850 dixit
1446 820 1570 865 quae
1626 804 1821 852 fuerant

133 875 255 924 satis
293 875 548 935 ulteriora,
589 875 779 924 scilicet
817 891 936 924 usus
977 877 1133 940 gradu
1173 878 1490 938 superlativo,
1530 879 1651 926 haec
1683 895 1821 940 sepa-

65 965 108 998 10
131 950 283 998 ratim
322 949 521 997 fuerant
553 949 793 1010 deputata
825 949 900 998 his
934 950 1019 1011 qui
1060 953 1228 1014 magni
1262 951 1638 999 inveniebantur
1669 953 1820 1000 fuisse

131 1025 185 1071 in
235 1024 587 1071 exercitatione
638 1023 896 1071 bellorum.
982 1025 1056 1072 hic
1108 1026 1179 1071 illi
1225 1028 1432 1073 occurrit
1482 1026 1696 1087 Tydeus,
1746 1027 1822 1074 hic

130 1098 325 1146 inclitus
371 1099 525 1145 armis
571 1098 967 1157 Parthenopaeus
1015 1102 1057 1145 et
1094 1098 1300 1146 Adrasti
1342 1100 1573 1159 pallentis
1619 1102 1807 1160 imayo:
1823 1102 1912 1142 480

129 1172 222 1219 hoc
262 1171 545 1234 specialiter
583 1171 751 1232 posuit
791 1171 975 1220 addens
1014 1173 1090 1220 hic
1126 1173 1331 1221 multum
1368 1174 1467 1233 fleti
1504 1174 1569 1220 ad
1598 1187 1821 1233 superos.-

16 1301 35 1309 -
130 1261 221 1307 pro
260 1247 438 1293 merito
479 1245 669 1293 scilicet
698 1246 901 1294 virtutis
942 1262 1058 1294 suae
1090 1263 1325 1310 magnum
1357 1246 1486 1294 vivis
1518 1247 1822 1308 reliquerant

64 1334 106 1368 15
131 1321 343 1381 luctum,
398 1335 511 1367 cum
565 1314 942 1367 adversantibus
996 1321 1114 1368 fatis
1162 1336 1251 1382 pro
1298 1322 1464 1383 patria
1519 1321 1820 1369 cecidissent.

132 1394 343 1454 belloque
389 1394 562 1442 caduci
598 1394 954 1442 Dardanidae:
1008 1411 1037 1442 a
1076 1395 1280 1456 speciali
1318 1396 1684 1443 enumeratione
1723 1395 1820 1442 sin·

131 1468 363 1532 gulorum
400 1467 604 1516 transiit
644 1467 707 1515 ad
747 1468 1136 1531 generalitatem,
1192 1471 1249 1516 ut
1279 1468 1518 1530 plurimos
1558 1468 1662 1516 illic
1701 1469 1819 1516 Tro-

129 1544 271 1590 ianos
305 1557 408 1591 esse
439 1544 752 1590 memoraret.
815 1557 932 1602 quos
960 1543 1040 1590 ille
1071 1544 1225 1590 omnis
1258 1544 1395 1603 Ionqo
1426 1543 1594 1591 ordine
1625 1557 1821 1590 cernens

131 1618 382 1677 inqemuit,
443 1616 779 1676 Glaucumque
825 1617 1154 1677 Medontaque
1203 1617 1678 1677 Thersilochumque,
1733 1618 1822 1664 tris

0 1695 22 1738 i?
63 1705 107 1737 80
130 1690 465 1739 Antenoridas
499 1689 755 1750 Cererique
784 1705 982 1739 sacrum
1011 1691 1294 1751 Polyboeten
1326 1691 1624 1750 Idaeumque
1662 1692 1806 1738 etiam
1823 1693 1912 1732 485

15 1757 23 1763 ”
132 1779 322 1821 currus,
341 1766 484 1813 etiam
505 1780 649 1813 arma
673 1768 926 1813 tenentem:
948 1765 1194 1828 ingemuit
1211 1764 1274 1811 ad
1299 1764 1455 1813 omnis
1471 1765 1703 1827 pertinet3
1722 1779 1821 1811 non

131 1840 263 1887 enim
287 1839 447 1887 solum
471 1838 633 1886 doluit
651 1837 908 1899 Glaucum,
933 1854 1045 1887 cum
1069 1839 1227 1886 omnis
1253 1854 1460 1900 quorum
1485 1838 1686 1886 nomina
1709 1853 1820 1885 con-

129 1913 304 1975 plexus
323 1915 397 1962 est
412 1912 667 1962 habuisset
690 1913 926 1974 aequalis.
969 1911 1135 1960 Cereri
1155 1928 1346 1960 sacrum
1360 1911 1662 1973 Polyboeten
1682 1911 1822 1971 dixit,

130 1990 187 2034 ut
219 1987 500 2036 ostenderet
530 1987 737 2035 numina
769 1987 984 2035 cultores
1023 2001 1136 2034 suos
1175 1987 1229 2033 in
1259 2001 1407 2034 causa
1444 1987 1618 2033 mortis
1650 1986 1821 2032 iuvare

6 2059 19 2103 ’1
63 2075 106 2108 25
129 2077 229 2109 non
275 2077 441 2123 posse3
495 2077 614 2108 113111
659 2062 878 2123 perierat
932 2061 1019 2122 qui
1067 2059 1232 2108 Cereri
1277 2061 1442 2107 fuerat
1496 2061 1820 2107 consecratus.

130 2134 335 2183 Idaeum
380 2151 498 2184 vero
538 2137 693 2183 talem
737 2134 866 2183 vidit
912 2133 1072 2196 qualis
1118 2134 1283 2182 fuerat
1326 2132 1376 2181 in
1418 2134 1546 2192 vitat,
1596 2132 1639 2180 is
1691 2132 1822 2180 enim

0 2175 19 2283 ἓ
130 2208 228 2258 duo
269 2210 418 2258 simul
457 2209 622 2258 officia
660 2209 908 2257 sustinens
946 2207 1148 2256 tenebat
1186 2222 1347 2268 arma,
1384 2206 1588 2270 regebat
1626 2210 1676 2254 et
1714 2221 1822 2254 cur-

0 2314 20 3226 }
130 2300 264 2343 rum,
303 2299 513 2346 quorum
559 2282 779 2332 studium
826 2282 958 2345 apud
1004 2296 1206 2343 superos
1246 2280 1435 2328 habuit.
1512 2282 1823 2328 circumstant

133 2359 330 2405 animae
390 2358 563 2406 dextra
627 2358 860 2416 laevaque
918 2357 1212 2415 frequentes:
1285 2355 1347 2402 ab
1402 2356 1612 2416 utroque
1665 2353 1822 2402 latere

63 2447 108 2480 ao
133 2430 522 2479 circumstabant
561 2432 757 2479 animae
806 2431 1007 2477 maximi
1054 2429 1260 2476 numeri.
1336 2442 1422 2476 nec
1466 2427 1644 2476 ‘vidisse
1678 2427 1823 2475 semel

130 2506 254 2554 satis
300 2508 390 2554 est:
435 2505 567 2554 tanti
614 2504 782 2552 meriti
827 2505 1030 2551 fuerunt
1077 2518 1286 2564 quorum
1334 2502 1527 2550 animae
1568 2499 1822 2549 obtutibus

253 2666 276 2704 1
309 2665 351 2706 et
375 2687 431 2694 -
457 2665 483 2704 2
515 2664 778 2706 commotam
811 2672 900 2702 om.
925 2657 997 2702 ed.
1131 2661 1158 2700 6
1188 2658 1261 2702 hie
1283 2682 1339 2689 —
1366 2660 1390 2699 ’1
1423 2655 1680 2700 intenderat
1710 2654 1821 2697 ante

129 2720 238 2765 inde
266 2722 498 2777 transpos.
523 2719 595 2765 ed.
749 2723 773 2761 7
807 2731 922 2774 quae
946 2742 1001 2749 —
1027 2720 1054 2760 8
1084 2717 1376 2772 frequentant
1406 2714 1540 2759 deest
1568 2713 1618 2757 in
1650 2712 1704 2766 V,
1736 2712 1818 2757 sed

97 2783 99 2785 ’
130 2778 406 2836 explicatur.
549 2783 577 2823 8
609 2779 695 2823 illa
724 2776 767 2822 V
798 2777 963 2821 ultima
993 2775 1102 2821 edF.
1250 2778 1304 2818 18
1335 2775 1416 2818 hoc
1446 2772 1487 2816 V
1518 2772 1589 2817 ed.
1621 2773 1731 2817 hoe?

133 2842 188 2883 15
212 2839 346 2896 patri
375 2838 646 2884 accidissent
675 2835 718 2880 V
749 2849 862 2880 corr.
888 2834 960 2880 ed.
1078 2838 1132 2877 16
1163 2834 1352 2891 speciali
1381 2830 1424 2875 V
1453 2847 1484 2876 a
1513 2846 1579 2888 sp.
1605 2844 1718 2875 corr.
1744 2829 1816 2874 ed.

221 2902 278 2941 22
301 2898 396 2942 solo
418 2896 461 2941 V
482 2897 628 2942 solum
651 2909 736 2940 nos
756 2899 944 2951 propter
957 2892 1148 2938 added.
1237 2896 1294 2937 26
1317 2891 1389 2936 his
1403 2890 1445 2934 V
1468 2891 1510 2936 is
1533 2903 1646 2934 corr.
1657 2888 1727 2933 ed.

132 2960 187 3000 27
204 2957 344 3001 simul
360 2970 448 3001 om.
460 2956 532 3000 ed.
595 2959 652 3000 28
670 2967 860 3012 quorum
872 2954 981 3010 post
991 2966 1175 2998 monum
1187 2950 1363 2995 inserui
1376 2964 1570 3007 quarum
1582 2962 1732 2994 rerum
1745 2946 1818 2991 ed.
