2014 3226
189 139 256 190 ,⁵38
648 134 879 178 DONATI
912 132 974 176 IN
979 132 1192 176 TERPR.
1226 131 1404 175 VERG.

189 277 447 326 «xci-atur?
513 278 696 337 quanto
737 274 911 321 melius
945 276 1050 320 erat
1081 274 1139 319 ut
1169 274 1395 320 miseriae
1435 288 1572 319 meae
1613 287 1669 318 ex
1702 274 1875 333 aperto

189 354 362 400 matris
410 351 589 397 fabulis
637 349 921 395 levarentur
968 348 1018 394 et
1061 362 1324 408 congressu
1364 346 1675 393 dexterarum
1714 347 1876 407 pietas

190 443 290 474 sese
333 420 679 485 cognosceret?
739 436 828 468 nec
861 420 1010 468 semel
1041 421 1133 468 hoc
1164 420 1340 480 fecisti,
1372 419 1457 467 sed
1490 421 1699 481 saepius.
1763 435 1876 467 con-

191 500 355 547 stabat
401 499 530 545 enim
576 498 705 542 inter
751 496 884 556 ipsos
932 494 1093 541 multa
1139 497 1188 541 et
1235 494 1375 542 varia
1421 494 1572 542 fuisse
1613 493 1877 554 conloquia

190 577 239 620 in
274 572 449 633 quibus
482 571 672 617 Aeneas
706 572 754 616 et
794 569 936 615 vultu
975 569 1149 615 matris
1190 571 1239 615 et
1276 567 1451 614 habitu
1485 569 1536 615 et
1567 567 1874 615 sermonibus
1921 585 1941 618 5

191 648 341 693 falsus
390 647 474 693 est.
551 645 701 706 longa
747 644 861 703 post
907 643 1180 705 fugientem
1227 641 1471 689 incusatio
1513 657 1615 689 esse
1655 657 1755 689 non
1794 640 1874 688 de·
1921 651 1923 653 ’

189 722 315 778 buit,
371 719 455 765 sed
508 719 653 764 tanta
707 719 896 778 quanta
948 718 1116 777 posset
1169 717 1426 776 pervenire
1476 715 1539 762 ad
1586 715 1719 762 auris
1766 716 1877 762 tota

190 795 439 840 velerit-ate
478 790 764 838 recedentis.
826 790 942 836 hinc
981 790 1136 853 igitur
1174 792 1368 837 mature
1408 789 1632 836 discessit
1672 803 1877 850 carpens
1939 785 1942 787 ’

191 869 321 914 viam
375 866 436 913 ad
489 867 599 926 ipsa
653 866 849 912 moenia
905 863 1201 911 tendentem.
1291 863 1472 911 idcirco
1528 864 1748 924 positum
1802 864 1877 910 est

102 947 185 983 41⁴³
206 942 380 987 talibus
424 941 618 987 incusat
658 953 969 998 aressurtiquc
1016 938 1081 985 acl
1125 939 1317 984 moenia
1357 938 1517 985 tendit.
1595 936 1789 983 addidit
1827 939 1880 984 at
1902 955 1946 988 ιο·

202 1016 358 1061 Venus
413 1014 610 1060 obscuro
660 1012 930 1072 *aradiensis
985 1025 1096 1059 acre
1149 1013 1330 1070 sacpse’t
1384 1014 1425 1057 ct
1476 1012 1625 1058 multo
1676 1010 1880 1058 nebulae

189 1091 365 1134 circcmi
398 1088 488 1135 dea
519 1088 651 1145 fudit
679 1088 873 1140 amictu,
907 1100 1095 1133 cernere
1128 1100 1189 1132 uc
1228 1087 1335 1144 quis
1376 1100 1452 1132 cos
1490 1099 1586 1132 ucu
1625 1087 1733 1144 quis
1771 1099 1879 1132 cou-

190 1165 366 1221 tinycrc
388 1164 553 1220 posset
590 1161 809 1207 molirive
847 1174 1036 1206 moram
1074 1162 1163 1206 aut
1198 1160 1423 1206 vemendi
1452 1173 1650 1218 poscere
1688 1173 1878 1206 causas.

190 1252 287 1283 non
334 1238 499 1282 tamen
548 1234 740 1281 suffecit
785 1233 935 1280 matri
983 1233 1116 1294 quod
1160 1233 1323 1281 verbis
1363 1235 1668 1281 instruxerat
1705 1233 1879 1293 filium,

188 1311 303 1358 licet
358 1310 505 1356 sciret
559 1308 730 1355 eadem
785 1308 951 1355 omnia
1005 1306 1319 1368 conposuisse
1373 1307 1685 1354 Mercurium.
1762 1321 1879 1354 nam
1903 1322 1952 1357 152·

190 1384 425 1444 quattuor
471 1383 630 1430 causis
677 1383 903 1443 permota
951 1383 1115 1428 euntis
1162 1381 1292 1428 nube
1339 1382 1499 1428 multa
1543 1380 1878 1442 circumdedit,

190 1473 271 1516 ne,
319 1459 586 1517 antequam
634 1456 696 1502 ad
742 1457 904 1516 ipsam
943 1455 1188 1503 Didonem
1231 1456 1570 1517 pervenirent,
1619 1458 1705 1502 aut
1744 1454 1878 1502 vide-

190 1533 359 1578 rentur
406 1530 466 1577 ab
516 1529 682 1591 aliquo
731 1531 819 1576 aut
866 1530 1271 1593 contingerentur
1318 1532 1406 1576 aut
1444 1530 1574 1577 visos
1616 1530 1880 1590 quisquam

189 1603 663 1666 interrogationibus
703 1605 856 1651 variis
897 1603 1140 1651 detineret
1170 1603 1249 1650 vel
1281 1605 1412 1651 certe
1443 1603 1675 1651 veniendi
1707 1617 1878 1651 causas
1941 1662 1949 1672 ὁ

191 1678 448 1739 exquirens
487 1677 866 1739 properantibus
906 1692 1070 1725 moras
1110 1677 1348 1738 adferret3
1395 1679 1510 1724 ante
1549 1679 1708 1725 noctis
1749 1678 1880 1724 enim
1903 1691 1959 1727 w

103 1757 187 1794 415
205 1752 431 1799 tenebras
469 1753 726 1812 pervenire
766 1751 1048 1799 debuerant.
1107 1753 1220 1811 ipsa
1256 1752 1483 1811 Paphum
1520 1752 1742 1799 sublimis
1780 1751 1883 1798 abit

191 1826 414 1884 sedesque
467 1826 633 1873 revisit
685 1826 811 1874 lacta
863 1840 1003 1881 suas,
1054 1826 1140 1873 ubi
1194 1827 1422 1885 templum
1474 1826 1548 1872 illi
1603 1829 1882 1885 centumque
1945 1841 1952 1882 ζ

192 1899 377 1946 Sabaeo
417 1902 522 1946 turc
561 1900 717 1946 calent
754 1914 874 1946 arae
911 1901 1145 1958 sertisque
1182 1900 1449 1947 recentibus
1485 1900 1670 1947 halant.
1942 1895 1959 1962 J

309 1971 596 2030 Corripuere
634 1974 765 2020 viam
802 1974 987 2022 interca
1026 1988 1124 2032 qua
1162 1975 1332 2021 semita
1369 1977 1619 2020 monstrat.
1689 1974 1882 2032 iamque
1942 1963 1958 1999 ¹*-

104 2051 190 2089 420
209 2047 527 2093 ascendebant
565 2047 741 2102 collem,
775 2048 858 2105 qui
887 2047 1138 2107 plurimus
1175 2049 1287 2095 urbi
1323 2049 1525 2094 inminet
1555 2048 1881 2106 adversasque
1903 2038 1962 2111 εξ

192 2123 403 2178 aspectat
441 2119 646 2179 desuper
684 2135 831 2170 arces.
894 2121 1160 2183 descriptio
1199 2122 1298 2170 loci
1335 2121 1589 2168 inducitur
1621 2122 1707 2182 qui
1738 2136 1881 2183 opor·-
1939 2115 1960 2173 ἶ-

192 2197 340 2240 tunus
381 2196 661 2241 occurrerat
700 2194 763 2242 ad
803 2195 1058 2243 civitatem
1095 2195 1423 2244 venientibus.
1486 2195 1632 2243 huius
1665 2194 1880 2242 altitudo

193 2266 446 2315 evidenter
498 2282 730 2328 expressa
783 2270 859 2315 est
907 2284 1032 2329 quae
1081 2269 1207 2317 solet
1253 2284 1356 2316 esse
1404 2269 1609 2316 collium
1655 2270 1708 2316 in
1756 2282 1880 2330 quos
1944 2314 1959 2333 τ

193 2355 292 2387 non
331 2342 407 2388 est
445 2339 661 2389 difficilis
694 2356 937 2403 ascensus,
968 2343 1253 2404 prospectui
1283 2345 1451 2391 tamen
1484 2344 1534 2391 et
1566 2341 1880 2404 explorandis

193 2413 340 2460 rebus
380 2414 681 2475 aptissimus.
757 2415 902 2464 huius
941 2416 1102 2464 latera
1141 2417 1210 2465 sic
1249 2417 1448 2464 fuerant
1487 2417 1619 2476 fusa,
1666 2419 1723 2463 ut
1767 2431 1880 2478 pro·

193 2486 371 2534 lixiora
419 2490 579 2535 essent
625 2487 687 2535 ab
727 2503 785 2535 ea
822 2492 962 2550 parte
1003 2505 1102 2552 qua
1140 2491 1317 2539 civitas
1357 2490 1466 2538 fuit.
1545 2490 1757 2551 denique
1797 2489 1882 2537 ad-

1320 2579 1350 2604 Q

316 2647 336 2684 1
371 2647 583 2686 exeratur
614 2641 699 2685 LR
729 2648 830 2688 orta
859 2645 922 2687 sit
951 2645 1020 2689 ed.
1152 2650 1177 2688 2
1209 2646 1385 2700 fabulis
1415 2645 1503 2688 LR
1532 2645 1678 2690 verbis
1709 2645 1818 2690 edF.

195 2705 220 2742 3
252 2714 344 2745 sese
375 2707 652 2758 coynosceret
682 2700 768 2744 LR
807 2702 853 2757 (i.
880 2715 917 2746 e.
950 2703 1166 2761 invicem)
1206 2709 1544 2762 cognosceretur
1582 2703 1752 2748 omisso
1790 2716 1882 2748 sese
1927 2735 1930 2740 -

195 2759 265 2802 ed.
359 2763 386 2803 8
418 2759 601 2804 decessit
631 2759 702 2804 ed.
798 2767 850 2803 12
883 2763 1181 2817 circumfudit
1203 2763 1288 2808 dea
1311 2763 1399 2806 LR
1423 2777 1535 2807 corr.
1561 2777 1596 2806 r.
1691 2767 1746 2806 13
1775 2775 1879 2819 pos·

194 2817 382 2862 sitvLR.
500 2823 555 2862 14
586 2819 762 2873 suffecit
792 2819 827 2863 L
859 2821 1032 2875 sufficit
1061 2821 1103 2865 R
1135 2822 1206 2865 ed.
1323 2826 1378 2866 16
1405 2827 1612 2878 permota
1641 2821 1729 2865 LR
1758 2826 1881 2866 mota

195 2875 275 2920 ed„
374 2879 431 2919 20
462 2890 635 2921 moram
666 2877 736 2921 ed.
791 2898 794 2902 ⁴
845 2883 900 2921 23
932 2881 1121 2924 sabacvo
1152 2881 1251 2925 LR.
1369 2885 1423 2924 27
1458 2881 1718 2925 incurrerat
1747 2880 1819 2925 ed.
1921 2879 1924 2883 ’

197 2938 252 2979 28
284 2935 508 2980 evidenter
539 2949 626 2979 om.
651 2935 693 2979 R
725 2936 831 2980 add.
855 2951 890 2981 r.
921 2939 926 2995 Ι
961 2939 1150 2984 collibus
1181 2939 1253 2983 ed.
1369 2944 1425 2983 30
1455 2940 1649 2994 fuerunt
1680 2940 1751 2983 ed.
