2014 3226
786 168 1088 212 AENEIDOS
1122 169 1162 212 V
1714 172 1815 221 521

132 310 360 356 Xanthus
409 309 589 367 amnis,
638 309 724 369 qui
771 311 1026 356 tantorum
1070 324 1331 371 corporum
1368 311 1589 356 retentus
1630 309 1822 356 obiectu

134 384 319 430 exitum
373 383 425 428 in
480 382 658 429 fluctus
718 383 934 443 reperire
997 398 1095 429 non
1161 385 1371 444 poterat.
1456 382 1653 430 Pelidae
1714 387 1824 430 tunc

133 471 214 517 eqo
261 458 377 517 forti
422 470 728 516 conyressum
766 453 970 504 Aenean
1015 471 1102 504 nec
1148 457 1244 504 diis
1289 472 1375 503 nec
1419 458 1605 503 viribus
1658 458 1823 516 aequis

132 531 257 578 nube
295 545 416 578 cava
454 531 626 589 rapui:
674 533 917 590 quantum
957 530 1142 577 adserit
1180 546 1382 592 operam
1422 531 1586 578 suam!
1633 530 1711 578 vel
1752 546 1807 578 ex
1828 534 1914 573 810

89 621 107 652 5
135 606 322 665 quanta
375 605 668 651 necessitate
731 604 857 651 dixit
909 604 1111 652 Aenean
1173 604 1458 651 liberatum!
1521 619 1824 667 congressus,

133 679 320 740 inquit,
376 678 474 724 fuit
526 677 752 725 Pelidae:
815 679 933 725 licet
987 680 1144 739 possit
1197 678 1422 742 intellegi
1476 677 1608 740 quod
1662 677 1823 725 laudis

134 767 282 800 causa
314 751 518 799 dixisset
548 751 766 813 Pelidae,
804 754 972 799 tamen
1013 752 1206 799 addidit
1237 752 1368 799 forti.
1432 754 1673 812 quantum
1706 752 1825 799 forti

133 841 284 887 supra
331 826 591 887 expressit:
652 826 795 873 milia
841 826 984 873 illum
1031 827 1192 874 multa
1238 826 1562 874 Troianorum
1612 826 1824 888 fugasse,

133 916 245 949 cum
284 901 417 948 solus
455 902 623 948 tantos
662 903 921 961 premeret,
960 902 1173 962 urgeret,
1214 902 1467 947 sterneret.
1545 900 1661 946 huic
1708 915 1824 962 ergo

68 991 109 1022 ιο
133 989 244 1022 311111
293 976 422 1022 esset
468 989 757 1036 congressus
806 974 998 1021 Aeneas
1047 975 1183 1021 nullo
1232 974 1320 1021 deo
1372 974 1589 1033 fautore,
1636 974 1824 1020 cunctis

134 1049 374 1109 adversis,
427 1048 616 1095 viribus
665 1063 860 1109 quoque
906 1049 1052 1110 longe
1102 1048 1383 1110 inparibus,
1436 1047 1565 1095 nube
1619 1048 1824 1094 inmissa

134 1123 315 1184 eripui,
361 1123 548 1183 inquit,
596 1122 843 1183 inparem,
890 1122 1050 1183 eripui
1095 1123 1198 1169 iam
1236 1121 1526 1184 periturum.
1606 1136 1826 1181 cuperem·

132 1211 240 1244 cum
278 1199 458 1243 vertere
497 1197 559 1244 ab
598 1198 693 1243 iww
731 1199 915 1244 structa
954 1198 1075 1244 meis
1112 1197 1340 1244 manibus
1370 1198 1605 1255 periurae
1635 1196 1825 1242 moenia

135 1270 334 1318 Troiae:
388 1269 682 1318 admiranda
721 1270 897 1330 dictio,
943 1271 995 1316 in
1038 1286 1135 1331 qua
1174 1285 1223 1317 se
1264 1269 1525 1317 confitetur
1571 1269 1826 1316 inimicum

67 1360 107 1392 15
134 1347 184 1392 et
223 1360 279 1392 eo
318 1347 541 1406 tempore
582 1343 778 1392 Aeneae
818 1344 994 1392 salutis
1033 1343 1324 1392 beneficium
1361 1342 1683 1405 praestitisse,
1715 1357 1827 1390 cum

13 1451 21 1472 ;
134 1419 294 1466 01111113
333 1418 575 1466 Troianos
622 1434 734 1466 cum
778 1419 889 1480 ipsa
935 1418 1056 1466 urbe
1103 1417 1304 1466 volebat
1341 1419 1600 1465 extinctos.
1676 1431 1823 1477 quam

11 1498 26 1538 Ζ·
133 1491 321 1555 grande
367 1492 658 1540 beneficium
703 1495 1030 1552 memoratur,
1078 1507 1189 1540 cum
1236 1491 1369 1540 solus
1408 1491 1600 1539 Aeneas
1647 1489 1826 1538 mereri

0 1561 1 1582 ³
132 1567 300 1628 potuit
354 1568 550 1614 veniam
602 1567 732 1614 irato
789 1582 845 1613 eo
902 1567 987 1627 qui
1041 1568 1242 1614 cunctos
1297 1566 1448 1614 semel
1500 1563 1700 1612 volebat
1746 1579 1821 1611 ex-

131 1642 360 1703 tinguere
408 1643 459 1687 et
505 1640 698 1688 diruere
747 1641 915 1688 omnia
962 1655 1088 1701 quae
1135 1641 1236 1688 suis
1281 1639 1510 1687 manibus
1557 1638 1827 1686 struxerat!

66 1731 109 1763 20
132 1730 344 1778 magnus
398 1713 623 1763 adfectus
677 1716 753 1762 est
804 1715 944 1762 iuxta
998 1730 1057 1762 ea
1111 1729 1236 1775 quae
1289 1729 1442 1760 manu
1493 1714 1664 1760 nostra
1714 1726 1823 1774 pro-

12 1816 21 1826 ιη
133 1788 360 1849 veniunt,
407 1804 618 1851 magnus
667 1804 861 1850 quoque
910 1791 984 1836 est
1031 1788 1193 1848 dolor,
1241 1788 1284 1834 si
1322 1789 1492 1835 nostra
1529 1801 1680 1833 manu
1719 1801 1822 1832 ver·

12 1829 26 1898 l
132 1864 326 1910 tantur:
381 1862 466 1911 sed
504 1862 598 1911 iste
638 1862 765 1910 dixit
807 1877 1008 1910 causam
1054 1862 1377 1910 intervenisse
1423 1859 1654 1923 periurii,
1699 1874 1830 1921 quae

14 1906 26 1971 1
133 1952 329 1984 0111113111
376 1936 627 1985 adfectum
673 1936 1053 1985 constructionis
1102 1935 1382 1996 abruperat.
1458 1949 1590 1982 nunc
1643 1947 1827 1993 quoque

133 2025 268 2059 mens
322 2011 488 2059 eadem
532 2014 724 2070 perstat
774 2011 917 2058 milei:
980 2025 1106 2071 quae
1157 2011 1223 2058 sit
1267 2010 1380 2072 ipsa
1424 2023 1562 2056 mens
1610 2023 1669 2055 ex
1714 2022 1828 2055 con-

66 2101 110 2134 25
134 2084 454 2146 sequentibus
493 2084 696 2147 probat3
745 2085 912 2146 potuit
950 2085 1082 2132 enim
1121 2083 1308 2131 dictum
1345 2084 1399 2130 in
1436 2084 1623 2130 incerto
1668 2096 1829 2129 rema-

133 2174 271 2219 nere,
326 2160 564 2221 quoniam
616 2159 757 2206 iuxta
804 2158 1045 2206 Troianos
1093 2160 1144 2206 et
1190 2157 1390 2205 Troiam
1439 2154 1730 2204 inimicitias
1777 2169 1830 2202 se

133 2232 363 2281 habuisse
403 2233 655 2295 professus
696 2235 784 2280 est.
848 2247 974 2294 quae
1014 2247 1131 2294 ergo
1170 2246 1308 2279 mens
1346 2231 1400 2278 in
1437 2230 1691 2292 praesenti
1718 2244 1828 2291 per-

60 2342 62 2344 >
135 2308 291 2355 staret
336 2306 602 2355 videndum
651 2309 748 2367 est,
796 2322 907 2354 cum
954 2307 1212 2368 sequentia
1250 2307 1466 2354 tractare
1506 2303 1826 2365 coeperimus.

128 2381 276 2440 pelle,
315 2380 502 2442 inquit,
549 2383 765 2429 timores:
820 2380 883 2427 ad
920 2379 1271 2428 removendam
1308 2377 1694 2426 sollicitudinem
1731 2375 1830 2422 Ve-

67 2471 112 2504 ω
134 2454 266 2503 neris
306 2470 458 2516 quam
495 2454 728 2503 brevibus
767 2469 884 2502 usus
920 2456 996 2502 est
1033 2453 1214 2512 verbiS‚
1244 2455 1300 2500 ut
1332 2455 1383 2500 et
1411 2453 1574 2514 ipsam
1606 2464 1827 2499 securam

133 2527 362 2576 redderet
400 2530 450 2576 et
488 2528 734 2576 indicaret
771 2528 971 2590 qualem
1010 2530 1202 2591 gereret
1233 2526 1470 2575 mentem!
1530 2523 1706 2587 quodsi
1734 2523 1831 2571 hoc

257 2689 280 2727 1
313 2685 509 2729 retenturi
539 2683 610 2728 ed.
640 2685 647 2741 Ι
674 2684 871 2728 obiectus
901 2683 988 2727 LR
1020 2682 1092 2727 ed.
1124 2683 1298 2727 obiectu
1327 2697 1363 2726 r.
1456 2685 1484 2724 4
1515 2679 1666 2736 eripui
1695 2677 1765 2723 ed.

137 2746 163 2786 8
195 2743 342 2788 multa
371 2744 504 2788 illum
534 2744 668 2788 milia
699 2743 752 2787 R.
782 2746 788 2798 Ι
813 2743 989 2800 fuyisse
1018 2741 1106 2786 LR
1136 2755 1250 2786 corr.
1277 2741 1349 2786 ed.
1442 2745 1468 2784 9
1498 2742 1712 2784 sterneret
1741 2736 1831 2780 LR

135 2815 191 2846 ac
220 2807 273 2847 st.
307 2801 378 2846 ed.
533 2807 588 2846 12
620 2803 794 2860 eripuit
823 2802 977 2858 inquit
1005 2801 1042 2845 L
1080 2801 1251 2858 eripuit
1287 2800 1459 2857 eripuit
1489 2798 1530 2842 R
1567 2802 1586 2842 t
1622 2795 1712 2841 del.
1744 2810 1782 2840 r.
1818 2794 1832 2863 [

130 2863 387 2916 peritorum
416 2861 504 2905 LR
535 2875 648 2906 corr.
674 2876 710 2905 r.
835 2865 891 2904 14
922 2860 1063 2906 dictio
1093 2860 1181 2904 LR
1211 2860 1378 2905 locutio
1408 2858 1480 2903 ed.
1602 2859 1655 2900 15
1686 2855 1832 2900 saluts

136 2919 207 2964 ed.
330 2924 389 2964 20
419 2921 603 2976 effectus
626 2919 669 2964 R
692 2934 806 2964 corr.
823 2934 919 2964 r=
936 2919 984 2964 L.
1102 2923 1159 2964 28
1190 2921 1423 2975 abriperat
1452 2916 1540 2961 LR
1570 2928 1684 2960 corr.
1710 2928 1734 2956 r
1755 2912 1827 2957 ed.

226 2983 282 3023 26
314 2979 474 3025 iuncta
504 2979 547 3024 R
578 2981 712 3024 iuxta
741 2994 837 3023 r=
855 2978 904 3023 L.
1026 2982 1084 3023 28
1115 2979 1414 3035 inceperimus
1444 2975 1517 3021 ed.
