2014 3226
757 135 1098 179 PRAEFATIO
1604 134 1774 178 XXXV

83 279 223 342 rigit,
279 276 501 324 ordinem
555 276 683 323 male
739 275 984 335 turbavit,
1034 275 1162 336 quod
1212 277 1486 322 accuratius
1534 290 1774 336 exponere

82 353 283 414 longum
317 352 402 398 est.
462 351 509 409 6,
536 350 642 397 824
674 352 788 411 post
813 348 1137 409 ‚,Camillum“
1170 349 1418 396 lemmatis
1450 349 1572 396 haec
1601 348 1773 396 habet:

81 428 262 486 „immo
280 424 419 470 Decii
443 423 624 484 phoebi
648 423 809 485 plebei
835 439 949 471 nam
974 423 1196 484 plebeiae
1216 423 1480 470 Deciorum
1498 423 1691 469 animae
1717 424 1774 469 ut

82 499 246 560 inquit
279 496 532 559 Satyrus“,
563 501 670 544 tum
711 513 836 558 quae
875 498 928 544 in
952 497 1197 544 Vaticano
1230 498 1466 544 continuo
1500 500 1776 558 sequuntur

80 572 248 634 „Decii
297 574 346 619 et
393 570 572 618 Drusi“
622 574 712 618 etc.
792 570 1029 633 „phoebi“
1077 570 1308 618 librarius
1362 572 1468 632 ipse
1522 571 1773 632 expunxit,

80 662 176 708 qua
215 663 267 693 re
307 646 428 693 haec
467 645 618 692 verba
657 661 756 692 non
789 661 818 692 a
850 648 1005 693 semet
1036 646 1145 706 ipso
1179 647 1379 705 inserta,
1412 644 1496 693 sed
1527 646 1580 691 in
1613 660 1771 692 exem-

78 720 206 782 plari
259 721 463 767 inventa
519 734 623 767 esse
675 718 866 781 prodit3
926 718 1156 780 idemque
1205 718 1323 767 ordo
1370 720 1567 781 ineptus
1616 718 1773 778 docet,

78 810 190 842 nam
230 796 403 842 contra
442 793 697 840 Donatum
736 793 922 855 scripta
962 786 1222 859 (‚,imm0“)
1266 796 1380 854 post
1419 788 1771 854 „profuerunt“

77 867 336 916 inserenda
376 870 531 916 erant.
594 869 645 913 in
678 865 924 914 Vaticano
965 866 1091 914 nihil
1131 867 1414 915 huiusmodi
1452 868 1603 926 extat,
1642 865 1772 913 unde

77 941 288 990 efficitur
325 943 383 988 ut
419 941 565 988 huius
605 940 723 987 libri
762 943 1054 1003 scriptorem
1092 957 1192 988 non
1216 940 1460 988 Vaticano
1501 941 1774 1003 exemplari

76 1031 218 1063 usum
258 1031 361 1064 esse
402 1017 694 1076 statuamus,
727 1014 813 1063 sed
853 1016 968 1076 alio,
1001 1016 1140 1062 cuius
1179 1017 1233 1062 in
1271 1017 1496 1079 margine
1533 1015 1654 1062 haec
1686 1014 1769 1062 ad-

75 1093 249 1137 notata
288 1091 443 1137 erant.
507 1090 617 1151 quis
658 1089 742 1136 ille
785 1088 996 1151 Satyrus
1037 1089 1102 1136 sit
1133 1091 1320 1138 nescio:
1360 1106 1514 1136 unum
1547 1090 1771 1150 apparet,

75 1163 336 1212 verborum
388 1163 587 1211 illorum
635 1165 885 1211 auctorem
937 1163 1215 1211 doctrinam
1261 1179 1402 1212 suam
1452 1165 1624 1210 contra
1670 1161 1770 1211 Do-

73 1241 246 1285 natum
287 1240 537 1285 ostentare
576 1237 804 1285 voluisse.
845 1265 917 1271 ——
964 1238 1095 1285 hunc
1143 1253 1339 1299 quoque
1386 1237 1569 1284 librum
1610 1235 1770 1284 Stutt-

74 1311 286 1375 gartiam
340 1311 692 1374 benignissime
746 1312 1094 1360 transmissum
1147 1314 1319 1359 nostra
1368 1311 1419 1358 in
1467 1310 1770 1358 bibliotheca

74 1385 260 1433 contuli
299 1401 412 1433 vere
455 1386 612 1433 1903.

181 1459 441 1507 Urbinas
483 1460 587 1506 346
644 1459 974 1508 bibliothecae
1014 1459 1312 1521 Vaticanae,
1370 1451 1604 1507 foliorum
1646 1460 1769 1520 387,

72 1534 258 1582 formae
311 1534 537 1593 maioris,
593 1533 789 1581 saeculo
836 1533 929 1580 XV
982 1533 1035 1582 in
1090 1534 1378 1582 membrana
1439 1533 1770 1582 subtilissima

71 1607 396 1671 pulcherrime
443 1607 655 1668 scriptus
702 1608 833 1655 hunc
881 1608 1087 1655 titulum
1133 1607 1285 1655 habet
1330 1607 1591 1671 magnifice
1630 1623 1766 1655 exor-

73 1685 266 1730 natum:
321 1683 402 1743 „in
440 1682 533 1729 hoc
573 1681 739 1730 codice
779 1683 1062 1729 continetur
1101 1683 1342 1744 expositio
1382 1681 1571 1730 Donati
1618 1696 1770 1743 super

71 1755 288 1804 Aeneide
338 1754 593 1818 Virgilii“.
682 1758 796 1818 post
849 1757 1242 1817 superscriptum
1296 1756 1515 1818 „Tiberii
1570 1753 1768 1803 Claudii

72 1829 260 1878 Donati
322 1829 384 1877 ad
446 1829 699 1877 Tiberium
765 1828 1030 1878 Claudium
1090 1829 1363 1878 Maximum
1424 1830 1766 1878 Donatianum

71 1903 227 1951 filium
259 1920 402 1952 suum
440 1905 911 1966 interpretationum
934 1903 1331 1967 Virgilianarum
1364 1903 1608 1952 Aeneidos
1638 1903 1769 1952 liber

71 1979 260 2040 primus
292 1978 472 2040 incipit
502 1976 774 2026 foeliciter“
815 1980 1040 2040 sequitur
1070 1979 1214 2041 „illos
1246 1976 1379 2040 qui“.
1442 1980 1608 2026 sextus
1638 1977 1769 2026 liber

72 2055 184 2114 post
228 2051 381 2100 verba
426 2067 694 2113 „ponemus
741 2051 996 2114 exempla“
1046 2069 1088 2100 v.
1124 2053 1254 2113 579,
1294 2052 1611 2100 duodecimus
1650 2054 1768 2114 post

72 2126 170 2187 „sic
209 2128 342 2174 enim
379 2126 470 2173 illa
509 2122 729 2174 dixerat“
767 2142 813 2174 v.
841 2128 942 2174 471
988 2126 1318 2188 abrumpitur.
1389 2127 1513 2175 alias
1552 2126 1767 2175 maiores

28 2191 30 2193 ’
70 2199 272 2248 lacunas
303 2200 513 2248 fortasse
544 2199 857 2260 invenissem,
889 2202 932 2248 si
961 2202 1124 2248 totum
1155 2200 1339 2248 librum
1370 2200 1764 2263 perlustrassem.

73 2289 153 2323 eas
200 2274 380 2336 quibus
427 2273 577 2321 LVR
620 2275 675 2322 in
719 2273 793 2322 IV
830 2273 903 2321 VI
942 2273 1041 2322 VH
1080 2274 1205 2322 VH]
1250 2274 1393 2323 hiant
1438 2275 1519 2322 hic
1565 2290 1766 2336 quoque

0 2347 2 2351 ’
70 2346 240 2409 habet,
287 2348 340 2395 in
377 2347 476 2395 XII
514 2349 793 2410 comparari
830 2349 1017 2410 nequit.
1095 2349 1322 2397 breviora
1367 2348 1624 2409 librarius,
1672 2350 1767 2395 aut

72 2422 225 2470 oculis
265 2421 498 2470 aberrans
539 2423 628 2470 aut
667 2422 785 2483 quia
821 2422 984 2486 legere
1023 2438 1123 2471 non
1162 2424 1333 2485 potuit
1378 2424 1467 2471 aut
1506 2423 1625 2484 quia
1661 2437 1762 2470 non

0 2499 3 2562 ῥ
70 2495 336 2556 intellexit,
385 2497 603 2557 plurima
649 2495 840 2557 omisit,
893 2497 1144 2558 permulta
1190 2497 1271 2544 vel
1314 2502 1499 2544 temere
1545 2497 1767 2544 mutavit

0 2567 3 2576 '
70 2569 150 2617 vel
195 2568 385 2618 mendis
431 2569 751 2630 deformavit,
797 2572 914 2618 sunt
959 2573 1127 2619 autem
1174 2572 1327 2619 etiam
1374 2585 1500 2632 quae
1539 2571 1766 2619 correcta

0 2641 6 2676 '-
70 2643 318 2704 praebeat.
361 2669 429 2676 —
469 2643 661 2692 contuli
697 2642 851 2693 libros
889 2643 963 2691 IV
1000 2643 1048 2691 V
1084 2643 1185 2693 VH
1222 2645 1266 2691 X
1304 2644 1492 2692 Romae
1535 2645 1693 2692 1901.

0 2772 4 2778 ¹
179 2717 652 2766 Malatestianus
682 2715 1011 2766 bibliothecae
1039 2717 1323 2767 Cesenensis
1346 2717 1398 2766 Π
1425 2719 1510 2779 22,
1535 2719 1583 2779 4,
1606 2732 1761 2766 mem-

0 2822 3 2828 ·
69 2787 364 2852 bmacem,
414 2790 647 2840 foliorum
692 2791 794 2839 321
808 2828 821 2853 ,
873 2792 1068 2841 saeculo
1106 2791 1197 2839 XV
1245 2792 1481 2854 scriptus,
1528 2791 1763 2840 Urbinati

0 2878 2 2881 ·
72 2862 234 2912 affinis
273 2879 376 2913 esse
414 2864 625 2913 videtur.
701 2880 834 2925 nam,
872 2865 1070 2914 etiamsi
1107 2867 1160 2913 in
1202 2866 1249 2927 6,
1278 2866 1382 2914 168
1424 2880 1536 2913 cum
1558 2865 1622 2925 V,
1659 2880 1763 2913 non

0 2932 5 2995 J
70 2949 179 2984 cum
210 2937 258 2986 U
288 2939 534 2987 consentit
565 2941 614 2987 et
645 2941 840 2987 sextum
871 2938 1054 2987 librum
1084 2942 1284 3003 praeter
1310 2939 1526 2988 1-157
1557 2939 1761 3002 plenum

1346 3019 1402 3065 ο.
