2014 3226
765 164 1070 209 AENEmos
1101 166 1166 209 iv
1708 171 1813 223 399

126 306 276 351 etiam
326 319 451 365 quae
499 304 711 351 duorum
757 307 954 351 tantum
1002 308 1326 355 conventione
1365 308 1502 356 nullo
1542 312 1667 356 teste
1707 327 1813 370 per-

123 377 369 425 ficiuntur.
428 381 637 425 noverat
676 379 806 425 enim
847 395 942 439 quo
985 395 1160 443 genere
1199 381 1251 426 in
1291 381 1487 429 Aeneae
1527 383 1664 430 velut
1703 399 1813 431 con-

125 451 332 499 sortium
371 452 564 498 venerit
603 453 654 499 et
691 452 819 499 hanc
856 455 1050 513 partem
1083 455 1275 501 munire
1307 455 1562 502 nitebatur
1592 459 1814 504 metuens

123 541 184 572 ne
224 525 318 572 sibi
358 525 634 573 obiceretur
673 525 804 587 quod
842 527 976 574 infra
1006 527 1198 575 Aeneas
1241 528 1426 576 adserit
1458 530 1621 578 dicens
1655 525 1811 596 (338)

78 615 97 646 5
124 613 241 659 „nec
288 600 511 662 coniugis
557 615 794 660 umquam
849 601 1105 661 praetendi
1159 602 1376 650 taedas“.
1455 605 1653 665 incepta
1699 621 1812 651 vero

123 673 472 734 dispositiones
529 675 665 732 sunt,
719 676 776 720 ut
828 674 1056 735 plurimis
1110 674 1230 722 locis
1286 679 1335 722 et
1390 677 1521 738 apud
1572 678 1812 739 plurimos

121 747 303 795 lectum
345 749 434 806 est⁷
479 749 528 794 et
567 746 879 795 definitiones
928 749 1206 795 animorum
1254 750 1558 812 significant,
1606 755 1662 798 ut
1706 753 1811 813 ipse

120 820 371 884 Vergilius
421 816 494 887 (1,
529 815 622 886 37)
672 837 851 882 „mene
898 822 1096 883 incepto
1145 822 1379 870 desistere
1430 823 1684 872 victam‘?“
1763 829 1813 873 et

122 894 387 943 Sallustius
430 889 565 961 (hist.
606 895 631 942 I
674 897 742 943 74
759 889 849 961 M.)
897 911 1044 956 „nam
1082 897 1207 943 talia
1247 899 1468 960 incepta,
1515 900 1567 945 ni
1606 900 1658 945 in
1698 914 1809 946 con-

54 984 97 1016 ιο
121 969 358 1017 sultorem
398 971 685 1035 vertissent,
730 969 1033 1030 reipublicae
1079 973 1267 1031 pestem
1314 971 1551 1019 factura“.
1628 974 1811 1021 multos

119 1043 212 1090 hoc
250 1043 359 1090 loco
398 1043 557 1090 trahit
592 1058 709 1105 pars
748 1043 853 1104 illa,
894 1044 1026 1105 quod
1063 1045 1195 1091 inter
1232 1045 1433 1092 Aenean
1478 1049 1527 1093 et
1566 1046 1810 1094 Didonem

118 1132 250 1164 nova
295 1118 577 1166 coniunctio
625 1117 887 1180 agebatur,
938 1120 987 1165 et
1032 1117 1100 1166 sic
1138 1119 1361 1179 inceptos
1400 1119 1696 1181 hymenaeos
1734 1122 1810 1167 in-

118 1191 364 1255 tellegunt
411 1193 556 1252 quasi
600 1191 786 1240 recenti
831 1195 1054 1253 tempore
1094 1194 1387 1240 contractos.
1466 1193 1597 1254 quod
1637 1196 1811 1242 contra

31 1319 39 1324 ,
119 1266 215 1326 est3
276 1280 390 1312 nam
448 1266 489 1312 si
542 1267 616 1313 ita
672 1268 822 1326 esset,
883 1267 1082 1327 coeptos
1146 1265 1350 1327 diceret,
1412 1283 1509 1314 non
1572 1267 1806 1329 inceptos.

51 1355 95 1387 15
119 1341 250 1387 certe
290 1341 340 1386 et
379 1340 572 1388 animus
612 1339 821 1388 Didonis
859 1339 1195 1401 inspiciendus
1235 1343 1330 1400 est,
1371 1356 1496 1402 quae
1536 1342 1644 1388 vult
1681 1342 1807 1389 illud

118 1413 251 1475 quod
297 1414 484 1475 passim
532 1416 582 1461 et
628 1414 779 1477 vulgo
826 1414 1015 1462 factum
1063 1417 1137 1462 est
1185 1416 1558 1462 matrimonium
1610 1415 1708 1462 dici
1758 1418 1808 1462 et

116 1487 321 1535 Aenean
361 1489 557 1549 quaerit
595 1503 861 1536 consensus
901 1488 1206 1550 praeiudicio
1246 1488 1462 1551 coniugii
1502 1488 1693 1551 legibus
1725 1488 1806 1536 de-

115 1562 287 1610 tinere.
366 1577 452 1610 oro
498 1565 571 1623 te,
620 1562 662 1610 si
706 1562 830 1610 bene
878 1562 1000 1624 quid
1046 1562 1104 1609 de
1150 1564 1199 1609 te
1246 1562 1402 1609 merui
1449 1563 1547 1609 fuit
1585 1566 1674 1610 aut
1712 1562 1807 1610 tibi

116 1635 385 1697 quicquam
441 1635 583 1684 dulce
636 1653 823 1684 meum:
887 1638 936 1684 et
981 1635 1333 1684 beneficiorum
1377 1651 1578 1684 suorum
1626 1639 1676 1684 et
1722 1636 1806 1684 ad-

49 1725 93 1757 so
115 1710 276 1757 fectus
323 1711 685 1758 coniunctionis
732 1710 891 1772 ipsius
937 1711 1248 1772 intellegitur
1284 1709 1507 1774 tetigisse
1546 1711 1804 1758 rationem.

116 1798 203 1831 oro
241 1787 306 1841 te,
345 1785 575 1832 miserere
615 1785 788 1833 domus
827 1784 1062 1832 labentis:
1106 1786 1414 1831 commoveat
1450 1787 1499 1831 te
1538 1783 1806 1844 miseratio,

114 1873 177 1906 ne
221 1873 414 1906 mecum
460 1861 780 1907 consumatur
821 1860 1062 1906 memoria
1099 1858 1313 1905 nominis
1352 1857 1471 1917 mei,
1518 1857 1705 1905 scilicet
1743 1873 1805 1905 ne

113 1931 368 1981 labantem
399 1948 539 1995 spem
572 1948 736 1981 meam
775 1933 1060 1981 adiumento
1098 1932 1175 1979 tui
1215 1931 1464 1979 abscessus
1504 1931 1717 1993 inpellas
1756 1934 1807 1979 et

115 2008 319 2054 sternas.
398 2010 449 2054 et
486 2008 653 2068 istam,
692 2023 794 2068 oro,
833 2007 989 2069 siquis
1029 2006 1188 2053 adhuc
1226 2005 1452 2067 precibus
1491 2005 1643 2065 locuS‚
1685 2020 1805 2053 exue

45 2098 91 2131 25
113 2082 351 2129 mentem:
392 2084 443 2128 et
481 2083 567 2142 sic,
605 2080 791 2143 inquit,
829 2081 1059 2143 plurimis
1097 2094 1234 2142 roge,
1266 2082 1335 2139 ut,
1367 2078 1453 2126 ubi
1493 2078 1653 2126 adhuc
1689 2093 1804 2140 pars

115 2154 286 2216 aliqua
327 2157 543 2218 pectoris
590 2157 670 2204 tui
714 2158 863 2203 vacat
910 2157 1059 2216 atque
1106 2155 1182 2201 est
1228 2154 1445 2215 spatium
1493 2152 1624 2214 quod
1669 2167 1804 2200 meas

113 2243 282 2290 preces
344 2230 580 2292 excipiat,
640 2229 899 2278 indefessis
961 2227 1148 2276 viribus
1209 2241 1386 2290 rogare
1446 2241 1546 2275 non
1606 2241 1802 2274 cessem.

25 2301 31 2343 ἶ
113 2301 241 2350 dixit
279 2318 329 2351 se
369 2303 684 2351 morituram:
722 2306 781 2351 ut
820 2305 986 2351 autern
1026 2301 1255 2350 credatur
1288 2300 1341 2347 id
1371 2315 1515 2362 posse
1549 2303 1599 2347 et
1629 2299 1803 2348 debere

26 2403 27 2406 =
112 2375 360 2438 perficere,
400 2377 524 2425 dicit
562 2392 751 2438 causas,
789 2380 847 2425 ut
877 2377 1071 2424 Aeneas
1111 2389 1371 2423 causarum
1402 2375 1623 2437 ipsarum
1655 2388 1804 2422 causa

25 2601 33 2617 Α,
234 2568 255 2605 1
292 2567 316 2606 ἓ
345 2576 430 2619 pro
462 2564 599 2607 etiam
628 2562 678 2607 L.
831 2566 856 2604 2
892 2561 961 2605 vel
990 2559 1078 2603 LR
1116 2573 1204 2604 om.
1239 2559 1310 2604 ed.
1343 2559 1462 2603 velut
1499 2572 1583 2603 nos
1624 2557 1680 2602 cf.
1716 2561 1799 2602 167

24 2616 34 2630 ²
113 2623 163 2665 et
193 2625 293 2665 338.
402 2626 428 2664 3
459 2623 633 2667 veniret
661 2621 751 2666 LR
780 2620 951 2666 venerit
981 2618 1091 2663 edF.
1205 2623 1234 2662 4
1264 2620 1348 2663 sub
1379 2617 1467 2661 LR
1495 2617 1586 2662 sibi
1615 2632 1638 2660 r
1668 2616 1739 2661 ed.

23 2703 24 2706 ¹
113 2685 142 2725 5
171 2693 298 2725 nunc
329 2694 415 2737 pro
452 2695 535 2726 ‘nec
563 2680 662 2725 LR.
714 2683 721 2738 Ι
775 2679 1005 2737 praecedit
1041 2691 1220 2735 propr
1156 2677 1402 2734 praetendi
1430 2676 1588 2732 LR.1
1643 2676 1802 2720 taedae

113 2753 202 2783 om.
227 2738 314 2783 LR.
341 2740 500 2784 omnia
524 2753 639 2784 corr.
657 2740 766 2784 edF.
860 2742 887 2782 9
918 2739 1138 2783 salustius
1168 2736 1256 2780 LR
1286 2735 1403 2780 alibi
1435 2736 1479 2779 ll.
1573 2738 1718 2778 9-10
1747 2735 1802 2778 m·

111 2799 367 2843 inconsulto
405 2800 688 2844 revertissent
716 2798 804 2842 LR
835 2797 906 2842 ed.
941 2810 1055 2841 corr.
1087 2810 1112 2839 r
1149 2795 1207 2840 cf.
1235 2800 1275 2851 1,
1293 2799 1363 2839 3⁷.
1510 2797 1564 2838 1‘1
1596 2793 1802 2851 ooniuyii

111 2857 200 2901 LR·
229 2863 336 2903 etc.
362 2857 433 2902 ed.
528 2862 584 2902 22
615 2857 1095 2902 meLRmecmnnos
1126 2867 1215 2899 om.
1233 2854 1305 2900 ed.
1397 2858 1454 2897 23
1486 2851 1797 2898 labentemed.

171 2920 231 2959 24
265 2930 457 2974 spernas
492 2917 581 2961 LR
618 2917 689 2961 ed.
729 2922 908 2961 sternas
944 2927 1042 2958 noe.
1191 2918 1248 2958 25
1281 2913 1498 2970 pluribus
1535 2911 1606 2955 ed.
1656 2913 1664 2967 1
1718 2909 1801 2956 ubi

111 2974 201 3019 LR
230 2975 302 3020 ed.
333 2980 387 3020 ut
416 2977 499 3022 ubi
527 2989 626 3020 nos.
748 2978 805 3019 28
836 2974 1061 3021 movitura
1092 2972 1141 3016 L.
1177 2973 1184 3032 Ι
1225 2977 1376 3018 autem
1406 2985 1494 3016 om.
1518 2969 1591 3014 ed.
