2014 3226
742 214 1044 258 AENEIDos
1075 215 1139 257 111
1684 217 1795 268 323

105 358 173 401 ter
207 355 395 414 yuryite
433 357 594 400 vastos
632 354 789 400 sorbet
825 355 875 400 in
910 355 1172 414 abruptum
1202 358 1378 413 fluctus
1408 370 1675 414 rursusque
1706 358 1794 403 sub

104 442 258 475 auras
304 429 443 487 eriyit
487 428 698 475 alte-rues
746 430 788 474 et
832 429 997 475 sidera
1043 429 1262 476 verberat
1303 430 1453 477 unda.
1529 432 1795 491 utrumque

102 501 431 563 perniciosum
462 499 832 564 navigantibus,
866 505 951 548 aut
991 518 1102 549 cum
1142 503 1306 550 sorbet
1338 506 1387 550 et
1418 504 1621 566 navigia
1652 507 1795 550 vorat

104 578 191 623 aut
231 591 340 622 cum
379 577 545 622 ructat
577 577 626 621 et
658 576 844 622 excutit
875 576 927 621 in
961 575 1277 623 altitudinem
1309 592 1480 624 rursus
1514 577 1572 624 de
1603 593 1793 625 summo

57 651 154 697 5111
192 651 293 696 ima
332 648 680 710 praecipitans.
744 648 903 696 dextri
944 665 1138 710 quoque
1170 650 1339 698 lateris
1373 666 1498 711 quae
1531 651 1796 699 metuenda

102 725 202 771 sint
240 725 506 771 monstrat:
545 722 757 783 Scyllam
797 724 950 771 caecis
989 724 1165 771 cohibet
1202 726 1430 783 spelunca
1462 725 1657 773 latebris
1688 739 1776 772 ora
1796 729 1882 768 425

103 800 391 845 eoeerz‘antem
439 801 479 844 ct
523 799 666 844 navis
711 798 766 844 iu
812 811 936 844 saxa
990 799 1266 845 trahentem.
1343 796 1535 858 [pr-ima
1587 799 1797 847 hominis

100 872 250 931 facies
291 874 334 919 et
360 871 567 931 pulchro
598 873 792 931 pectore
823 872 958 930 ciryo
981 873 1114 930 pube
1146 875 1297 926 tenus,
1322 876 1571 931 postrema
1602 874 1795 920 inmani

103 959 298 1006 corpore
327 947 510 1005 pistrix
545 945 828 1004 delphinum
859 946 1044 992 caudas
1075 949 1208 992 utero
1241 948 1494 993 commissa
1525 945 1796 1007 luporum]

34 1034 78 1066 10
101 1019 217 1067 huic
263 1022 524 1080 poetarum
572 1035 707 1067 more
759 1019 971 1066 formam
1026 1021 1235 1067 monstri
1290 1020 1510 1080 aliquam
1565 1020 1797 1084 adsignat

102 1093 330 1142 adserens
372 1109 479 1140 eam
521 1092 788 1154 superioris
830 1094 1050 1154 corporis
1089 1096 1232 1154 parte
1271 1094 1489 1141 humana
1520 1095 1680 1155 specie
1714 1093 1793 1140 de-

100 1167 368 1215 monstrari
406 1166 536 1228 pube
567 1169 710 1214 tenus
742 1166 834 1214 hoc
866 1169 941 1214 est
972 1182 1129 1228 usque
1170 1167 1232 1214 ad
1270 1168 1491 1231 inguina,
1529 1185 1618 1229 pro
1658 1167 1795 1229 pedi-

100 1242 191 1289 bus
247 1242 412 1288 autem
466 1240 647 1288 habere
703 1256 963 1288 saevorum
1018 1242 1310 1288 animalium
1365 1256 1517 1305 genus
1564 1242 1795 1303 luporum

20 1349 31 1356 -
100 1316 300 1363 feritate
349 1317 610 1362 armatum.
690 1315 841 1378 elegit
888 1314 1118 1363 animalis
1166 1317 1397 1362 naturam
1442 1331 1565 1376 quae
1605 1331 1796 1376 semper

23 1403 76 1436 ⁷15
99 1388 284 1436 habeat
327 1390 513 1436 famem
561 1391 609 1436 et
656 1390 831 1436 satiari
877 1405 976 1436 non
1022 1390 1170 1436 norit.
1247 1389 1339 1436 hoc
1394 1405 1510 1452 ergo
1563 1390 1795 1437 emissum

99 1463 296 1527 longius
337 1463 554 1511 adseruit
592 1464 798 1525 navigia
834 1462 1032 1511 trahere
1063 1463 1115 1510 in
1148 1477 1266 1511 saxa
1298 1463 1467 1524 ibique
1500 1463 1792 1525 disperdere.

100 1539 170 1585 816
210 1537 408 1599 quidem
450 1539 599 1599 poeta
636 1538 820 1599 posuit,
853 1539 1070 1585 ceterum
1109 1553 1281 1585 revera
1312 1538 1449 1584 106118
1481 1539 1554 1584 est
1584 1539 1638 1584 in
1669 1538 1795 1584 mari

101 1627 219 1660 saxa
264 1611 449 1659 habens
495 1611 728 1672 latentia,
783 1612 922 1659 cuius
968 1614 1148 1659 natura
1195 1613 1266 1659 sic
1313 1627 1363 1659 se
1409 1611 1581 1671 habet,
1630 1613 1688 1658 ut
1734 1609 1794 1658 de

99 1685 384 1749 longinquis
423 1685 651 1747 partibus
691 1686 896 1749 navigia
934 1686 1117 1747 trahat,
1157 1687 1320 1734 tracta
1358 1686 1573 1732 retineat
1612 1684 1793 1746 asperi-

29 1772 76 1808 so
98 1762 203 1808 tate
257 1775 488 1808 saxorum
542 1762 592 1807 et
644 1761 840 1807 retenta
890 1761 1205 1808 comminuat.
1274 1762 1500 1819 praestat
1546 1758 1795 1806 Trinacrii

98 1837 249 1882 metas
295 1835 505 1881 lustrare
542 1834 764 1894 Pachyni
810 1837 1072 1882 cessantem
1117 1834 1280 1894 louyos
1328 1836 1371 1880 et
1414 1834 1780 1891 circumflectere
1796 1837 1884 1877 430

100 1922 272 1956 cursus
311 1923 459 1967 quam
495 1908 640 1955 semel
676 1908 936 1967 informem
973 1911 1109 1955 vasto
1147 1908 1324 1955 vidisse
1361 1908 1450 1954 sub
1490 1909 1631 1955 antro
1662 1906 1794 1966 Scyl-

98 1982 199 2030 lam
231 1986 274 2030 et
303 1982 538 2030 caeruleis
569 1982 774 2030 canibus
802 1984 1084 2030 resonantia
1115 1995 1264 2029 saaea:
1308 1981 1578 2043 propositis
1609 1981 1794 2028 utrius-

39 2117 44 2120 ·
101 2071 198 2117 que
235 2056 407 2104 lateris
446 2057 594 2104 malis
630 2057 679 2103 et
711 2058 996 2117 conparatis
1027 2055 1216 2104 iudicat
1246 2056 1422 2103 melius
1456 2069 1559 2102 esse
1590 2055 1662 2102 ire
1696 2069 1795 2116 qua

33 2127 76 2194 ᾖ
101 2127 378 2192 Charybdis
433 2132 582 2190 esset,
638 2129 872 2191 quoniam
918 2130 1078 2178 levius
1125 2130 1312 2177 malum
1360 2129 1517 2178 altero
1571 2129 1689 2190 fuit,
1746 2130 1795 2174 et

41 2206 60 2297 Ξ
98 2203 320 2252 laborem
358 2203 523 2253 subire
562 2204 803 2267 longioris
844 2219 1013 2252 cursus
1055 2219 1206 2265 quam
1242 2202 1515 2264 conpendio
1556 2203 1794 2266 navigare

97 2293 188 2340 per
225 2277 446 2340 Scyllam
486 2280 536 2326 et
573 2277 742 2326 videre
783 2293 892 2325 eam
932 2278 1094 2325 semel.
1173 2292 1273 2324 non
1311 2278 1382 2324 sic
1420 2275 1589 2338 posuit
1628 2275 1793 2336 semel,

82 2353 244 2414 ‘quasi
287 2352 447 2401 videri
493 2352 675 2400 iterum
719 2354 888 2414 posset
935 2352 1035 2400 alio
1082 2353 1325 2412 tempore,
1373 2350 1458 2398 sed
1502 2351 1561 2397 ut
1597 2350 1793 2412 plenius

100 2427 396 2488 exprimeret
435 2426 555 2488 quid
595 2427 723 2474 esset
759 2427 814 2474 in
853 2441 912 2474 ea
948 2425 1180 2487 periculi:
1220 2440 1371 2487 quam
1402 2424 1583 2484 nullus,
1614 2422 1793 2484 inquit,

98 2499 280 2548 iterum
317 2500 487 2548 videre
524 2501 715 2562 potest3
753 2501 863 2548 visa
902 2500 1035 2546 enim
1074 2499 1220 2547 evadi
1258 2515 1357 2547 non
1395 2498 1533 2546 valet
1563 2513 1690 2559 quae
1721 2498 1792 2545 816

98 2588 501 2636 unumquemque
561 2575 718 2636 rapit,
778 2575 837 2621 ut
898 2572 1104 2622 occidat.
1180 2576 1460 2633 praetcrea,
1522 2573 1665 2632 siqua
1727 2574 1795 2618 est

218 2733 246 2773 5
277 2743 371 2785 qua
400 2729 443 2773 R
473 2743 588 2787 quae
618 2727 670 2773 τ’.
794 2733 820 2772 6
850 2727 1042 2785 scyllam
1072 2726 1159 2770 LR
1190 2731 1242 2772 at
1271 2726 1340 2772 Sc.
1374 2726 1446 2772 ed.
1488 2727 1495 2783 1
1536 2726 1650 2771 hora
1680 2725 1729 2769 L.

102 2789 126 2830 7
149 2788 384 2843 ,prima—
403 2791 428 2831 9
461 2789 675 2845 luporum
706 2787 839 2831 deest
868 2787 919 2831 in
949 2786 1051 2842 LR,
1083 2786 1165 2831 sed
1197 2785 1471 2843 explicatur.
1566 2789 1621 2828 12
1652 2798 1793 2840 usque

78 2859 188 2889 rom.
222 2846 293 2890 ed.
400 2851 454 2891 15
486 2849 654 2892 habent
682 2846 770 2890 LR
799 2847 965 2891 habeat
994 2859 1078 2890 nos
1108 2845 1241 2890 habet
1271 2845 1342 2890 ed.
1449 2848 1505 2888 16
1535 2843 1794 2900 disperdere

98 2903 188 2948 LR
215 2905 289 2950 vel
320 2906 569 2963 discerpere
599 2906 706 2951 adn.
738 2921 775 2951 r.
899 2909 953 2949 17
985 2906 1030 2949 si
1057 2904 1144 2948 LR
1174 2904 1247 2949 ed.
1277 2905 1345 2949 sic
1373 2917 1472 2947 nos.
1595 2906 1652 2945 20
1687 2902 1791 2946 Tri·

98 2964 254 3009 nam-ii
282 2977 370 3009 om.
403 2964 490 3008 ΕΒ,
521 2965 631 3009 add:
661 2979 698 3010 r.
836 2968 893 3008 26
925 2964 1148 3022 lonyiores
1177 2963 1220 3007 R
1258 2976 1372 3007 corr.
1403 2977 1440 3006 r.
1571 2965 1627 3006 80
1658 2961 1794 3020 evadi

99 3020 187 3066 LR
217 3023 360 3082 effugi
389 3024 462 3069 ed.

1434 3093 1522 3138 21·
