2014 3226
783 177 1085 221 AENEIDOS
1123 178 1138 220 [
1737 176 1806 228 59

117 317 354 378 ostendit,
403 333 488 365 cur
534 318 710 379 plenus
758 334 854 365 non
902 319 1053 364 fuerit
1101 320 1252 365 risus:
1300 318 1579 376 hominum,
1627 318 1805 377 inquit,

118 395 250 439 sator
290 394 439 452 atque
480 391 681 439 deorum
720 392 864 452 plene
903 392 1062 439 ridere
1110 408 1207 439 non
1257 391 1448 450 debuit,
1497 392 1612 451 quia
1659 394 1803 451 turpe

116 465 248 512 istud
288 467 362 512 est
401 466 655 512 hominum
696 466 994 526 deorumque
1034 467 1298 526 imperium
1344 466 1593 512 retinenti.
1673 468 1804 511 certe

117 543 164 586 et
202 539 327 585 illud
365 539 768 601 intellegendum,
799 539 981 586 idcirco
1016 555 1128 586 eum
1160 555 1259 586 non
1292 539 1354 585 ad
1386 540 1590 600 plenum
1620 539 1804 598 risisse,

50 631 91 663 -5
116 629 174 659 ne
214 614 267 659 in
306 613 451 660 malis
493 629 714 673 suorum,
761 613 866 660 filia
913 629 1109 674 quoque
1157 614 1449 660 lacrimante
1491 615 1540 660 et
1579 616 1803 676 gemente

115 688 218 747 ipse
267 703 316 734 se
365 688 583 734 alienum
630 703 660 734 a
702 689 857 735 tantis
899 687 1120 735 cladibus
1163 687 1540 734 demonstraret.
1617 690 1802 747 tempe-

113 762 245 808 ravit
285 776 400 823 ergo
442 761 644 809 dicendo
686 761 959 822 subridens,
991 765 1047 808 ut
1077 765 1269 822 partem
1305 761 1444 808 daret
1477 761 1805 815 Troianorum

113 834 323 895 casibus,
362 838 637 882 reservaret
677 836 901 882 laetitiae
940 837 1133 896 partem
1174 836 1276 882 illis
1320 850 1444 895 quae
1484 835 1648 882 fuerat
1691 851 1802 896 pro-

113 909 366 956 missurus.
444 910 587 956 vultu
628 926 723 970 quo
765 910 957 957 caelum
994 913 1415 971 tempestatesque
1456 912 1671 956 serenat:
1725 925 1802 956 ex-

46 1000 90 1033 ιο
115 981 283 1030 bibens
323 983 476 1030 talem
516 984 710 1030 vultum
748 983 881 1030 filiae
923 984 1120 1045 qualem
1159 983 1308 1031 habet
1350 998 1460 1030 cum
1500 985 1668 1030 omnia
1708 983 1802 1030 ele-

113 1059 278 1103 menta
316 1058 624 1118 tranquillat.
685 1058 853 1105 oscula
892 1057 1072 1105 libavit
1110 1061 1278 1105 natae:
1320 1073 1429 1104 ecce
1470 1057 1607 1104 aliud
1644 1057 1802 1104 bonae

113 1131 218 1191 spei
257 1130 468 1193 signum,
507 1133 561 1178 in
601 1148 697 1193 quo
737 1148 916 1193 parum
954 1133 1051 1179 fuit
1092 1132 1258 1180 osculo
1290 1131 1571 1193 publicasse
1602 1131 1802 1178 benivo-

32 1207 40 1211 '
111 1203 317 1251 lentiam
380 1221 541 1266 suam,
604 1206 702 1253 nisi
755 1206 876 1253 haec
929 1205 1111 1253 iterum
1166 1221 1222 1253 ac
1277 1207 1473 1266 saepius
1535 1205 1801 1266 repetendo

110 1277 328 1326 firmaret
379 1279 510 1340 quod
559 1280 767 1327 internis
820 1280 1043 1328 sensibus
1094 1280 1369 1328 tenebatur.
1448 1279 1623 1327 dehinc
1676 1279 1803 1327 talia

45 1369 87 1403 15
110 1352 265 1399 fatur:
306 1352 481 1401 dehinc
514 1369 625 1401 cum
656 1354 792 1414 dicit,
825 1354 1041 1402 ostendit
1072 1370 1171 1402 non
1203 1355 1389 1402 frustra
1423 1369 1548 1414 quae
1588 1353 1800 1400 diximus

110 1442 213 1473 esse
275 1427 570 1488 praemissa,
633 1428 775 1491 signa
839 1429 1026 1476 scilicet
1086 1444 1211 1490 quae
1267 1429 1473 1475 Veneris
1529 1427 1801 1474 adimerent

110 1503 295 1547 metum
344 1505 392 1548 et
439 1502 566 1550 hanc
613 1502 676 1549 ad
724 1502 1023 1550 audiendum
1061 1506 1191 1550 recte
1232 1506 1579 1564 conponerent.
1649 1516 1802 1561 parce

108 1579 250 1630 metu,
286 1574 531 1635 Cytherea,
563 1581 761 1624 ‘manent
789 1579 974 1625 inmota
1006 1581 1199 1624 tuorum
1230 1578 1339 1637 fata
1370 1577 1478 1624 tibi:
1518 1591 1669 1637 quam
1701 1577 1800 1624 cito

110 1650 383 1697 maerentis·
429 1651 649 1697 animum
704 1651 874 1699 solvit!
969 1650 1146 1713 quodsi
1206 1651 1298 1698 hoc
1361 1651 1522 1698 solum
1583 1650 1800 1711 dixisset,

15 1738 86 1773 mo
112 1721 304 1771 abunde
345 1723 625 1786 suffecerat3
679 1740 796 1772 nam
836 1728 885 1772 et
924 1740 1149 1773 securam
1186 1724 1403 1772 reddidit
1442 1726 1492 1771 et
1530 1724 1655 1771 nihil
1695 1741 1800 1770 mu-

31 1822 33 1828 <
108 1799 269 1843 tatum
317 1797 376 1845 de
424 1798 757 1859 superioribus
804 1800 1061 1860 promissis
1105 1801 1357 1860 expressit.
1436 1798 1521 1847 sed
1559 1798 1674 1846 hnic
1714 1798 1800 1845 dat

108 1874 255 1932 poeta
293 1887 556 1932 personam
593 1874 739 1936 regis,
779 1889 878 1920 non
916 1874 1098 1935 patris;
1153 1873 1212 1920 de
1252 1873 1434 1920 futuris
1483 1874 1616 1920 enim
1662 1872 1800 1934 loqui

110 1947 158 1991 et
204 1944 481 2009 significare
527 1950 739 1994 ventura
785 1963 883 1995 non
930 1949 1028 1995 nisi
1074 1947 1278 1995 deorum
1322 1963 1407 1994 rex
1453 1949 1671 2008 poterat:
1728 1947 1800 1994 ait

34 2011 42 2060 ³.
109 2018 240 2065 enim
285 2035 432 2081 parce
479 2024 615 2068 metu
661 2021 753 2069 hoc
797 2025 872 2069 est
909 2022 1080 2069 timori
1118 2036 1287 2083 parce,
1334 2023 1390 2068 ut
1431 2022 1496 2070 sit
1535 2021 1799 2068 locutionis

66 2110 84 2143 5
109 2107 262 2155 genus
303 2097 352 2141 et
391 2094 713 2158 intellegatur
750 2095 853 2143 noli
891 2096 1080 2143 timere.
1138 2111 1295 2157 usque
1335 2095 1457 2144 adeo
1498 2110 1555 2142 ex
1586 2109 1801 2156 persona

43 2175 46 2176 ’
71 2214 74 2216 ,
108 2165 309 2226 publica
339 2168 536 2216 induxit
566 2169 852 2231 loquentem
877 2169 1060 2231 Iovem,
1085 2172 1144 2217 ut
1170 2169 1480 2231 Cytheream,
1513 2185 1611 2217 non
1642 2168 1800 2216 filiam

109 2239 292 2288 diceret
338 2244 388 2289 et
433 2244 635 2297 tuorum
679 2247 906 2304 poneret,
956 2260 1055 2292 non
1101 2246 1397 2297 nostrorum.
1474 2245 1678 2291 manent
1723 2244 1798 2290 in-

109 2317 245 2362 mota
290 2317 492 2363 tuorum
537 2317 644 2364 fata
690 2317 805 2365 tibi:
861 2334 972 2366 cum
1019 2317 1241 2366 sufficere
1287 2320 1455 2379 posset
1502 2316 1634 2379 quod
1673 2317 1799 2364 dixit

109 2390 311 2437 manent
346 2389 440 2437 tibi
479 2391 608 2452 fata,
653 2394 711 2439 ut
749 2392 956 2440 satiaret
995 2391 1127 2454 quod
1167 2391 1445 2451 adserebat‚
1494 2391 1687 2439 addidit
1723 2393 1799 2438 in-

109 2464 256 2510 mota.
315 2462 492 2525 incipit
523 2466 626 2512 iam
657 2481 943 2514 enumerare
976 2466 1258 2527 specialiter
1289 2465 1422 2527 quod
1453 2466 1622 2513 clausa
1653 2480 1797 2529 gene·

107 2535 308 2584 ralitate
354 2538 669 2599 praedixerat
714 2540 1016 2601 respondens
1061 2539 1124 2589 iis
1172 2555 1367 2602 quoque
1415 2555 1542 2602 quae
1588 2539 1796 2588 Veneris

108 2610 418 2671 querimonia
457 2613 887 2674 conprehenderat.
951 2627 1112 2662 cernes
1150 2614 1319 2662 urbem
1351 2617 1394 2661 et
1414 2615 1662 2674 promissa
1694 2613 1798 2660 La-·

227 2755 254 2794 3
285 2757 348 2796 est
378 2766 465 2796 om.
500 2753 572 2797 ed.
717 2759 743 2797 6
775 2756 926 2810 ipsum
957 2755 1028 2798 ed.
1177 2759 1230 2798 12
1262 2755 1359 2810 spei
1387 2755 1569 2812 siynwn
1601 2753 1687 2796 LR
1711 2767 1798 2810 per

108 2807 328 2867 interpos.
362 2811 480 2855 edFI
502 2827 595 2868 par
626 2813 696 2856 ed.
722 2816 830 2870 post
872 2815 878 2869 1
900 2819 1090 2870 partum-
1122 2813 1209 2857 LR
1232 2814 1303 2858 ed.
1330 2827 1502 2870 parum
1534 2813 1605 2856 ed.
1631 2814 1750 2870 post.
1785 2814 1790 2870 Ι

108 2869 258 2913 osculo
288 2883 377 2914 om.
413 2871 484 2915 ed.
592 2877 644 2915 15
678 2872 839 2917 dehine
869 2887 971 2916 cum
1002 2872 1088 2915 LR
1119 2873 1281 2918 dehine
1313 2885 1401 2916 om.
1435 2872 1508 2916 ed.
1609 2876 1665 2915 20
1695 2874 1795 2926 sut·-

107 2926 281 2980 fecieset
311 2929 383 2973 ed.
516 2934 574 2974 26
607 2930 823 2986 Cytherea
854 2945 950 2975 non
978 2932 1079 2986 filia
1112 2932 1182 2975 ed.
1321 2935 1378 2975 30
1409 2932 1568 2976 clausa
1598 2930 1685 2975 LR
1716 2931 1792 2988 (cf.

109 2989 194 3029 583
225 2987 392 3044 clause)
423 2990 536 3033 mut.
571 2989 680 3035 edF.
803 2995 856 3034 31
886 2995 1077 3047 respons
1106 2991 1167 3036 iis
1197 2990 1295 3035 LR.
