2014 3226
776 157 1078 201 AENEmos
1111 159 1151 201 11
1705 161 1810 211 239

122 299 391 346 obstinatio
441 300 715 359 superetur.
792 300 905 358 post
944 299 1064 346 haee
1105 315 1231 360 quae
1273 302 1442 347 secuta
1482 300 1547 347 sit
1590 316 1683 346 vox
1732 301 1810 347 de-

120 373 290 420 bemus
331 373 560 432 inserere,
599 372 697 418 fuit
736 386 866 431 cara,
906 373 1059 431 utilis,
1099 373 1375 420 necessaria
1416 376 1567 434 atque
1606 374 1811 422 honesta

119 450 169 494 et
223 446 286 494 ad
347 445 741 507 persuadendum
802 445 1226 494 vehementissime
1284 447 1666 495 accommodata.
1753 450 1899 495 35675

111 522 364 580 periturus
411 520 540 575 abis,
589 523 631 566 et
667 533 756 566 nos·
793 534 914 578 rape
951 522 1006 567 in
1045 523 1208 567 onmia
1249 524 1421 575 secura,
1468 523 1548 568 sin
1596 522 1812 580 aliquam

74 611 94 642 5
122 597 343 654 expertus
382 595 588 653 sumptis
627 608 760 652 spem
790 596 940 652 ponis
971 596 1024 640 m
1057 596 1223 650 minis,
1254 595 1380 642 hanc
1403 597 1624 654 primum
1656 599 1814 643 tutare

119 670 325 716 domum.
405 669 483 715 cui
513 681 705 727 parvus
743 667 905 722 Iulus,
945 669 1022 714 cui
1051 672 1197 726 pater
1237 672 1278 715 et
1316 671 1526 716 coniunx
1569 670 1813 728 quondam

119 746 203 789 tua
243 743 371 789 dicta
409 741 691 800 relinquor?
753 741 1024 801 considera,
1065 743 1150 801 ait,
1191 757 1287 803 quo
1327 743 1449 803 loeo,
1491 758 1588 804 quo
1625 744 1690 791 sis
1721 759 1810 791 nos

118 820 339 877 tempore
378 815 654 875 relicturus,
697 817 778 862 0111
817 817 976 862 omnis
1015 816 1236 877 inbellis,
1276 818 1373 864 nisi
1411 817 1627 865 munitos
1667 817 1810 864 dimi-

119 891 261 950 seris,
313 889 603 937 traditurus.
690 904 800 936 eum
855 889 978 936 dicit
1033 891 1132 950 oui,
1187 890 1378 938 hostem
1434 891 1606 952 procul
1661 891 1809 938 dubio

51 982 93 1013 ιο
119 963 377 1027 signifieat.
458 964 581 1011 facit
628 966 794 1010 autem
838 963 1201 1011 ordinationem
1240 978 1560 1025 personarum
1600 965 1811 1012 admira-

118 1038 290 1086 bilem:
329 1038 599 1100 relinques,
637 1038 817 1098 inquit,
856 1036 1018 1084 filium
1056 1054 1279 1099 parvum,
1311 1039 1560 1099 relinques
1600 1039 1810 1086 debilem

116 1115 325 1174 patrem,
363 1113 612 1173 relinques
651 1127 867 1172 uxorem,
901 1127 951 1159 se
990 1113 1140 1159 tertio
1172 1112 1281 1159 1000
1314 1112 1406 1160 hoo
1438 1115 1512 1160 est
1543 1113 1809 1161 novissimo

116 1187 307 1248 posuit3
371 1188 460 1233 aut
513 1186 646 1234 enim
699 1188 812 1247 post
865 1185 1024 1233 filium
1072 1187 1121 1233 et
1166 1188 1360 1247 patrem
1408 1189 1563 1234 amari
1610 1202 1810 1234 uxorem

24 1314 35 1319 -
116 1261 316 1322 putavit
356 1262 444 1308 aut
481 1259 806 1308 verecundiae
847 1275 998 1308 eausa
1037 1260 1202 1307 noluit
1240 1275 1290 1307 se
1330 1276 1632 1322 praeponere
1675 1262 1810 1322 patri

49 1351 92 1384 15
116 1335 195 1382 vel
240 1334 344 1382 filio
393 1336 481 1382 aut
525 1334 577 1380 111
626 1333 938 1382 ordinatione
987 1333 1117 1395 quod
1165 1335 1516 1382 aestimaverat
1553 1335 1718 1396 potius
1756 1336 1809 1381 111
1892 1357 1897 1361 ·

115 1408 314 1456 adfectu
354 1409 487 1470 apud
526 1410 690 1456 virum
729 1407 902 1455 debuit
948 1407 1181 1456 ultimum
1227 1410 1547 1467 constituere,
1594 1423 1655 1455 ne
1700 1424 1807 1469 per-

116 1498 351 1531 sonarum
390 1483 703 1544 sequentium
742 1484 1025 1530 vinceretur
1056 1482 1267 1530 adfectu.
1336 1482 1648 1530 tractabatur
1680 1482 1808 1530 enim

115 1573 176 1604 ne
214 1558 268 1604 in
308 1558 658 1619 captivitatem
695 1558 938 1618 venirent,
977 1557 1030 1603 in
1071 1571 1170 1618 qua
1208 1557 1348 1618 peior
1394 1558 1468 1604 est
1512 1557 1809 1604 feminarum

25 1665 27 1667 ι
115 1631 196 1678 vel
248 1632 462 1678 maxime
516 1632 571 1678 in
625 1645 771 1678 causa
827 1630 1058 1694 coniugii.
1148 1631 1358 1692 denique
1411 1630 1504 1678 hoc
1558 1630 1705 1677 dixit:
1759 1632 1810 1677 et

48 1721 93 1754 20
117 1706 330 1752 coniunx
370 1705 620 1767 quondam
657 1707 748 1752 tua
787 1705 920 1752 dicta
964 1702 1252 1767 relinquor?
1331 1703 1509 1752 abhinc
1554 1720 1677 1752 uxor
1721 1707 1809 1751 tua

117 1794 216 1827 non
256 1795 353 1840 ero,
394 1780 437 1826 si
470 1780 663 1841 'coeptis
701 1780 803 1827 tuis
842 1781 1215 1840 perseveranter
1261 1778 1517 1827 institeris.
1594 1779 1636 1825 si
1682 1779 1808 1839 peri-

117 1855 259 1901 turus
299 1853 422 1914 abis,
462 1855 512 1901 et
548 1868 637 1901 nos
676 1869 796 1915 rape
835 1854 891 1901 in
929 1855 1096 1900 omnia
1133 1855 1327 1913 tecum,
1351 1852 1429 1900 sin
1468 1852 1690 1914 aliquam
1729 1867 1806 1898 ex-

116 1929 287 1988 pertus
327 1928 539 1989 sumptis
579 1941 718 1990 spem
754 1928 900 1989 ponis
939 1928 992 1974 in
1032 1928 1196 1988 armiS,
1228 1926 1355 1974 hane
1393 1927 1610 1987 primum
1639 1927 1807 1973 tutare

119 2000 334 2049 domum.
398 2003 479 2049 cui
515 2017 700 2063 parvus
738 2001 893 2062 Iulus,
925 2002 1005 2049 0111
1042 2003 1188 2062 pater
1225 2003 1276 2048 et
1314 2001 1526 2048 coniunx
1559 1999 1808 2061 quondam

50 2090 94 2124 ²5
116 2078 208 2123 tua
254 2074 389 2123 dicta
433 2074 722 2137 relinquor?
798 2077 843 2123 si
887 2075 1054 2123 taedio
1103 2074 1377 2123 infelicium
1430 2089 1594 2122 rerum
1647 2074 1806 2121 marte

118 2148 340 2210 disponis
381 2149 683 2209 occumbere,
722 2149 871 2198 simul
908 2151 1074 2197 tecum
1111 2163 1377 2212 pergamus
1416 2148 1650 2207 universi,
1681 2162 1807 2194 unus

31 2215 34 2217 ⁵
117 2224 276 2271 exitus
321 2225 517 2285 premat
556 2239 679 2286 quos
704 2223 850 2272 ‘idem
894 2223 1118 2272 devinxit
1162 2221 1408 2282 adfectus,
1455 2223 1546 2270 sit*
1567 2221 1693 2268 felix
1731 2221 1807 2267 in-

71 2325 74 2328 <
115 2298 292 2346 teritus
331 2299 514 2358 noster,
544 2300 616 2359 ut,
648 2314 760 2347 011111
791 2299 950 2346 omnis
983 2297 1313 2358 absumpserit
1344 2297 1515 2356 letum,
1545 2311 1644 2343 non
1676 2297 1807 2342 extet

118 2372 206 2432 qui
259 2372 472 2420 alterum
525 2374 712 2436 gemat,
770 2387 870 2419 non
931 2374 1188 2418 remaneat
1247 2372 1494 2432 superstes
1555 2370 1805 2431 quispiam

237 2561 260 2599 1
293 2561 588 2613 superaretur
618 2556 691 2600 ed.
734 2558 741 2613 1
789 2560 1027 2600 consecuta
1057 2557 1117 2600 sit
1148 2554 1233 2598 LR
1264 2569 1380 2611 quae
1409 2569 1444 2599 c.
1477 2568 1510 2598 s.
1544 2567 1566 2596 r
1596 2566 1711 2609 quae
1739 2566 1804 2597 se·

116 2619 222 2659 cuta
254 2629 287 2660 s.
319 2629 405 2659 nos
435 2615 596 2673 inepte
625 2617 740 2660 mut.
773 2615 845 2660 ed.
968 2619 997 2658 4
1028 2615 1194 2659 abisset
1222 2627 1307 2670 pro
1339 2614 1439 2658 abis
1469 2617 1511 2658 et
1540 2612 1589 2656 L.
1707 2616 1733 2655 6
1765 2617 1807 2656 et

117 2674 236 2719 iwnoe
259 2673 353 2718 LR
384 2688 499 2719 corr.
530 2689 568 2720 r.
670 2679 694 2718 7
727 2688 838 2731 quos
866 2674 939 2718 his
967 2673 1004 2716 L
1036 2686 1123 2730 quo
1153 2674 1219 2718 sis
1248 2673 1296 2716 in
1329 2685 1419 2717 ras.
1452 2671 1505 2716 R.
1581 2675 1624 2717 ,8
1656 2683 1806 2715 omnes

117 2731 206 2776 LR.
234 2747 374 2791 quum
405 2747 556 2779 omnes
578 2747 669 2779 fnos
700 2734 771 2778 ed.
800 2735 807 2790 Ι
840 2733 936 2777 nisi
958 2734 1158 2777 nemitos
1182 2745 1270 2776 om.
1288 2731 1359 2776 ed.
1462 2736 1515 2775 11
1547 2730 1807 2786 relinquens

46 2798 60 2833 φ
116 2793 242 2848 inqu.
259 2791 433 2837 Reorr.
448 2807 485 2838 r.
580 2797 635 2837 15
666 2794 720 2837 in
743 2806 831 2837 om.
850 2791 922 2836 ed.
951 2794 958 2849 Ι
985 2792 1323 2836 ewistimaverat
1353 2790 1424 2835 ed.
1516 2793 1569 2832 17
1595 2789 1805 2843 affectum

39 2851 54 2891 “;
117 2849 161 2894 Β
186 2855 257 2895 -m
287 2864 395 2895 oum
425 2865 514 2896 ras.
532 2851 587 2896 R.
685 2855 740 2896 18
767 2851 898 2908 peior
927 2855 993 2895 est
1021 2849 1058 2894 L
1083 2851 1282 2907 peiorem
1312 2849 1355 2893 R
1385 2848 1500 2906 (scil.
1534 2846 1804 2904 eaptivitas)

45 2918 51 2947 ἐ
110 2922 160 2965 p.
185 2922 220 2954 e.
244 2910 451 2956 condicio
482 2910 553 2956 ed.
655 2914 712 2955 20
742 2911 820 2955 cui
841 2909 878 2953 L
903 2909 974 2954 ed.
1000 2909 1084 2954 diu
1107 2909 1150 2953 R·
1179 2909 1303 2954 dicta
1334 2922 1447 2952 corr.
1473 2907 1575 2964 ipse
1605 2905 1678 2950 vel
1707 2920 1742 2950 r.

47 2976 51 3008 ξ
118 2971 174 3011 22
207 2968 338 3013 abhis
367 2969 467 3015 LR.
591 2974 646 3014 25
678 2969 841 3014 marite
870 2968 959 3012 LR
989 2970 1124 3013 morti
1153 2968 1223 3012 ed.
1256 2973 1400 3012 marte
1430 2966 1474 3010 Η
1505 2979 1603 3010 nos.

28 2538 51 2781 „ww-
32 2504 37 2515 ··
