2014 3226
799 130 1143 175 PRAEFATIO
1736 131 1820 174 XV

125 276 230 335 ipse
270 274 473 335 profert.
550 274 649 319 iam
694 273 780 332 qui
819 271 941 318 mihi
981 270 1313 319 assentientur
1351 287 1412 318 ne
1450 271 1578 319 illud
1622 271 1820 333 quidem

128 346 524 409 aspernabuntur
564 346 695 406 quod
734 347 787 392 in
826 345 996 392 libello
1036 360 1145 392 meo
1186 346 1463 406 suspicatus
1500 361 1622 406 sum,
1655 345 1820 393 Dona-

125 425 247 480 tum,
289 422 377 481 qui
417 436 527 468 cum
568 420 680 466 aliis
720 420 841 467 locis
881 422 989 466 tum
1028 419 1078 466 in
1116 420 1367 481 prooemio
1399 420 1657 466 inimicum
1688 435 1738 468 se
1771 422 1821 467 et

128 497 518 555 contemptorem
559 494 998 556 grammaticorum
1031 495 1080 539 et
1110 494 1464 556 magistrorum
1496 495 1545 540 et
1578 508 1820 540 commen-

127 571 348 617 tatorum
387 567 695 630 profiteatur,
732 566 894 614 verbis
934 569 987 614 in
1025 566 1270 628 principio
1310 568 1487 628 positis
1527 568 1670 628 „post
1706 567 1820 615 illos

127 669 197 676 —-
237 640 526 704 reliquisse“
582 641 792 689 fortasse
846 640 1072 688 Servium
1124 642 1507 703 grammaticum
1562 643 1612 687 et
1663 643 1819 705 magi·

128 720 284 764 strum
345 715 479 763 urbis
543 718 593 762 et
654 715 1122 762 commentariorum
1185 717 1475 776 scriptorem
1546 715 1819 763 denotasse.

128 790 305 853 quodsi
344 805 455 837 cum
496 788 676 836 codicis
717 789 1008 853 Reginensis
1050 791 1343 850 correctore,
1392 790 1479 851 qui
1527 791 1701 850 quanti
1748 790 1821 836 fa-

128 864 327 912 ciendus
376 865 441 912 sit
487 863 619 910 infra
667 879 930 925 exponam,
985 864 1038 909 in
1084 864 1330 924 principio
1376 864 1620 924 prooemii
1666 862 1819 923 „tibi“

127 954 217 999 pro
257 937 438 998 „mihi“
478 937 642 1000 legere
681 937 900 998 placeat,
939 953 1015 984 res
1055 937 1128 984 ita
1168 952 1217 984 se
1256 937 1436 985 habere
1476 937 1725 998 videatur,
1764 940 1823 984 ut

126 1012 352 1059 Donatus
392 1026 552 1070 senex,
594 1026 707 1058 cum
745 1011 903 1058 filium
944 1026 1090 1059 suum
1128 1012 1340 1058 tironem
1380 1012 1432 1058 in
1470 1012 1701 1074 magistri
1742 1027 1821 1058 ur-

130 1087 201 1133 bis
251 1085 418 1134 schola
464 1101 643 1146 parum
692 1085 755 1133 ad
793 1085 1073 1149 Vergilium
1119 1084 1508 1148 intellegendum
1554 1086 1822 1147 profecisse

129 1161 455 1223 cognovisset,
495 1161 596 1207 suis
634 1158 1133 1222 interpretationibus
1175 1151 1409 1207 damnum
1440 1161 1678 1207 resarcire
1709 1174 1822 1207 con-

128 1234 348 1282 stituerit
385 1249 474 1281 nec
512 1249 649 1280 more
689 1235 886 1281 tantum
923 1236 1148 1281 veterum
1187 1234 1239 1280 in
1278 1233 1418 1281 libris
1459 1233 1733 1293 didacticis‚
1764 1236 1823 1281 ut

127 1325 172 1355 v.
199 1308 243 1356 d.
269 1307 474 1356 Hoeven
505 1324 551 1370 p.
581 1301 673 1355 35¹
711 1310 874 1369 putat,
915 1307 999 1355 sed
1038 1307 1130 1355 hac
1169 1309 1374 1369 propria
1411 1309 1605 1355 ratione
1646 1307 1822 1355 ductus

128 1382 190 1431 ad
236 1381 396 1429 filium
444 1382 708 1444 scripserit.
787 1382 911 1428 mihi
960 1381 1160 1443 quidem
1209 1383 1295 1443 qui
1343 1397 1537 1430 omnem
1576 1381 1824 1429 scribendi

128 1471 331 1504 causam
378 1455 440 1503 ab
486 1455 766 1504 instruendi
810 1455 904 1503 filii
948 1457 1242 1504 necessitate
1288 1455 1418 1518 petit
1454 1456 1542 1504 illo
1582 1455 1823 1518 prooemii

127 1531 235 1578 loco
274 1546 374 1578 non
414 1532 764 1577 convenienter
802 1529 862 1578 de
901 1531 1003 1578 suis
1041 1531 1203 1594 magis
1243 1545 1394 1592 quam
1434 1529 1492 1578 de
1531 1529 1625 1578 filii
1656 1530 1822 1578 docto-

127 1605 263 1652 ribus
297 1605 517 1667 cogitare
548 1604 760 1651 videtur.
824 1606 1041 1652 ceterum
1073 1620 1172 1652 non
1203 1605 1352 1652 nimis
1383 1604 1476 1651 hoc
1506 1605 1649 1666 pensi
1680 1603 1824 1665 duco,

129 1678 394 1726 dummodo
426 1678 679 1726 Donatum
712 1676 875 1725 Servii
914 1680 1294 1726 commentarios
1335 1680 1559 1742 cognitos
1590 1677 1823 1726 habuisse

129 1752 447 1812 concedatur,
502 1768 563 1799 ne
620 1753 730 1813 quis
784 1752 912 1799 forte
968 1768 1081 1800 eum
1132 1755 1247 1800 ante
1295 1751 1523 1800 Servium
1570 1751 1823 1814 scripsisse

128 1828 373 1888 opinetur.
450 1827 696 1874 iuniorem
743 1841 856 1873 eum
902 1827 1054 1874 fuisse
1102 1827 1377 1875 necessario
1425 1829 1734 1888 sequeretur,
1781 1827 1825 1874 si

126 1915 302 1948 verum
356 1902 484 1948 esset
540 1899 671 1961 quod
723 1899 1004 1964 Wagnerus
1058 1900 1117 1947 de
1172 1900 1381 1965 vulgata
1436 1903 1486 1948 et
1538 1901 1825 1948 Donatiana

127 1989 299 2022 versus
335 1975 419 2035 12,
444 1975 550 2022 412
592 1974 805 2022 lectione
846 1974 1129 2022 adnotavit:
1170 1974 1325 2037 „illud
1365 1975 1564 2036 quidem
1598 1975 1701 2023 fere
1731 1989 1823 2037 pro

129 2050 263 2096 certo
310 2047 483 2095 haberi
529 2051 717 2110 potest,
763 2063 876 2096 cum
921 2050 1027 2096 tam
1073 2049 1408 2097 memorabilis
1463 2048 1823 2111 discrepantiae

129 2122 270 2169 nulla
310 2122 446 2170 facta
484 2123 551 2170 sit
588 2122 775 2171 mentio
817 2122 951 2184 apud
992 2121 1240 2183 Servium,
1285 2123 1413 2171 hanc
1450 2125 1614 2185 ipsam
1651 2123 1823 2170 lectio—

128 2211 242 2243 nem
283 2191 412 2257 ‘ipsa
449 2212 601 2243 manu
626 2235 637 2245 .
665 2234 674 2243 .
703 2234 712 2242 .
738 2193 966 2244 Dictaea'
1002 2212 1107 2245 esse
1141 2197 1231 2245 illo
1272 2191 1327 2263 (i.
1353 2214 1393 2245 e.
1421 2191 1618 2261 Servio)
1657 2211 1822 2245 recen-

128 2268 352 2317 tiorem“.
415 2269 501 2317 sed
538 2270 664 2318 mihi
693 2270 921 2318 Donatus
960 2271 1178 2334 genuina
1215 2272 1388 2333 potius
1410 2271 1627 2334 Vergilii
1658 2270 1824 2332 verba,

128 2358 226 2390 non
275 2342 336 2391 ab
385 2343 553 2405 aliquo
599 2345 871 2392 recentiore
919 2344 1128 2393 conficta
1171 2360 1391 2393 servasse
1430 2345 1649 2406 videtur,
1690 2346 1822 2407 quia,

128 2419 185 2464 ut
222 2417 324 2464 iam
362 2417 587 2479 Heynius
626 2418 887 2478 iudicavit,
926 2418 1265 2467 Donatianam
1303 2419 1567 2467 lectionem
1606 2419 1824 2468 orationi

130 2493 352 2552 poeticae
390 2491 548 2540 multo
587 2494 748 2556 magis
789 2494 1050 2541 convenire
1088 2495 1225 2555 puto.
1303 2495 1353 2540 et
1393 2493 1629 2555 quoniam
1675 2507 1822 2541 senex

128 2564 564 2626 interpretationes
611 2580 726 2615 suas
771 2566 1006 2628 confecit,
1051 2566 1179 2614 nihil
1218 2567 1384 2615 obstat
1422 2568 1544 2629 quin
1581 2569 1704 2615 natu
1742 2566 1823 2614 vel

129 2639 290 2686 maior
337 2637 508 2687 Servio
563 2639 716 2688 fuisse
772 2641 1102 2689 existimetur:
1165 2640 1322 2689 aetati
1370 2640 1640 2689 Servianae
1691 2643 1823 2688 certe

131 2711 480 2761 adscribendus
521 2715 608 2761 est.

241 2785 516 2835 Duodecim
568 2786 815 2836 Aeneidos
875 2787 1030 2836 libros
1090 2787 1301 2836 totidem
1352 2789 1823 2850 interpretationum

129 2858 270 2907 libris
309 2860 701 2923 comprehendit3
754 2877 926 2909 verum
964 2864 1022 2910 ut
1060 2861 1119 2910 de
1157 2861 1381 2924 personis
1421 2877 1620 2924 quoque
1661 2865 1711 2910 et
1747 2878 1822 2910 re-

130 2932 220 2980 bus
258 2934 312 2981 in
342 2933 562 2982 Aeneide
601 2935 974 2984 occurrentibus
1011 2935 1145 2985 filius
1183 2937 1379 2998 „patrio
1417 2937 1586 2999 potius
1623 2933 1822 2984 labore“
