2014 3226
186 205 295 257 390
653 203 884 247 DONATI
914 203 1193 247 INTERPR.
1227 203 1404 247 VERG.

185 345 402 392 debetur:
458 346 601 406 certe,
641 345 820 404 inquit,
861 345 903 389 si
942 343 1064 390 adeo
1107 345 1376 391 contemnis
1416 343 1691 391 utilitatem
1736 346 1874 391 tuam

185 422 235 466 et
266 420 522 466 tantarum
553 433 718 464 rerum
751 417 962 480 gloriam
994 419 1198 478 spernis,
1231 418 1564 478 expergiscere
1605 418 1874 479 aliquando

185 495 235 540 et
274 492 435 541 officio
469 491 646 538 saltem
678 493 915 552 paternae
947 492 1153 551 pietatis
1187 491 1469 538 admonitus
1503 491 1582 538 vel
1613 491 1687 538 fili
1717 493 1874 552 partis

182 567 552 626 utilitatemque
585 565 848 626 perpende.
903 563 1129 611 debitum
1161 566 1236 612 est
1267 565 1443 612 Italiae
1476 565 1740 626 imperium
1770 564 1873 614 filio

182 643 291 700 tuo,
339 655 437 686 non
485 638 629 686 debet
675 640 835 700 perire
882 654 971 699 per
1016 641 1064 686 te
1114 638 1246 699 quod
1292 654 1390 686 non
1437 640 1535 686 nisi
1580 654 1669 700 per
1714 641 1763 686 te
1812 639 1874 686 ad
1922 657 1941 688 5

182 716 346 775 ipsum
384 715 550 774 potest
585 712 886 759 hereditario
925 713 1031 760 iure
1063 712 1288 760 transire.
1362 710 1481 773 [tati
1516 712 1761 773 Cyllenius
1796 727 1876 760 ore

184 786 396 847 loeutus]
440 786 660 834 mortalis
712 787 848 834 visus
901 786 1054 833 medio
1108 800 1324 833 sermone
1373 787 1590 846 reliquit:
1650 802 1748 834 non
1795 802 1874 834 ex-

180 862 402 923 pectavit
448 875 738 921 responsum
785 860 1081 920 Mercurius,
1129 859 1214 907 sed
1264 859 1413 906 finem
1459 861 1560 908 suis
1600 860 1762 908 verbis
1801 862 1874 908 in-

180 951 366 996 ponens
400 937 514 981 ante
547 934 785 981 discessit.
849 934 1039 982 medius
1081 950 1239 982 sermo
1281 934 1535 994 dividitur,
1571 934 1655 996 qui
1695 935 1872 982 exoriri

179 1011 346 1070 potest
384 1009 516 1055 inter
554 1008 677 1055 duos
717 1008 797 1056 vel
836 1008 1011 1070 pluris,
1052 1024 1163 1055 cum
1202 1007 1298 1056 sibi
1337 1009 1552 1056 invicem
1590 1009 1875 1070 proponunt
1901 1027 1942 1058 10

139 1068 490 1143 ⁴invicemque
537 1081 849 1144 respondent.
927 1082 1019 1130 hoc
1065 1081 1174 1130 fieri
1219 1082 1492 1130 Mercurius
1547 1097 1645 1130 non
1699 1097 1873 1143 passus

180 1158 275 1215 est,
316 1172 414 1204 non
455 1157 588 1202 6111111
627 1155 690 1203 ad
728 1156 823 1203 hoc
861 1156 1025 1203 fuerat
1064 1158 1258 1216 missus,
1290 1159 1347 1203 ut
1379 1158 1592 1218 peractis
1624 1155 1873 1204 mandatis

179 1230 385 1278 referret
426 1231 578 1277 etiam
616 1231 723 1291 ipse
761 1245 1068 1291 responsum.
1147 1230 1279 1291 quod
1318 1231 1475 1292 igitur
1514 1245 1616 1278 esse
1656 1229 1871 1277 medium

178 1305 342 1366 potuit
390 1304 581 1351 dimisit
629 1306 678 1351 et
725 1303 984 1363 abscessit,
1032 1304 1111 1351 vel
1150 1306 1364 1351 maxime
1406 1306 1544 1365 quia,
1592 1306 1634 1351 si
1683 1304 1873 1364 aliquid

180 1377 240 1426 ab
280 1378 449 1426 Aenea
494 1378 648 1425 vellet
694 1377 887 1438 audire,
934 1379 1193 1440 vigilantis
1241 1393 1336 1425 vox
1377 1379 1543 1425 fuerat
1581 1378 1872 1439 necessaria,
1899 1394 1940 1426 15

179 1468 329 1513 quam
389 1452 593 1499 mortali
652 1467 751 1499 non
819 1452 964 1499 licuit
1025 1451 1205 1499 habere
1269 1467 1380 1499 cum
1442 1451 1547 1498 deo.
1637 1451 1768 1513 quod
1830 1453 1872 1499 si

177 1526 284 1574 fieri
330 1526 433 1573 ullo
472 1526 619 1574 modo
660 1526 923 1586 sineretur,
972 1525 1233 1574 adsisteret
1271 1526 1463 1574 Aeneas
1503 1525 1730 1588 partibus
1769 1526 1870 1573 suis

178 1599 458 1662 diceretque
491 1615 542 1648 se
573 1600 805 1647 uxorium
836 1615 934 1647 non
968 1615 1086 1660 esse,
1119 1602 1293 1662 utpote
1327 1601 1413 1661 qui
1443 1601 1635 1648 nullam
1666 1599 1872 1647 haberet

177 1691 399 1736 uxorem,
447 1674 623 1722 hiemis
671 1689 819 1722 causa
863 1674 1066 1721 interim
1113 1673 1247 1735 apud
1289 1672 1639 1736 Carthaginem
1677 1689 1879 1731 remam⁴>

177 1749 298 1797 sisse
339 1713 587 1830 qliassatis
627 1747 836 1796 navibus
877 1750 927 1795 et
964 1747 1185 1796 nondum
1225 1747 1510 1809 conpositis,
1543 1747 1701 1795 adhuc
1733 1747 1871 1796 navi·
1896 1765 1940 1796 20

176 1822 329 1885 gandi
375 1821 569 1884 copiam
615 1838 715 1870 non
761 1822 963 1883 habere,
1011 1822 1150 1869 nulla
1198 1837 1289 1884 ope
1330 1837 1419 1869 sua
1458 1823 1624 1869 iuvari
1667 1820 1870 1869 Cartha-

177 1897 366 1959 ginem,
412 1895 515 1943 filio
565 1912 761 1957 quoque
799 1895 1041 1944 Iunonem
1086 1895 1331 1956 invidere,
1370 1912 1469 1943 non
1509 1911 1581 1958 86,
1629 1896 1681 1942 vi
1719 1896 1870 1943 maris

177 1969 242 2016 ad
275 1968 639 2033 Carthaginem,
670 1986 772 2017 non
809 1970 1067 2018 voluntate
1100 1970 1409 2032 conpulsum,
1443 1985 1553 2017 cum
1584 1970 1687 2016 iam
1716 1984 1871 2031 prope

175 2045 428 2091 teneretur
465 2043 640 2104 Italia,
678 2043 806 2091 nihil
845 2059 896 2092 se
935 2047 1138 2104 struere,
1175 2044 1269 2092 hoc
1299 2046 1384 2091 est
1422 2043 1547 2091 nihil
1586 2043 1754 2091 moliri
1792 2043 1871 2091 vel

177 2117 458 2179 disponere,
507 2117 638 2178 quod
684 2118 759 2166 fili
805 2117 1074 2166 commodis
1123 2117 1346 2166 obstaret
1385 2120 1473 2165 aut
1512 2118 1614 2165 suis
1655 2110 1869 2183 (struere
1894 2133 1938 2166 25
1983 2150 1984 2153 =

175 2190 376 2252 disponi
429 2193 578 2252 atque
633 2193 842 2240 tractari
895 2191 1174 2256 significare
1224 2191 1546 2240 manifestum
1599 2192 1695 2250 est,
1752 2192 1871 2252 quia

177 2265 278 2314 alio
317 2265 424 2313 loco
465 2265 654 2313 dictum
693 2268 768 2314 est
808 2259 880 2332 (8,
910 2259 1002 2332 15)
1043 2265 1195 2328 „quid
1233 2267 1398 2314 struat
1435 2266 1512 2313 his
1553 2262 1784 2327 coeptis“,
1817 2264 1872 2313 id

298 2425 320 2463 1
362 2420 579 2464 debentur
617 2421 688 2464 ed.
843 2425 868 2464 6
908 2422 995 2465 tali
1013 2448 1065 2452 —
1087 2425 1111 2464 ’7
1152 2421 1328 2466 loeutus
1375 2421 1506 2464 deest
1545 2420 1594 2463 in
1635 2420 1721 2462 LR
1760 2419 1867 2463 add.

176 2479 247 2523 ed.
289 2479 336 2522 et
374 2478 600 2536 explicari
638 2479 836 2525 videtur.
1021 2484 1074 2524 11
1116 2481 1411 2537 induce-mque
1442 2479 1477 2523 L
1516 2479 1798 2534 iudicemque
1827 2479 1870 2522 R
1960 2483 1981 2522 ’ἁ

176 2551 290 2582 corr.
323 2553 357 2581 r.
410 2540 415 2594 Ι
471 2539 722 2583 moriturus
757 2539 794 2582 L
835 2540 1102 2584 Mercurius
1140 2553 1365 2596 superscr.
1404 2552 1528 2582 man.
1569 2551 1659 2582 rec.
1699 2542 1870 2582 mortu·
1973 2548 1994 2597 5¹

173 2611 256 2641 rus
286 2597 328 2640 R
357 2598 609 2642 mercurius
638 2612 673 2642 r.
836 2603 891 2641 14
918 2600 1072 2654 potuit
1107 2603 1125 2641 t
1156 2598 1389 2655 expuncta
1422 2599 1470 2642 et
1499 2611 1522 2641 s
1552 2597 1871 2654 superscripta
1965 2602 1994 2641 g,

175 2656 211 2698 L
242 2657 403 2713 posuit
431 2656 474 2699 R
504 2657 660 2712 potuit
689 2671 724 2700 r.
776 2660 782 2713 Ι
839 2658 1046 2714 deposuit
1085 2659 1195 2702 ante
1225 2658 1402 2701 dimisit
1431 2655 1646 2713 interpol.
1673 2655 1718 2699 H
1749 2656 1821 2699 ed.
1857 2655 1863 2715 Ι

174 2717 286 2772 quia
314 2717 359 2760 si
389 2715 424 2758 L
464 2716 599 2772 quasi
627 2715 669 2758 R
707 2716 818 2772 quia
851 2717 894 2760 si
931 2731 966 2760 r.
1144 2721 1198 2760 15
1229 2716 1354 2760 vellit
1383 2715 1433 2760 L.
1484 2718 1490 2772 Ι
1546 2716 1765 2773 viyilanti
1794 2714 1866 2759 ed.

296 2779 349 2818 17
381 2775 605 2818 sineretur
635 2774 721 2817 LR
746 2776 1082 2830 permitteretur
1113 2775 1184 2819 ed.
1243 2777 1248 2831 Ι
1314 2775 1532 2819 adsistere
1561 2774 1649 2817 LR
1679 2774 1750 2818 ed
1783 2774 1864 2817 ad·
1965 2821 1970 2827 ,

93 2884 100 2889 ,
171 2834 347 2878 sisteret
382 2847 416 2877 r.
477 2836 482 2887 1
541 2834 742 2878 Aeneam
781 2834 852 2878 ed..
1038 2839 1092 2878 18
1132 2835 1380 2890 diceretque
1417 2833 1505 2876 LR
1542 2847 1626 2889 que
1670 2846 1757 2876 om.
1792 2831 1864 2877 ed.
1941 2859 1993 2883 Νη

111 2891 117 2896 ’
295 2897 348 2935 22
389 2906 484 2937 non
521 2905 566 2936 se
597 2892 684 2935 LR
722 2898 763 2936 et
800 2907 846 2936 se
885 2893 957 2936 ed.
1141 2897 1196 2937 26
1229 2893 1415 2949 disponi
1444 2892 1479 2935 L
1519 2892 1796 2948 disponendi
1823 2891 1867 2934 R

173 2950 412 3008 disponere
442 2965 477 2994 1.
514 2954 520 3008 Ι
571 2951 765 2996 tractari
795 2951 882 2994 LR
914 2966 980 2996 -re
1010 2967 1046 2995 r.
1183 2956 1237 2996 27
1271 2952 1376 3008 quis
1405 2952 1606 2996 distruat
1636 2950 1724 2994 ΕΒ,
1752 2950 1867 3006 quid

171 3014 323 3055 struat
359 3025 394 3054 r.
