2014 3226
766 165 1069 209 AENEIDos
1102 166 1165 209 111
1711 168 1819 221 335

125 308 332 369 possint.
409 308 645 367 procurat
692 307 796 353 eius
843 307 1264 367 tranquillitatem
1313 307 1527 355 altitudo
1576 324 1820 368 saxorum,

127 396 253 442 quae
307 382 360 427 in
414 380 615 427 modum
678 379 994 427 brachiorum
1057 382 1306 442 utrimque
1367 382 1589 442 proiecta
1648 385 1821 430 contra

124 454 367 516 procellas
415 456 464 500 et
510 454 732 501 turbines
780 453 921 515 quasi
970 453 1204 502 adversus
1247 454 1402 503 hostis
1441 472 1640 502 murum
1679 472 1820 517 prae-

126 530 275 576 stant.
338 528 623 590 refugitque
663 527 725 574 ab
766 528 912 574 litore
951 528 1216 589 templum:
1257 530 1541 577 constitutis
1580 531 1633 576 in
1671 533 1820 591 portu

78 618 99 650 5
125 602 295 650 eodem
333 602 578 662 templum
616 617 715 649 non
756 603 986 663 apparet3
1039 601 1393 650 obsistentibus
1433 605 1564 651 enim
1604 604 1820 665 scopulis

124 677 175 723 in
213 677 494 723 inmensum
533 675 695 723 ductis
735 675 896 723 videri
933 691 1032 723 non
1070 678 1248 736 potest.
1326 680 1553 736 quattuor
1589 678 1678 732 hie,
1717 680 1820 737 pri-

122 765 256 797 mwm
296 764 445 805 omen,
488 763 630 809 equos
667 751 722 796 in
756 751 980 809 yramine
1018 751 1119 796 vidi
1159 751 1395 798 tondewtis
1434 766 1659 810 eampum
1702 752 1820 799 late:

125 825 398 886 speciosum
449 823 680 871 dictionis
729 839 904 887 genus3
960 839 1058 870 non
1098 823 1229 871 enim
1269 824 1395 871 dixit
1433 825 1537 872 vidi
1577 840 1727 886 equos
1766 826 1819 872 in

125 913 299 959 campo
339 897 583 946 latissimo
625 913 829 962 gramen
867 897 1134 957 tondentis,
1174 898 1259 945 sed
1298 898 1416 959 vidi⁷
1455 898 1634 960 inquit,
1666 915 1819 961 equos

57 988 100 1021 10
124 973 176 1019 in
223 973 447 1035 gra-mine
493 971 746 1020 tondentis
796 987 1025 1032 campum
1080 972 1401 1032 latissimum,
1459 975 1508 1019 et
1563 988 1674 1020 cum
1719 990 1819 1021 non

124 1046 247 1094 dicit
301 1045 479 1107 quibus
535 1046 646 1093 aliis
692 1045 858 1094 herbis
905 1047 1245 1107 pascerentur,
1301 1046 1515 1094 ostendit
1562 1047 1668 1095 sola
1713 1047 1819 1094 illic

124 1121 351 1183 gramina
381 1121 546 1167 fuisse.
611 1121 820 1168 candore
849 1120 1031 1167 nivali:
1069 1134 1178 1168 ecce
1217 1120 1270 1167 in
1310 1121 1449 1182 equis
1489 1120 1622 1182 quod
1653 1123 1819 1168 omnia

125 1196 362 1255 quattuor
415 1194 614 1242 fuerant
669 1196 718 1241 et
773 1194 951 1242 coloris
1004 1193 1159 1254 nivei,
1218 1193 1478 1241 constituti
1529 1195 1581 1241 in
1635 1210 1819 1258 magna

28 1318 40 1325 ,
124 1267 390 1316 alim0niae
437 1267 718 1316 substantia
765 1270 815 1316 et
859 1268 968 1315 lata
1011 1268 1065 1315 in
1110 1267 1337 1316 ubertate
1392 1283 1690 1330 camporum.
1769 1273 1819 1316 at

56 1359 98 1391 15
113 1345 260 1402 pater
297 1341 534 1390 Anchises
581 1342 778 1398 bellum,
825 1356 851 1389 0
899 1346 1030 1389 ter-ra
1076 1343 1288 1402 hospita,
1326 1346 1522 1402 portaS,
1568 1342 1686 1389 bello
1727 1358 1806 1390 ar·
1820 1347 1908 1386 540

121 1419 322 1464 mantur
361 1418 483 1476 equi,
531 1417 707 1464 bellum
752 1417 869 1464 haec
915 1419 1137 1464 armenta
1181 1418 1458 1464 minantur:
1517 1419 1683 1477 pater,
1730 1418 1817 1477 ait,

122 1506 260 1539 meus
306 1489 548 1538 Anchises
603 1489 788 1538 fiducia
843 1490 1079 1538 scientiae
1134 1505 1251 1538 suae
1304 1506 1419 1537 mox
1471 1491 1819 1551 pronuntiavit

123 1580 364 1626 equorum
415 1566 579 1612 visum
633 1564 766 1612 bella
819 1564 1112 1626 portendere
1166 1564 1258 1612 hac
1320 1565 1623 1625 coniectura,
1687 1565 1818 1626 quod

123 1639 262 1700 equis
302 1640 445 1686 eatur
484 1639 547 1686 ad
584 1638 788 1687 bellum.
852 1637 1161 1686 confirmatio
1203 1637 1494 1686 adsertionis
1532 1639 1690 1700 ipsius
1721 1638 1818 1686 fuit

56 1728 100 1761 so
123 1715 172 1760 et
217 1713 508 1774 plenissima
552 1713 897 1774 pronuntiatio
946 1728 1044 1774 qua
1095 1712 1296 1760 additur
1347 1711 1554 1772 bellum,
1609 1727 1637 1760 o
1684 1714 1819 1760 terra

121 1786 336 1848 hospita,
374 1789 559 1848 portas,
591 1787 722 1835 bello
763 1789 1022 1834 armantur
1060 1787 1189 1848 equi,
1223 1786 1409 1833 bellum
1439 1786 1561 1835 haec
1593 1789 1818 1833 armenta

121 1861 389 1908 minantur.
465 1860 674 1910 ridicule
719 1861 802 1910 hic
849 1861 1053 1922 quidam
1101 1861 1352 1908 coniciunt
1401 1859 1534 1922 quod
1579 1860 1819 1908 Anchises

123 1935 346 1996 exemplo
403 1936 522 1997 equi·
574 1935 751 1983 ductus
804 1951 894 1997 per
939 1950 1087 1996 quem
1132 1934 1282 1996 periit
1327 1935 1595 1996 imperium
1641 1933 1818 1982 Troiae

24 2027 28 2052 -;
121 2009 522 2071 pronuntiaverit
562 2024 715 2071 equos
753 2011 877 2057 istos
915 2009 1103 2056 bellum
1144 2007 1434 2071 significare.
1513 2007 1597 2055 sed
1635 2007 1816 2057 falsum

23 2060 98 2151 με
123 2085 219 2143 est3
281 2083 414 2130 idem
469 2085 653 2146 quippe
706 2083 948 2131 iudicium
1001 2098 1144 2131 suum
1199 2098 1257 2129 ex
1310 2083 1547 2130 interiore
1609 2083 1818 2129 scientia

121 2157 374 2219 prolatum
421 2159 650 2219 sequenti
695 2159 746 2206 et
793 2156 1043 2205 contraria
1089 2155 1428 2217 disputatione
1475 2155 1706 2203 dissolvit
1745 2155 1815 2202 di-

123 2230 274 2279 cendo
320 2232 407 2280 sed
446 2235 606 2280 tamen
646 2232 776 2280 idem
814 2231 929 2279 olim
967 2244 1119 2279 curru
1154 2230 1404 2278 succedere
1441 2231 1565 2278 sueti
1603 2230 1819 2289 quadru-

113 2306 266 2364 pedes
305 2308 348 2352 et
383 2307 530 2366 frena
570 2307 684 2367 iuyo
731 2306 989 2354 eoncordia
1034 2304 1186 2363 ferre:
1250 2319 1624 2366 nonnumquam
1677 2303 1818 2363 solet,

121 2378 303 2440 inquit,
341 2379 434 2427 hoc
475 2379 771 2428 animalium
810 2393 964 2443 genus
1004 2379 1054 2426 et
1093 2377 1156 2426 ad
1195 2392 1390 2425 currum
1432 2378 1575 2440 iungi
1612 2379 1663 2425 et
1699 2378 1820 2441 iuga.

22 2534 28 2605 l
241 2569 267 2607 2
294 2566 524 2620 proiectae
554 2564 642 2608 LR
672 2565 743 2608 ed.
889 2568 918 2607 4
949 2564 1160 2620 ruyitque
1190 2563 1232 2606 R
1263 2576 1378 2607 corr.
1409 2577 1445 2607 r.
1592 2567 1618 2605 6
1648 2562 1701 2605 in
1731 2561 1819 2604 LR

121 2629 163 2668 et
193 2625 246 2668 in
276 2622 327 2668 r'.
363 2626 370 2682 Ι
411 2625 582 2670 ducitis
611 2623 654 2667 R
686 2637 800 2668 corr.
833 2637 869 2666 r.
996 2626 1019 2665 7
1052 2624 1105 2667 i‘n
1136 2635 1225 2666 om.
1258 2622 1300 2666 R
1331 2621 1438 2665 add.
1470 2636 1507 2665 r.
1543 2622 1551 2677 Ι
1584 2621 1818 2665 tundentis

123 2683 191 2738 (et
220 2682 363 2741 infra)
393 2682 495 2730 LR.
523 2685 530 2740 Ι
570 2683 829 2728 late-simum
858 2681 946 2725 LR
978 2683 1052 2739 (ex
1081 2682 1275 2738 interpr.
1308 2680 1513 2737 irrepsit)
1546 2679 1819 2724 latissimum

122 2741 295 2787 deinde
326 2742 414 2787 late
447 2756 560 2787 corr.
583 2741 636 2787 r'.
731 2746 786 2785 12
819 2741 975 2786 omnia
1006 2740 1094 2783 LR
1124 2754 1275 2786 omnes
1303 2755 1329 2784 r
1359 2740 1431 2784 ed.
1457 2739 1631 2796 (potest
1661 2739 1816 2783 omnia

121 2814 206 2857 pro
238 2802 425 2847 omnino
456 2801 671 2859 posuisse
696 2800 758 2844 ad
782 2799 1048 2856 exemplum
1062 2798 1265 2858 Vergilii
1288 2803 1330 2852 4,
1348 2801 1466 2855 558).
1565 2801 1619 2842 13
1650 2797 1817 2864 colores

121 2861 246 2904 nivei
267 2859 355 2903 LR
377 2874 493 2904 corr.
518 2859 557 2904 r'
580 2861 724 2906 colore
754 2860 886 2904 niveo
909 2858 1020 2902 edF.
1122 2862 1178 2902 14
1209 2863 1260 2903 at
1282 2858 1368 2902 LR
1399 2863 1441 2902 et
1471 2856 1543 2900 ed.
1569 2858 1617 2901 et
1648 2855 1815 2913 optimi

121 2918 261 2976 Verg.
292 2918 419 2965 libri.
534 2924 591 2964 20
623 2933 716 2976 qua
746 2918 834 2962 LR
865 2918 985 2974 quod
1016 2917 1088 2962 ed.
1197 2921 1252 2962 2‘1
1284 2918 1417 2973 fidem
1449 2915 1484 2960 L
1511 2915 1679 2975 slidem
1710 2929 1816 2959 cum

37 3006 42 3007 ν
122 2990 212 3023 rae.
244 2978 300 3022 R.
342 2978 350 3038 Ι
397 2979 625 3024 succidere
655 2978 755 3022 LR.
