2014 3226
160 188 269 240 300
625 186 856 230 DONATI
887 184 1166 230 INTERPR.
1199 184 1377 228 VERG.

160 344 270 375 mea
317 329 378 374 ad
427 344 536 386 vos,
584 326 667 374 sed
715 340 1007 387 magnorum
1054 324 1256 372 deorum
1303 326 1599 372 auctoritate
1645 326 1848 373 veniens

161 402 337 463 pando.
408 403 499 448 hoc
539 415 714 462 genere
755 398 890 445 dedit
929 401 979 445 et
1017 414 1133 446 suae
1172 414 1410 460 personae
1452 399 1669 459 aliquam
1710 401 1847 460 pote-

162 478 339 523 statem
382 474 585 521 dicendo
624 472 840 520 maxima
879 488 987 520 sum
1023 472 1280 527 furiarum,
1314 471 1463 534 digna
1494 473 1667 533 procul
1699 472 1848 520 dubio

161 566 249 611 per
296 565 443 609 quam
485 549 652 595 tristia
690 546 1056 593 mandarentur.
1134 549 1191 592 ut
1230 548 1398 593 autem
1435 546 1528 593 hoc
1568 546 1699 607 quod
1739 561 1850 594 con—

162 623 371 670 trarium
417 623 582 669 fuerat
629 623 678 668 et
719 620 822 667 illis
863 620 925 667 ad
963 635 1175 681 poenam
1212 619 1471 680 proficiens
1510 620 1708 668 facilius
1748 635 1847 667 cre·
1896 637 1920 669 5

163 698 353 755 derent‚
408 710 644 756 prospera
689 694 853 741 iunxit
899 693 1117 742 adversis
1165 693 1393 741 dicendo:
1454 694 1659 741 Italiam
1705 709 1850 742 cursu

152 773 316 830 pctite's
362 771 605 827 ventisque
652 770 845 815 coeatis.
922 768 1051 814 ibitis
1097 768 1300 815 Italiam
1347 771 1612 827 portusque
1664 769 1851 815 intrare

162 844 337 891 licebit:
376 844 496 890 haec
529 842 757 890 Troianis
788 841 986 888 fuerant
1025 841 1259 903 optanda,
1292 841 1375 888 sed
1409 842 1657 889 contraria
1688 842 1850 890 novis-

162 920 283 965 sime
329 919 516 978 posuit,
563 918 620 964 ut
666 916 724 963 de
772 916 1109 978 superioribus
1155 917 1406 978 prosperis
1450 915 1763 963 crederentur
1803 920 1852 963 et

74 997 157 1036 255
177 993 428 1039 sumerent
459 990 618 1037 fidem.
682 991 906 1050 sequitur
937 989 1068 1037 enim
1099 990 1183 1037 sed
1208 1005 1307 1037 non
1331 993 1442 1037 ante
1466 989 1633 1037 datam
1656 991 1850 1050 einyetis
1876 1007 1923 1038 ιο

160 1066 406 1113 moenibus
451 1066 619 1112 urbem
665 1079 812 1123 quam
856 1078 941 1111 vos
987 1064 1099 1111 dira
1144 1065 1300 1123 fames
1341 1067 1627 1123 nostraeque
1663 1065 1852 1111 iniuria

160 1141 320 1186 caedis
359 1139 580 1186 ambesas
619 1139 811 1198 subiyat
847 1138 993 1186 malis
1033 1139 1284 1185 absumere
1322 1152 1538 1186 mensas:
1591 1140 1651 1184 ut
1688 1154 1850 1186 neces-

161 1214 307 1261 sitate
346 1212 492 1260 famis
529 1212 665 1260 dirae
697 1212 790 1259 hoc
822 1214 896 1260 est
927 1211 1296 1260 crudelissimae
1339 1214 1487 1273 atque
1528 1213 1852 1275 gravissimae

160 1303 257 1334 non
304 1287 520 1334 remedio
566 1286 706 1333 licito
754 1285 839 1334 sed
882 1285 1142 1349 sacrilegio
1183 1286 1513 1334 subvenirent.
1591 1286 1680 1333 has
1721 1287 1852 1333 enim
1995 1332 1999 1348 ‚

160 1376 353 1408 mensas
402 1361 528 1407 dixit
575 1376 700 1421 quae
748 1376 805 1406 ex
851 1360 1100 1407 frumento
1148 1360 1400 1407 confectae
1447 1359 1541 1408 diis
1587 1359 1850 1421 penatibus
1877 1376 1923 1408 15
1993 1352 1996 1360 ’

161 1438 522 1482 consecrantur.
602 1434 686 1482 sed
724 1434 818 1481 hoc
857 1449 1010 1496 genus
1048 1449 1238 1495 poenae
1277 1435 1443 1495 potuit
1480 1433 1638 1484 videri
1678 1434 1738 1481 ab
1777 1434 1850 1481 ul-

160 1509 294 1556 tione
325 1509 647 1570 harpyiarum
684 1523 786 1556 esse
820 1507 1098 1555 discretum.
1163 1507 1356 1554 addidit
1389 1506 1599 1555 Celaeno
1633 1510 1851 1556 nostrae-

163 1599 256 1644 que
302 1583 488 1629 iniuria
535 1582 721 1642 caedis,
768 1584 825 1628 ut
864 1581 1068 1629 Troiani
1115 1581 1297 1629 scirent
1335 1582 1473 1629 velut
1517 1583 1694 1630 merito
1740 1582 1852 1629 har-

161 1658 392 1718 pyiarum
444 1657 662 1703 inultum
715 1671 815 1703 non
867 1655 973 1703 fore
1027 1655 1160 1718 quod
1212 1656 1445 1704 fecerant.
1530 1657 1654 1704 dixit
1707 1659 1749 1703 et
1799 1658 1852 1704 in

161 1732 335 1778 silvam
358 1732 533 1791 pinnis
564 1731 730 1778 ablata
760 1731 963 1790 refuyit:
1002 1729 1127 1777 dixit
1156 1729 1283 1777 talia
1315 1732 1365 1776 et
1395 1730 1581 1794 refugit
1609 1731 1664 1778 in
1699 1719 1852 1779 silvas
1876 1750 1924 1784 20

162 1820 250 1852 nec
297 1805 531 1866 apparuit
575 1806 764 1866 postea.
842 1807 894 1851 at
944 1805 1088 1852 sociis
1139 1805 1301 1851 subita
1349 1805 1541 1865 gelidus
1592 1804 1853 1864 formidine

75 1882 161 1922 260
177 1880 380 1938 sanquis
411 1879 640 1938 deriyuit:
678 1879 953 1940 repentina,
983 1879 1164 1939 inquit,
1194 1879 1380 1926 iniecta
1410 1878 1675 1926 formidine
1707 1880 1852 1926 sociis

163 1953 286 2000 meis
333 1952 550 2015 deriguit
597 1953 820 2016 sanguis,
866 1952 958 1999 hoc
1006 1955 1081 2000 est
1127 1953 1186 1999 de
1227 1953 1399 2015 vigore
1438 1968 1526 2000 suo
1564 1953 1738 2014 pulsus
1778 1955 1854 2001 est

165 2027 215 2073 et
258 2025 311 2072 in
356 2026 514 2090 frigus
562 2041 620 2073 ex
667 2027 828 2074 calore
874 2027 1110 2075 mutatus.
1187 2026 1395 2075 cecidere
1441 2027 1618 2074 aniani:
1670 2026 1852 2075 fiducia

165 2101 388 2160 superior
441 2101 720 2148 animorum
775 2099 994 2149 adversis
1049 2100 1312 2148 debilitata
1372 2100 1562 2148 nuntiis
1623 2100 1850 2148 concidit.
1875 2118 1923 2153 25

164 2174 350 2235 optime
403 2175 572 2235 posuit
625 2173 862 2235 cecidere3
924 2190 1023 2222 non
1079 2175 1210 2221 enim
1264 2173 1399 2222 cadit
1451 2175 1549 2222 nisi
1603 2176 1691 2236 qui
1736 2176 1851 2223 ante

163 2246 260 2294 fuit
306 2248 359 2294 in
406 2263 610 2296 summo,
689 2247 844 2295 animi
889 2249 1050 2311 igitur
1089 2248 1292 2296 Troiani
1332 2249 1566 2296 instructi
1602 2249 1851 2311 prosperis

164 2337 222 2367 ex
261 2320 465 2368 deorum
502 2335 734 2382 responso
773 2322 1074 2384 perindeque
1115 2322 1349 2370 sublimes
1381 2322 1611 2384 cecidere,
1644 2322 1852 2371 adversa
1964 2371 1969 2378 ,,

164 2410 276 2442 eum
315 2395 652 2457 sumpsissent.
728 2410 814 2444 nec
851 2397 953 2444 iam
990 2397 1203 2456 amplius
1242 2398 1418 2452 armis,
1464 2397 1549 2445 sed
1585 2398 1707 2444 votis
1735 2411 1853 2457 pre-
1927 2418 1929 2422 ⁴
1959 2398 1969 2426 ’-

283 2583 310 2622 4
341 2579 423 2623 hoc
452 2578 537 2621 LR
567 2579 619 2622 in
649 2580 730 2624 hoc
760 2580 831 2624 ed.
956 2585 1009 2624 11
1041 2581 1184 2636 famis
1212 2580 1312 2624 LR.
1437 2584 1492 2624 13
1524 2585 1659 2637 atque
1689 2580 1776 2625 LR
1809 2586 1855 2625 et

163 2637 235 2681 ed.
339 2641 395 2681 20
427 2638 557 2681 alata
587 2637 674 2681 LR
706 2651 820 2683 corr.
852 2654 887 2683 r.
995 2645 1050 2683 22
1083 2641 1280 2698 elinquit
1309 2639 1380 2684 ed.
1410 2641 1417 2697 Ι
1450 2640 1621 2694 infecta
1651 2639 1739 2683 LR
1770 2639 1851 2682 edI
1911 2653 1917 2676 ι

162 2697 332 2741 iniecta
361 2710 446 2741 nos
477 2697 653 2741 invecta
683 2697 792 2742 edF.
909 2703 966 2742 24
997 2713 1053 2743 ex
1083 2700 1230 2744 calore
1260 2698 1348 2742 LR
1378 2698 1459 2744 edI
1488 2699 1615 2744 calor
1644 2705 1708 2744 est
1737 2698 1851 2748 edF.
1907 2744 1911 2746 ,

223 2760 279 2799 25
311 2756 476 2800 occidit
506 2755 577 2800 ed.
690 2760 745 2799 26
776 2771 832 2800 ns
861 2771 1001 2813 quam
1030 2757 1118 2801 LR
1146 2759 1242 2803 nisi
1255 2758 1392 2814 'quod
1420 2773 1446 2801 r
1474 2759 1570 2803 nisi
1598 2759 1680 2814 qui
1707 2763 1851 2804 metus
1979 2797 1981 2803 .

163 2814 234 2858 ed.
267 2829 321 2858 m
345 2814 422 2859 cui
451 2829 508 2858 m.
540 2814 612 2858 ed.
643 2816 763 2870 post.
795 2817 892 2860 nisi
921 2818 1004 2874 qui
1031 2821 1136 2862 ante
1165 2831 1263 2862 noe.
1409 2821 1464 2860 27
1496 2817 1781 2863 troianorwm
1810 2831 1849 2862 r.
1914 2846 1917 2847 γ
1974 2820 1981 2847 ÷

223 2878 280 2918 28
304 2874 582 2930 perindeque
612 2873 698 2916 LR
727 2887 829 2918 cum
859 2875 930 2920 ed.
960 2878 967 2932 Ι
993 2876 1192 2921 occidere
1221 2875 1307 2920 LR
1336 2877 1471 2921 cecid.
1495 2891 1520 2919 r
1550 2877 1690 2921 aecid.
1715 2876 1788 2922 ed.
1912 2883 1913 2886 ’
1977 2883 1979 2889 ’

163 2935 338 2976 28-29
370 2933 562 2978 adversa
592 2931 680 2976 LR
716 2946 819 2977 cum
854 2935 957 2979 adv.
989 2949 1014 2978 r
1051 2951 1094 2980 a.
1125 2949 1228 2980 cum
1258 2948 1342 2980 nos
1381 2935 1584 2980 adversis
1613 2936 1706 2980 diis
1743 2949 1850 2982 cum

164 2991 386 3036 asterisco
411 2991 483 3035 ed.
599 2995 654 3035 29
678 2993 930 3037 suasissent
950 2993 994 3037 R
1015 3006 1184 3051 sumps.
1207 2993 1283 3038 vel
1306 2995 1543 3039 audissent
1564 3009 1588 3036 r
1611 2994 1669 3039 cf.
1689 2998 1730 3050 7,
1747 2991 1860 3039 505.'
1907 3027 1909 3030 -
1974 3029 1977 3043 s
