2014 3226
253 167 439 210 XXXIV
916 159 1256 204 PRAEFATIO

251 309 300 354 in
335 307 534 353 civit-ate
568 303 853 351 Florentina
886 305 1106 362 tempore
1138 299 1438 347 sanctissimi
1470 299 1522 343 in
1549 296 1744 345 Christo
1776 299 1934 359 patris

253 399 300 441 et
340 395 525 441 domini
564 393 648 438 dni
688 391 830 437 Pauli
877 389 1045 436 divina
1091 387 1403 449 providentia
1454 402 1519 448 pp
1567 387 1769 433 secundi
1814 403 1935 448 pon·

251 468 465 515 tificatus
506 462 581 514 sui
623 480 748 511 anno
789 461 980 510 tertio“.
1042 463 1247 509 lacunae
1287 476 1385 507 non
1426 459 1570 507 modo
1612 459 1785 507 eadem
1821 463 1934 508 sunt

253 558 376 601 quae
416 541 462 586 in
507 539 666 597 LVR,
708 537 790 584 sed
830 536 1067 584 accedunt
1108 536 1247 582 aliae.
1319 549 1435 580 nam
1477 535 1525 580 et
1566 534 1613 594 5,
1643 534 1931 582 796—807

252 618 299 661 et
351 614 568 672 7,1—3
620 612 793 659 desunt
841 612 889 656 et
939 611 988 655 in
1047 609 1254 670 septimo
1311 607 1471 654 maior
1523 622 1639 668 pars
1694 607 1932 655 orationis

251 688 458 734 Amatae
486 696 597 732 eum
622 685 1031 744 interpretatione
1065 699 1190 744 quae
1222 683 1448 742 sequitur
1479 695 1633 742 usque
1667 681 1729 727 ad
1762 698 1806 728 v.
1826 683 1930 728 425

252 761 411 808 deficit
467 765 514 806 et
567 761 618 804 in
673 757 958 805 duodecimo
1014 772 1180 803 versus
1231 755 1520 802 605—855
1578 753 1934 816 desiderantur,

251 835 408 880 multo
448 833 611 894 plures
653 847 799 892 quam
838 832 890 877 in
919 830 1180 888 Vaticano,
1211 831 1469 890 praeterea
1509 827 1611 875 alia
1642 844 1742 876 non
1771 844 1933 890 pauca

250 907 486 954 breviora.
547 905 886 953 additamenta
924 919 1020 951 non
1060 903 1269 964 repperi,
1300 903 1398 950 nisi
1431 901 1562 963 quod
1593 903 1763 950 multis
1795 903 1932 962 locis,

251 995 618 1040 nonnumquam
665 980 853 1039 inepte,
901 977 1111 1038 „idcirco
1156 974 1406 1038 sequitur“
1447 977 1805 1037 interpolatum
1845 980 1931 1024 est.

251 1059 361 1114 post
404 1055 449 1112 9,
485 1056 583 1099 211
628 1054 813 1099 inserta
852 1052 1035 1114 legitur
1073 1050 1419 1111 interpretatio
1462 1049 1524 1097 ad
1565 1050 1613 1110 8,
1640 1050 1930 1098 364—368

252 1142 336 1174 suo
385 1129 533 1174 etiam
579 1126 684 1174 loco
731 1126 1018 1187 perscripta.
1098 1124 1439 1171 animadverso
1489 1139 1652 1171 errore
1699 1123 1931 1172 librarius

252 1202 410 1247 locum
448 1201 594 1247 rubro
635 1200 794 1247 colore
835 1198 1160 1246 circumduxit
1208 1200 1257 1245 et
1302 1199 1355 1245 in
1402 1199 1625 1262 margine
1673 1198 1933 1246 adnotavit

251 1275 396 1333 „haec
436 1273 653 1321 carmina
690 1275 950 1333 supersunt
983 1275 1031 1319 et
1062 1273 1113 1318 in
1147 1272 1417 1333 exemplari
1449 1273 1518 1319 sic
1548 1270 1714 1333 posita
1746 1270 1931 1319 erant“.

251 1349 340 1395 hoc
380 1348 421 1394 si
459 1363 631 1394 verum
667 1348 740 1395 est
770 1362 858 1394 nec
890 1346 965 1393 sui
999 1346 1262 1393 excusandi
1293 1361 1441 1393 causa
1470 1361 1503 1393 a
1534 1345 1738 1394 librario
1771 1361 1930 1393 emen-

249 1422 417 1480 titum,
466 1423 671 1482 apparet
717 1436 827 1466 eum
873 1437 970 1468 non
1002 1420 1247 1468 Vaticano
1296 1420 1564 1481 exemplari
1615 1435 1758 1467 usum
1813 1435 1930 1468 esse.

251 1511 306 1541 ex
344 1494 435 1541 hoc
474 1493 636 1541 codice
676 1494 892 1555 Ryckius
934 1496 1129 1541 auctore
1170 1494 1454 1541 Burmanno
1495 1493 1708 1540 secundo
1753 1487 1931 1558 (praef.

252 1568 313 1615 ad
343 1561 504 1632 Virg.)
545 1567 793 1614 Donatum
836 1567 974 1614 edere
1015 1569 1354 1615 constituerat.
1417 1567 1539 1614 bene
1581 1567 1761 1614 accidit
1801 1567 1933 1628 quod

250 1641 508 1689 consilium
554 1657 651 1688 non
698 1643 925 1688 executus
974 1643 1068 1690 est:
1123 1641 1413 1688 haberemus
1454 1641 1721 1689 editionem
1761 1641 1931 1688 Fabri·

251 1716 392 1762 ciana
430 1714 562 1761 haud
601 1714 745 1761 dubie
784 1715 953 1763 multis
991 1715 1218 1777 partibus
1256 1715 1655 1775 emendatiorem,
1689 1715 1772 1762 sed
1803 1714 1929 1762 Har-

251 1788 477 1835 lemensis
533 1787 775 1836 erroribus
829 1788 1152 1836 laborantem.
1228 1805 1346 1837 nam
1399 1791 1596 1850 praeter
1650 1790 1831 1837 omissa
1883 1792 1930 1836 et

253 1861 420 1909 addita
488 1861 646 1908 multa
680 1884 684 1888 -
714 1862 865 1909 etiam
932 1864 1239 1924 transposuit
1306 1863 1385 1910 vel
1446 1863 1675 1910 mutavit.
1760 1863 1931 1910 eodem

252 1950 296 1983 v.
337 1934 380 1983 d.
420 1934 622 1981 Hoeven
674 1949 790 1982 usus
846 1938 932 1983 est.
993 1963 1044 1967 —
1107 1936 1299 1984 contuli
1350 1937 1534 1983 librum
1586 1951 1768 2000 magna
1819 1951 1930 1984 cum

250 2007 549 2056 liberalitate
604 2007 955 2071 Stuttgartiam
1008 2011 1351 2059 transmissum
1409 2011 1463 2057 in
1523 2012 1693 2058 nostra
1753 2008 1930 2058 biblio-

250 2081 392 2128 theca
432 2081 628 2142 publica
666 2082 824 2129 hieme
867 2079 1088 2148 1902s3.

364 2152 717 2203 Oxoniensis
758 2156 951 2218 collegii
990 2157 1326 2206 Lincolnensis
1365 2158 1452 2205 lat.
1489 2156 1649 2205 XLIV
1688 2157 1929 2204 membra-

251 2242 450 2288 naceus,
497 2228 682 2275 formae
729 2228 950 2290 maioris,
996 2231 1231 2279 foliorum
1272 2232 1399 2292 394,
1438 2233 1570 2279 recte
1609 2230 1660 2277 in
1701 2232 1928 2295 catalogo

253 2301 448 2348 saeculo
487 2300 577 2347 XV
617 2302 918 2350 attribuitur.
994 2307 1107 2365 post
1145 2305 1348 2352 titulum
1386 2320 1517 2352 nunc
1562 2319 1715 2367 prope
1763 2306 1929 2353 evani-

251 2373 367 2421 dum
420 2374 604 2435 incipit·
650 2389 679 2421 a
734 2375 892 2423 verbis
947 2379 1188 2438 prooemii
1234 2381 1376 2440 „post
1428 2377 1586 2439 illos“·‚
1641 2378 1822 2426 desinit
1875 2380 1929 2427 in

251 2446 400 2494 verba
440 2447 624 2510 epilogi
662 2449 743 2508 „in
781 2448 916 2513 hac‘f.
995 2453 1159 2512 quarti
1196 2451 1312 2499 libri
1350 2453 1528 2500 lacuna
1566 2452 1723 2499 multo
1770 2453 1929 2500 maior
2012 2495 2014 2499 .

252 2535 401 2582 quam
453 2522 504 2567 in
551 2520 590 2567 L
638 2523 688 2568 et
733 2521 776 2568 R
827 2523 1042 2584 pertinet
1088 2540 1117 2572 a
1165 2540 1307 2574 versu
1349 2526 1452 2574 253
1508 2541 1662 2588 usque
1714 2525 1776 2573 ad
1821 2541 1928 2573 ver·
1992 2564 2000 2570 .

253 2608 362 2642 sum
388 2594 506 2641 622.
553 2594 772 2656 reliquae
795 2596 999 2644 lacunae
1032 2598 1231 2646 eaedem
1262 2601 1378 2647 sunt
1408 2601 1560 2661 atque
1590 2601 1644 2647 in
1667 2599 1926 2647 VaticanO.

251 2665 476 2715 breviora
513 2667 593 2715 hic
633 2683 826 2729 quoque
863 2671 1048 2730 passim
1087 2672 1268 2733 omisit,
1299 2672 1384 2720 sed
1420 2674 1582 2721 rarius
1621 2689 1770 2735 quam
1801 2672 1928 2720 Har·
1980 2675 2014 2721 Α

253 2740 501 2788 lemensis:
542 2742 739 2789 omnino
771 2740 824 2788 in
855 2743 1068 2791 secunda
1098 2749 1239 2806 parte
1265 2744 1321 2807 O,
1352 2747 1405 2794 in
1436 2747 1598 2808 prima
1629 2746 1678 2793 H
1708 2746 1928 2795 melioris

252 2816 398 2861 notae
443 2827 546 2861 esse
594 2813 803 2862 videtur.
879 2817 931 2863 in
978 2816 1263 2867 duodecimo
1309 2819 1436 2868 libro
1481 2822 1594 2882 post
1631 2820 1930 2881 interpreta-

251 2885 412 2934 tiones
450 2903 495 2934 ν.
521 2887 625 2935 386
666 2888 716 2934 et
754 2889 884 2949 470,
928 2890 1048 2937 item
1094 2894 1208 2952 post
1245 2893 1426 2940 lemma
1463 2909 1509 2941 v.
1536 2894 1641 2941 904
1680 2893 1926 2955 librarius,

253 2957 369 3006 dum
415 2958 620 3009 adiectis
665 2960 871 3009 inferius
919 2977 1046 3024 quae
1091 2965 1252 3025 primo
1299 2967 1532 3015 omiserat
1570 2981 1783 3014 errorem
1822 2981 1926 3014 cor-

1994 3038 1995 3043 *
1996 2843 2014 2958 emm
1998 2747 2014 2836 amm-“1¹¹1
2005 2734 2008 2739 ·
2004 2711 2014 2725 ι
2004 2650 2011 2658 ¹
