2014 3226
198 168 300 220 138
661 165 893 210 DONATI
923 165 1202 208 1NTERPR-.
1236 164 1414 209 VERG.

192 323 281 356 nec
312 307 650 366 memorabile,
677 307 719 353 si
751 306 944 352 numeri
974 305 1320 353 tantummodo
1352 305 1538 353 faceret
1568 306 1884 366 mentionem,

194 385 380 430 taceret
428 380 485 428 de
534 381 717 439 aetate,
771 395 880 426 cum
929 381 1095 426 autem
1141 379 1234 426 11οο
1279 380 1445 440 ipsum
1492 379 1672 426 adiecit
1718 378 1884 427 dicens

195 471 337 518 pares
401 456 585 513 aetate,
654 453 759 500 11110
821 468 1016 500 0111110111
1084 453 1306 500 familiae
1375 454 1592 514 copiam,
1661 452 1887 500 decorem

195 545 389 591 quoque
430 531 479 574 et
517 527 848 574 substantiam
880 526 1251 573 demonstravit.
1310 528 1363 572 in
1395 525 1612 574 evidenti
1644 529 1716 573 est
1749 528 1883 573 enim

195 604 381 664 quanta
421 617 673 648 servorum
711 601 912 664 reginae
951 601 1103 647 fuerit
1142 600 1426 660 multitudo,
1458 615 1516 647 ex
1548 616 1646 662 qua
1683 600 1881 648 ducenti
1929 615 1951 648 5

193 691 335 738 pares
383 677 545 722 aetate
594 674 747 737 deligi
792 676 1060 736 potuerunt
1116 674 1255 736 digni
1311 676 1397 735 qui
1450 676 1680 722 curarent
1735 690 1884 735 supra

193 751 338 797 dicta.
415 763 500 795 nec
544 762 643 795 ozon
692 751 734 795 et
775 748 913 808 Tyrii
951 763 1046 808 per
1089 749 1261 795 limina
1301 749 1429 796 laeta
1466 749 1738 807 frequentes
1777 762 1884 796 con-

191 838 359 872 venere
398 823 514 869 toris
552 823 676 869 iussi
715 821 1010 870 discumbere
1034 823 1205 881 pictis:
1246 837 1354 869 eece
1387 822 1642 870 diversum
1673 822 1884 870 discum-

190 897 412 944 bentium
466 897 724 943 meritum:
789 896 995 943 Troiani
1049 911 1196 957 super
1251 899 1440 944 ostrum
1495 895 1885 956 discumbebant,

191 972 332 1032 Tyrii
370 986 485 1018 vero
526 986 673 1031 super
710 970 869 1031 pictas
910 972 1071 1018 vestes
1104 985 1161 1018 ac
1192 985 1281 1031 per
1311 970 1404 1019 hoc
1436 970 1686 1017 inferioris
1717 970 1882 1031 pretii.
1911 989 1952 1021 ιο

190 1046 280 1092 1100
321 1046 394 1092 est
435 1044 574 1105 quod
605 1045 829 1105 superius
870 1043 998 1091 dixit
1030 1037 1187 1110 (638)
1222 1043 1525 1105 „mediisque
1557 1046 1740 1105 parant
1772 1060 1884 1093 con-

190 1120 325 1166 vivia
356 1119 502 1166 tectis
536 1120 641 1166 arte
672 1118 928 1166 laboratae
959 1119 1112 1166 vestis
1146 1119 1379 1180 ostroque
1413 1116 1668 1179 superbo“.
1717 1119 1884 1180 hospi-

190 1193 322 1240 tibus
371 1191 593 1240 delatum
641 1195 715 1239 est
762 1194 819 1239 ut
859 1207 1007 1253 super
1046 1194 1236 1240 ostrum
1277 1192 1654 1253 discumberent,
1695 1192 1886 1254 civibus

189 1283 304 1314 vero
336 1268 590 1327 pictarum
620 1267 834 1314 vestium
864 1267 1001 1313 loeus
1035 1265 1310 1315 attributus
1343 1269 1429 1314 est.
1477 1268 1725 1314 mirantur
1756 1267 1887 1314 dona

189 1339 406 1388 Aeneae:
459 1339 589 1388 hunc
635 1340 802 1388 locum
849 1339 1037 1402 duplici
1082 1340 1341 1388 intellectu
1387 1342 1609 1402 positum
1651 1340 1884 1388 debemus
1911 1358 1952 1390 15

189 1416 410 1498 accipere
451 1415 500 1460 et
537 1415 804 1475 utrumque
845 1414 909 1462 ad
949 1414 1145 1462 Aeneae
1185 1414 1386 1462 laudem
1425 1414 1769 1476 pertinentem.
1843 1416 1886 1461 si

189 1490 321 1536 enim
367 1488 592 1536 considei
595 1503 730 1535 emus
770 1504 1035 1549 personam
1072 1487 1300 1549 Didonis,
1342 1490 1422 1536 oui
1461 1489 1603 1550 Tyrii
1650 1488 1885 1550 obseque-

187 1562 372 1610 bantur
418 1564 467 1609 et
513 1564 687 1626 regina
741 1561 840 1608 fuit
894 1564 943 1609 et
996 1578 1120 1609 uxor
1170 1562 1365 1623 divitis,
1411 1564 1522 1624 ipsa
1570 1579 1765 1624 quoque
1814 1561 1885 1610 di-

187 1638 403 1697 tissima,
458 1636 564 1683 illie
617 1637 928 1684 inveniemus
985 1637 1259 1697 specierum
1311 1636 1511 1684 laudem
1563 1637 1883 1684 cumulatam.

188 1710 500 1779 mirabantur
546 1726 662 1774 ergo
712 1725 838 1771 quae
885 1709 949 1757 ad
996 1710 1281 1759 donandum
1331 1701 1521 1772 Cupido
1575 1712 1882 1772 pervexerat,
1907 1729 1953 1760 20

190 1801 337 1846 quem
373 1783 622 1846 putabant
659 1783 825 1831 Iulum
864 1798 983 1845 esse,
1022 1784 1325 1847 perindeque
1366 1784 1696 1833 admiratione
1744 1801 1883 1834 mon-

190 1858 417 1906 strabant
461 1859 687 1922 reginam
733 1873 875 1906 suam
920 1858 1039 1907 talis
1087 1860 1274 1920 species
1328 1875 1602 1921 numquam
1654 1859 1886 1908 habuisse

190 1947 279 1979 nec
327 1931 459 1994 apud
506 1948 806 1994 quemquam
842 1947 905 1980 se
951 1932 1148 1981 vidisse.
1228 1933 1355 1980 alter
1393 1933 1678 1982 intellectus
1719 1934 1795 1981 est
1832 1934 1886 1980 in

190 2021 246 2054 eo
296 2005 427 2066 quod
473 2005 660 2053 dictum
706 2008 781 2055 est
818 2007 1066 2054 mirantur
1104 2006 1235 2056 dona
1271 2006 1488 2068 Aeneae,
1533 2007 1625 2055 hoc
1673 2010 1747 2054 est
1793 2008 1884 2054 mi-

188 2081 364 2127 rantur
401 2079 527 2127 talia
564 2079 770 2128 Aenean
808 2081 889 2128 vel
924 2080 1106 2129 habere
1145 2081 1226 2129 vel
1269 2081 1453 2129 donare
1499 2082 1746 2143 potuisse,
1791 2082 1883 2128 mi-
1909 2099 1950 2131 25

189 2155 366 2201 rantur
403 2155 561 2216 igitur
599 2153 932 2202 substantiam
963 2157 1014 2202 et
1045 2156 1268 2203 animum
1297 2155 1573 2218 largientis.
1635 2156 1885 2203 mirantur
1940 2194 1948 2198 ,

101 2232 188 2271 710
205 2229 256 2275 et
299 2227 471 2275 Iulum
517 2229 868 2288 flayrantisque
913 2229 990 2276 dei
1037 2230 1224 2285 vultus,
1276 2231 1450 2291 utpote
1499 2245 1612 2276 eum
1659 2230 1747 2291 qui
1792 2228 1882 2278 sub

189 2301 392 2349 mortali
445 2301 605 2349 forma
657 2301 887 2350 habuerit
947 2303 1228 2351 inmortalis
1290 2305 1508 2352 numinis
1570 2303 1881 2366 dignitatem.

188 2374 283 2422 11οο
321 2390 378 2422 ex
417 2390 630 2436 persona
668 2377 845 2437 poetae
886 2376 1074 2425 dictum
1114 2376 1347 2426 debemus
1388 2379 1624 2440 accipere,
1665 2379 1882 2424 ceterum

189 2463 358 2496 omnes
405 2450 492 2511 qui
539 2448 747 2497 aderant
791 2449 956 2497 Iulum
1002 2466 1106 2500 esse
1162 2451 1548 2499 arbitrabantur.
1617 2453 1883 2512 praecipue
1905 2469 1950 2502 30

187 2523 374 2582 infelix,
406 2520 557 2583 [pesti
588 2523 757 2571 devota
786 2524 986 2583 futurae
1018 2524 1197 2585 empleri
1226 2529 1430 2574 mentem
1459 2527 1625 2586 nequit
1653 2526 1883 2574 ardescit-

311 2682 333 2720 1
368 2678 707 2723 demenwmbile
737 2678 824 2722 LR
855 2679 935 2722 edI
964 2694 1045 2724 nec
1075 2694 1201 2725 mem.
1227 2695 1250 2723 r
1281 2686 1322 2726 et
1351 2695 1407 2725 m.
1435 2679 1544 2724 edF.
1650 2684 1676 2724 3
1709 2694 1882 2725 omnem

189 2735 277 2780 LR
307 2736 516 2782 omnibus
547 2737 797 2781 0(1.12
830 2739 963 2782 vestis
993 2738 1028 2782 L
1060 2745 1222 2784 vestres
1251 2740 1294 2783 R
1324 2745 1461 2784 vestes
1491 2739 1564 2784 ed.
1597 2738 1656 2783 cf.
1690 2743 1790 2783 639.

192 2799 246 2838 18
279 2800 320 2840 et
349 2797 511 2853 reyi‘na
535 2795 622 2840 LR
653 2797 774 2853 quod
797 2802 838 2841 et
859 2811 948 2855 req.
974 2812 1010 2841 1
1111 2803 1167 2842 22
1199 2814 1246 2843 re
1309 2813 1387 2843 um
1416 2813 1552 2843 suum
1582 2798 1654 2842 ed.
1749 2802 1806 2842 23
1835 2811 1881 2843 se

190 2853 276 2897 LR
307 2857 420 2900 astas
451 2855 522 2900 ed.
698 2859 819 2898 26-
830 2860 884 2899 27
918 2857 1150 2902 mirantem
1179 2863 1222 2902 et
1295 2857 1336 2900 R
1367 2862 1408 2902 et
1438 2857 1641 2912 ο111.0(1.,
1673 2857 1756 2901 sed
1786 2871 1882 2901 non

189 2911 424 2957 lemmatis
456 2926 556 2958 esse
587 2913 688 2958 vult
719 2913 834 2959 Don
958 2919 1011 2958 31
1044 2918 1161 2972 pesti
1177 2943 1232 2949 —
1254 2922 1352 2972 139,
1380 2922 1402 2960 1
1436 2921 1638 2962 movetur
1668 2916 1800 2961 deest
1829 2916 1881 2960 in

189 2970 288 3025 LR,
321 2972 403 3017 sed
434 2972 709 3030 explicatur
