2014 3226
162 171 269 222 302
627 169 858 212 DONATI
888 168 1168 212 INTERPR.
1202 169 1380 212 VERG.

162 310 425 359 secundum
466 310 750 356 interiorem
790 324 1041 356 sacrorum
1081 310 1363 371 scientiam3
1402 312 1459 356 ut
1499 311 1629 356 enim
1661 309 1847 358 deside-

160 386 349 431 riorum
388 399 567 447 genera
607 383 801 430 diversa
840 386 976 443 sunt,
1022 384 1097 430 ita
1136 385 1185 430 et
1223 386 1341 431 vota
1381 383 1883 445 deprecationesquet

161 459 393 506 diversae.
471 457 591 504 haec
644 456 802 518 igitur
854 456 952 502 fuit
1003 456 1106 504 eius
1153 472 1248 504 vox
1296 459 1444 518 atque
1490 457 1610 504 haec
1658 473 1848 505 summa

72 536 157 575 265
175 532 451 593 petitionis:
507 532 578 577 clii
615 530 862 589 prohibete
907 531 1090 586 miuus,
1139 531 1210 578 dii
1249 531 1391 579 talem
1431 533 1628 578 avertite
1667 546 1845 579 casum.

159 623 218 652 ne
253 604 461 652 Celaeno
502 605 758 665 conposita
796 604 875 650 vel
907 604 1035 651 falsa
1065 606 1269 665 propter
1299 605 1534 652 iniuriam
1567 620 1707 652 suam
1739 621 1846 666 per·
1894 623 1915 655 5

157 680 367 738 tulisset,
399 678 558 725 minas
590 678 777 738 inquit3
809 679 973 724 minae
1009 679 1139 725 enim
1172 694 1475 740 quamquam
1507 695 1606 726 non
1630 679 1846 726 habeant

158 754 280 800 fixae
323 752 530 799 alicuius
565 753 837 798 sententiae
870 751 1220 812 definitionem,
1252 756 1420 799 tamen
1453 754 1605 799 etiam
1637 753 1845 800 veritate

158 828 391 885 cessante,
417 841 477 872 ne
511 841 653 872 omen
684 826 918 886 facerent,
943 826 1072 886 petit
1102 827 1263 874 minas
1295 826 1568 887 prohiberi3
1605 840 1845 874 nonnum-

157 916 305 962 quam
354 900 483 946 enim
532 899 762 947 accidunt
805 915 932 960 quae
973 899 1034 947 ab
1074 901 1217 948 iratis
1257 902 1506 961 optantur.
1586 900 1655 947 dii
1693 901 1844 948 talem

157 975 364 1021 avertite
412 988 600 1020 casum:
657 977 726 1032 et,
771 975 813 1020 si
852 989 966 1020 vere
1005 974 1121 1022 talis
1161 989 1301 1022 casus
1341 975 1573 1034 inminet,
1621 974 1843 1022 avertite.
1874 991 1915 1023 ιο

155 1051 210 1094 ut
244 1050 406 1095 autem
440 1047 616 1093 melius
647 1047 909 1108 probemus
942 1049 990 1094 et
1021 1048 1211 1095 incerta
1244 1050 1294 1095 et
1325 1051 1459 1096 certa
1491 1063 1594 1095 esse
1626 1049 1845 1110 potuisse

156 1137 278 1183 quae
322 1121 511 1168 dixerat
553 1120 762 1168 Celaeno
804 1124 952 1182 atque
990 1121 1082 1170 hoc
1121 1122 1371 1170 Anchisen
1410 1123 1648 1182 tenuisse,
1694 1122 1845 1170 verba

153 1197 263 1257 ipsa
302 1195 610 1256 deprecantis
650 1194 1012 1243 consideremus
1054 1198 1307 1243 attentius.
1386 1212 1496 1244 cum
1544 1196 1730 1244 diceret
1775 1196 1844 1243 dii

154 1269 409 1331 prohibete
455 1269 638 1330 minas,
687 1269 905 1316 ostendit
943 1269 1071 1316 nihil
1109 1271 1259 1317 fuisse
1300 1271 1618 1331 dispositum,
1660 1270 1744 1318 sed
1783 1285 1843 1316 ne

154 1345 387 1402 oreretur,
435 1343 657 1391 favorem
697 1343 921 1390 divinum
960 1344 1115 1391 fuisse
1153 1344 1496 1392 necessarium.
1562 1345 1739 1404 minas,
1769 1345 1840 1391 in·
1869 1361 1911 1393 15

153 1419 278 1478 quit,
318 1416 590 1478 prohibete,
630 1432 728 1464 non
766 1417 1010 1465 inminens
1050 1418 1251 1464 malum.
1318 1418 1471 1465 talem
1505 1420 1672 1465 autem
1705 1433 1842 1465 aver-

151 1491 243 1538 tite
284 1506 466 1550 casum,
504 1492 575 1551 ut,
615 1491 657 1538 si
696 1507 808 1538 vere
850 1493 977 1539 esset
1017 1507 1156 1539 casus
1197 1492 1440 1539 eiusmodi
1480 1493 1569 1553 qui
1598 1493 1844 1553 potuisset

153 1566 381 1625 existere,
429 1566 749 1613 averteretur.
829 1580 937 1612 ecce
985 1565 1181 1629 singula
1228 1566 1437 1628 singulis
1482 1566 1638 1613 dedit:
1693 1581 1843 1627 supra

153 1639 278 1686 dixit
323 1638 603 1700 prohibete,
648 1639 729 1686 hic
776 1639 902 1686 dixit
949 1641 1178 1701 avertite,
1226 1641 1282 1686 ut
1323 1639 1668 1701 prohiberetur
1705 1640 1840 1688 nasci

152 1713 283 1774 quod
321 1730 418 1762 non
459 1714 580 1772 erat,
621 1715 927 1760 averteretur
965 1729 1082 1762 vero
1113 1714 1243 1776 quod
1278 1713 1568 1762 credebatur
1597 1715 1840 1777 ingruere.
1867 1731 1910 1763 20

153 1791 195 1834 et
230 1788 420 1846 placidi
465 1790 651 1834 servate
686 1789 821 1846 pios,
869 1788 962 1835 hoc
1002 1790 1078 1835 est
1115 1789 1246 1836 recte
1284 1789 1499 1836 viventis
1539 1790 1589 1835 et
1627 1789 1840 1836 cultores

152 1863 354 1909 vestros.
431 1860 776 1923 deprecatione
817 1861 1044 1923 conpleta
1090 1865 1192 1910 tum
1233 1863 1367 1910 litore
1410 1863 1580 1922 funem
1625 1863 1843 1921 deripere

153 1949 463 1995 excussosque
489 1936 620 1982 iubet
639 1934 810 1983 laxare
833 1936 1054 1983 rudentis
1064 1953 1081 1993 ‚·
1111 1935 1349 1999 fugienda
1374 1936 1505 1984 enim
1527 1936 1617 1983 illa
1640 1937 1842 1983 fuerunt

151 2008 261 2056 loca
297 2009 351 2055 in
391 2008 568 2071 quibus
608 2025 707 2056 non
745 2009 983 2070 homines,
1023 2010 1107 2058 sed
1147 2010 1418 2058 execranda
1457 2012 1679 2058 monstra
1711 2025 1837 2058 com-

151 2082 483 2130 morabantur.
1864 2100 1907 2133 25
1939 2114 1942 2115 ν

265 2156 489 2204 Tendunt
538 2157 646 2204 vela
697 2159 820 2213 uoti,
874 2159 1094 2218 fugimus
1147 2158 1488 2218 spumantibus
1540 2159 1688 2206 undis
1741 2172 1839 2217 qua

150 2244 345 2277 cwrsum
402 2232 662 2290 ventusque
717 2231 1103 2291 gubernatorque
1161 2233 1385 2280 vocabat:
1447 2231 1593 2280 dictis
1653 2230 1851 2280 talibus

150 2303 367 2351 ostendit
411 2319 511 2351 non
556 2305 711 2352 fuisse
757 2305 1127 2369 navigationem
1176 2306 1238 2354 ad
1278 2306 1499 2368 aliquam
1539 2305 1839 2353 destinatam

148 2379 364 2438 partem,
418 2377 503 2425 sed
558 2394 682 2438 quae
738 2381 865 2428 esset
919 2382 1166 2441 oportuna
1211 2379 1528 2444 fugientibus.
1605 2380 1837 2443 fugimus,

146 2451 326 2512 inquit,
361 2466 458 2512 qua
498 2466 692 2499 cursum
731 2456 1005 2514 ventusque
1045 2453 1444 2516 gubernatorque
1476 2453 1709 2501 vocabat:
1750 2455 1838 2515 qui
1859 2469 1904 2503 so

148 2524 342 2588 fugiens
382 2527 589 2588 navigat
627 2541 684 2572 eo
722 2526 883 2574 tendit
923 2543 1018 2588 quo
1060 2527 1256 2576 duxerit
1294 2530 1492 2589 ventus3
1538 2528 1838 2590 gubernator

149 2614 342 2660 quoque
397 2600 515 2660 quia
569 2598 703 2645 aliud
749 2615 847 2647 non
871 2603 1078 2663 potest,
1125 2603 1273 2650 vento
1325 2601 1582 2650 consentit.
1658 2601 1836 2662 incipit

60 2674 144 2714 270
162 2673 261 2719 iam
310 2672 581 2720 describere
626 2673 737 2720 loca
775 2689 902 2735 quae
941 2675 1223 2739 navigando
1262 2675 1486 2723 transiit:
1539 2675 1642 2722 iam
1679 2675 1835 2722 medio

265 2801 293 2840 4
324 2799 588 2854 prohibente
618 2798 706 2842 LR
745 2813 856 2843 corr.
889 2815 912 2842 r
952 2802 1017 2856 (et
1046 2800 1201 2858 infra).
1355 2806 1406 2844 11
1442 2805 1482 2844 et
1513 2805 1634 2845 certa
1672 2813 1760 2844 om.
1793 2799 1834 2842 R

147 2856 254 2899 add.
285 2871 321 2900 r.
446 2861 499 2900 12
532 2862 700 2902 terto-sse
731 2857 817 2901 LR
847 2872 975 2903 nosse
1004 2874 1028 2902 r
1059 2862 1252 2905 tenuisse
1283 2874 1368 2904 nos
1399 2864 1512 2904 reete
1542 2873 1670 2903 nosse
1701 2859 1772 2903 ed.

150 2919 204 2958 15
236 2917 432 2960 oriretur
462 2916 533 2959 ed.
658 2921 712 2959 22
745 2916 943 2973 diripere
974 2918 1045 2962 ed.
1170 2924 1224 2962 26
1257 2920 1386 2964 nothi
1413 2933 1450 2962 r.
1559 2922 1614 2961 27
1646 2919 1835 2962 vocabat

146 2973 246 3028 LR,
276 2973 390 3018 item
422 2973 546 3019 infra
577 2976 625 3019 et
656 2979 697 3030 ὅ,
723 2980 748 3018 2
783 2977 912 3021 -baut
942 2977 1015 3020 ed.
1860 2987 1863 2990 ’
