<?xml version="1.0" encoding="UTF-8"?>
<!DOCTYPE html PUBLIC "-//W3C//DTD XHTML 1.0 Transitional//EN"
    "http://www.w3.org/TR/xhtml1/DTD/xhtml1-transitional.dtd">
<html xmlns="http://www.w3.org/1999/xhtml" xml:lang="en" lang="en">
 <head>
  <title>
</title>
<meta http-equiv="Content-Type" content="text/html;charset=utf-8" />
  <meta name='ocr-system' content='tesseract 3.04.00' />
  <meta name='ocr-capabilities' content='ocr_page ocr_carea ocr_par ocr_line ocrx_word'/>
</head>
<body>
  <div class='ocr_page' id='page_1' title='image "./interpretationes01donauoft_0070.png"; bbox 0 0 2014 3226; ppageno 0'>
   <div class='ocr_carea' id='block_1_1' title="bbox 221 149 1431 207">
    <p class='ocr_par' dir='ltr' id='par_1_1' title="bbox 221 149 1431 207">
     <span class='ocr_line' id='line_1_1' title="bbox 221 149 1431 207; baseline -0.001 -12"><span class='ocrx_word' id='word_1_1' title='bbox 221 159 291 207; x_wconf 75' lang='lat'>:20</span> <span class='ocrx_word' id='word_1_2' title='bbox 682 152 910 195; x_wconf 82' lang='lat' dir='ltr'>DONATI</span> <span class='ocrx_word' id='word_1_3' title='bbox 941 151 1219 194; x_wconf 79' lang='lat' dir='ltr'>INTERPR..</span> <span class='ocrx_word' id='word_1_4' title='bbox 1254 149 1431 194; x_wconf 78' lang='lat' dir='ltr'>VERG.</span> 
     </span>
    </p>
   </div>
   <div class='ocr_carea' id='block_1_2' title="bbox 1851 388 2014 3226">
    <p class='ocr_par' dir='ltr' id='par_1_2' title="bbox 1851 388 2014 3226">
     <span class='ocr_line' id='line_1_2' title="bbox 1988 388 2014 680; baseline 0 -78"><span class='ocrx_word' id='word_1_5' title='bbox 1988 388 2014 680; x_wconf 95' lang='lat' dir='ltr'>    </span> 
     </span>
     <span class='ocr_line' id='line_1_3' title="bbox 1988 680 2014 754; baseline 0 2472"><span class='ocrx_word' id='word_1_6' title='bbox 1988 680 2014 754; x_wconf 95' lang='lat' dir='ltr'> </span> 
     </span>
     <span class='ocr_line' id='line_1_4' title="bbox 1988 754 2014 824; baseline 0 2402"><span class='ocrx_word' id='word_1_7' title='bbox 1988 754 2014 824; x_wconf 95' lang='lat' dir='ltr'> </span> 
     </span>
     <span class='ocr_line' id='line_1_5' title="bbox 1978 824 2014 1120; baseline 0 -145"><span class='ocrx_word' id='word_1_8' title='bbox 1978 824 2014 1120; x_wconf 95' lang='lat' dir='ltr'>    </span> 
     </span>
     <span class='ocr_line' id='line_1_6' title="bbox 1980 1120 2014 1292; baseline 0 0"><span class='ocrx_word' id='word_1_9' title='bbox 1980 1120 2014 1292; x_wconf 95' lang='lat' dir='ltr'>   </span> 
     </span>
     <span class='ocr_line' id='line_1_7' title="bbox 1975 1292 2014 1365; baseline 0 -21"><span class='ocrx_word' id='word_1_10' title='bbox 1975 1292 2014 1365; x_wconf 95' lang='lat' dir='ltr'>  </span> 
     </span>
     <span class='ocr_line' id='line_1_8' title="bbox 1975 1365 2014 1490; baseline 0 0"><span class='ocrx_word' id='word_1_11' title='bbox 1975 1365 2014 1490; x_wconf 95' lang='lat' dir='ltr'>  </span> 
     </span>
     <span class='ocr_line' id='line_1_9' title="bbox 1948 1490 2014 1637; baseline 0 -70"><span class='ocrx_word' id='word_1_12' title='bbox 1948 1490 2014 1637; x_wconf 95' lang='lat' dir='ltr'>  </span> 
     </span>
     <span class='ocr_line' id='line_1_10' title="bbox 1928 1637 2014 1863; baseline 0 -153"><span class='ocrx_word' id='word_1_13' title='bbox 1928 1637 2014 1863; x_wconf 95' lang='lat' dir='ltr'>   </span> 
     </span>
     <span class='ocr_line' id='line_1_11' title="bbox 1976 1863 2014 1935; baseline 0 1291"><span class='ocrx_word' id='word_1_14' title='bbox 1976 1863 2014 1935; x_wconf 95' lang='lat' dir='ltr'> </span> 
     </span>
     <span class='ocr_line' id='line_1_12' title="bbox 1932 1935 2014 2009; baseline 0 1217"><span class='ocrx_word' id='word_1_15' title='bbox 1932 1935 2014 2009; x_wconf 95' lang='lat' dir='ltr'> </span> 
     </span>
     <span class='ocr_line' id='line_1_13' title="bbox 1928 2009 2014 2082; baseline 0 1144"><span class='ocrx_word' id='word_1_16' title='bbox 1928 2009 2014 2082; x_wconf 95' lang='lat' dir='ltr'> </span> 
     </span>
     <span class='ocr_line' id='line_1_14' title="bbox 1928 2082 2014 2157; baseline 0 1069"><span class='ocrx_word' id='word_1_17' title='bbox 1928 2082 2014 2157; x_wconf 95' lang='lat' dir='ltr'> </span> 
     </span>
     <span class='ocr_line' id='line_1_15' title="bbox 1928 2157 2014 2232; baseline 0 994"><span class='ocrx_word' id='word_1_18' title='bbox 1928 2157 2014 2232; x_wconf 95' lang='lat' dir='ltr'> </span> 
     </span>
     <span class='ocr_line' id='line_1_16' title="bbox 1972 2232 2014 2301; baseline 0 925"><span class='ocrx_word' id='word_1_19' title='bbox 1972 2232 2014 2301; x_wconf 95' lang='lat' dir='ltr'> </span> 
     </span>
     <span class='ocr_line' id='line_1_17' title="bbox 1926 2301 2014 2468; baseline 0 0"><span class='ocrx_word' id='word_1_20' title='bbox 1926 2301 2014 2468; x_wconf 95' lang='lat' dir='ltr'>   </span> 
     </span>
     <span class='ocr_line' id='line_1_18' title="bbox 1920 2468 2014 2637; baseline 0 0"><span class='ocrx_word' id='word_1_21' title='bbox 1920 2468 2014 2637; x_wconf 95' lang='lat' dir='ltr'>   </span> 
     </span>
     <span class='ocr_line' id='line_1_19' title="bbox 1918 2637 2014 2844; baseline 0 -115"><span class='ocrx_word' id='word_1_22' title='bbox 1918 2637 2014 2844; x_wconf 95' lang='lat' dir='ltr'>    </span> 
     </span>
     <span class='ocr_line' id='line_1_20' title="bbox 1851 2844 2014 3226; baseline 0 -319"><span class='ocrx_word' id='word_1_23' title='bbox 1851 2844 2014 3226; x_wconf 95' lang='lat' dir='ltr'>  </span> 
     </span>
    </p>
   </div>
   <div class='ocr_carea' id='block_1_3' title="bbox 154 289 1980 2568">
    <p class='ocr_par' dir='ltr' id='par_1_3' title="bbox 221 289 1972 722">
     <span class='ocr_line' id='line_1_21' title="bbox 223 289 1905 355; baseline -0.004 -13"><span class='ocrx_word' id='word_1_24' title='bbox 223 313 337 342; x_wconf 78' lang='lat' dir='ltr'>cum</span> <span class='ocrx_word' id='word_1_25' title='bbox 383 294 503 355; x_wconf 86' lang='lat' dir='ltr'>ipsis</span> <span class='ocrx_word' id='word_1_26' title='bbox 551 292 759 339; x_wconf 85' lang='lat' dir='ltr'>navibus</span> <span class='ocrx_word' id='word_1_27' title='bbox 807 291 1045 353; x_wconf 78' lang='lat' dir='ltr'>perdidit,</span> <span class='ocrx_word' id='word_1_28' title='bbox 1101 307 1190 354; x_wconf 86' lang='lat' dir='ltr'>ego</span> <span class='ocrx_word' id='word_1_29' title='bbox 1237 292 1290 338; x_wconf 89' lang='lat' dir='ltr'>in</span> <span class='ocrx_word' id='word_1_30' title='bbox 1340 290 1670 352; x_wconf 87' lang='lat' dir='ltr'>plurimorum</span> <span class='ocrx_word' id='word_1_31' title='bbox 1722 289 1905 338; x_wconf 84' lang='lat' dir='ltr'>offensa</span> 
     </span>
     <span class='ocr_line' id='line_1_22' title="bbox 221 362 1905 426; baseline -0.002 -11"><span class='ocrx_word' id='word_1_32' title='bbox 221 385 373 415; x_wconf 92' lang='lat' dir='ltr'>unum</span> <span class='ocrx_word' id='word_1_33' title='bbox 422 368 482 414; x_wconf 85' lang='lat' dir='ltr'>ab</span> <span class='ocrx_word' id='word_1_34' title='bbox 523 367 670 414; x_wconf 86' lang='lat' dir='ltr'>Italia</span> <span class='ocrx_word' id='word_1_35' title='bbox 718 367 939 413; x_wconf 87' lang='lat' dir='ltr'>avertere</span> <span class='ocrx_word' id='word_1_36' title='bbox 978 381 1077 412; x_wconf 90' lang='lat' dir='ltr'>non</span> <span class='ocrx_word' id='word_1_37' title='bbox 1115 362 1350 426; x_wconf 80' lang='lat' dir='ltr'>possum?</span> <span class='ocrx_word' id='word_1_38' title='bbox 1427 364 1507 410; x_wconf 87' lang='lat' dir='ltr'>hic</span> <span class='ocrx_word' id='word_1_39' title='bbox 1555 377 1762 425; x_wconf 84' lang='lat' dir='ltr'>quoque-</span> <span class='ocrx_word' id='word_1_40' title='bbox 1796 363 1905 411; x_wconf 84' lang='lat' dir='ltr'>laus</span> 
     </span>
     <span class='ocr_line' id='line_1_23' title="bbox 223 437 1905 504; baseline -0.003 -16"><span class='ocrx_word' id='word_1_41' title='bbox 223 442 513 504; x_wconf 75' lang='lat' dir='ltr'>exprimitur</span> <span class='ocrx_word' id='word_1_42' title='bbox 558 440 775 499; x_wconf 88' lang='lat' dir='ltr'>Aeneae,</span> <span class='ocrx_word' id='word_1_43' title='bbox 822 439 963 486; x_wconf 85' lang='lat' dir='ltr'>cuius</span> <span class='ocrx_word' id='word_1_44' title='bbox 1010 442 1207 486; x_wconf 84' lang='lat' dir='ltr'>tantum</span> <span class='ocrx_word' id='word_1_45' title='bbox 1252 439 1484 485; x_wconf 88' lang='lat' dir='ltr'>meritum</span> <span class='ocrx_word' id='word_1_46' title='bbox 1518 437 1648 497; x_wconf 70' lang='lat' dir='ltr'>fuit,</span> <span class='ocrx_word' id='word_1_47' title='bbox 1698 438 1755 483; x_wconf 86' lang='lat' dir='ltr'>ut</span> <span class='ocrx_word' id='word_1_48' title='bbox 1801 437 1905 484; x_wconf 84' lang='grc'><strong>01118</strong></span> 
     </span>
     <span class='ocr_line' id='line_1_24' title="bbox 224 511 1905 572; baseline -0.003 -10"><span class='ocrx_word' id='word_1_49' title='bbox 224 516 511 563; x_wconf 72' lang='lat' dir='ltr'>felicitatem</span> <span class='ocrx_word' id='word_1_50' title='bbox 552 514 674 560; x_wconf 91' lang='lat' dir='ltr'>Iuno</span> <span class='ocrx_word' id='word_1_51' title='bbox 716 529 826 558; x_wconf 87' lang='lat' dir='ltr'>cum</span> <span class='ocrx_word' id='word_1_52' title='bbox 866 512 1107 559; x_wconf 85' lang='lat' dir='ltr'>omnibus.</span> <span class='ocrx_word' id='word_1_53' title='bbox 1131 512 1226 559; x_wconf 85' lang='lat' dir='ltr'>diis</span> <span class='ocrx_word' id='word_1_54' title='bbox 1266 527 1364 558; x_wconf 86' lang='lat' dir='ltr'>non</span> <span class='ocrx_word' id='word_1_55' title='bbox 1403 511 1620 558; x_wconf 84' lang='lat' dir='ltr'>valuerit</span> <span class='ocrx_word' id='word_1_56' title='bbox 1659 525 1905 572; x_wconf 87' lang='lat' dir='ltr'>superare.</span> 
     </span>
     <span class='ocr_line' id='line_1_25' title="bbox 224 584 1972 649; baseline -0.001 -14"><span class='ocrx_word' id='word_1_57' title='bbox 224 606 332 635; x_wconf 87' lang='lat' dir='ltr'>cum</span> <span class='ocrx_word' id='word_1_58' title='bbox 372 589 525 649; x_wconf 81' lang='lat' dir='ltr'>igitur</span> <span class='ocrx_word' id='word_1_59' title='bbox 564 587 749 633; x_wconf 82' lang='lat' dir='ltr'>diceret</span> <span class='ocrx_word' id='word_1_60' title='bbox 788 588 971 648; x_wconf 85' lang='lat' dir='ltr'>quippe</span> <span class='ocrx_word' id='word_1_61' title='bbox 1011 588 1152 633; x_wconf 88' lang='lat' dir='ltr'>vetor</span> <span class='ocrx_word' id='word_1_62' title='bbox 1190 586 1322 645; x_wconf 84' lang='lat' dir='ltr'>fatis,</span> <span class='ocrx_word' id='word_1_63' title='bbox 1362 584 1576 643; x_wconf 86' lang='lat' dir='ltr'>addidit,</span> <span class='ocrx_word' id='word_1_64' title='bbox 1624 586 1680 631; x_wconf 86' lang='lat' dir='ltr'>ut</span> <span class='ocrx_word' id='word_1_65' title='bbox 1719 584 1907 632; x_wconf 86' lang='lat' dir='ltr'>dictum</span> <span class='ocrx_word' id='word_1_66' title='bbox 1945 601 1972 634; x_wconf 71' lang='grc'>11</span> 
     </span>
     <span class='ocr_line' id='line_1_26' title="bbox 222 658 1907 722; baseline -0.002 -13"><span class='ocrx_word' id='word_1_67' title='bbox 222 666 308 721; x_wconf 77' lang='lat' dir='ltr'>est,</span> <span class='ocrx_word' id='word_1_68' title='bbox 350 662 624 722; x_wconf 80' lang='lat' dir='ltr'>exemplum</span> <span class='ocrx_word' id='word_1_69' title='bbox 663 661 914 707; x_wconf 88' lang='lat' dir='ltr'>Minervae</span> <span class='ocrx_word' id='word_1_70' title='bbox 955 658 1350 719; x_wconf 83' lang='lat' dir='ltr'>Graecorumque</span> <span class='ocrx_word' id='word_1_71' title='bbox 1392 658 1453 705; x_wconf 88' lang='lat' dir='ltr'>ab</span> <span class='ocrx_word' id='word_1_72' title='bbox 1495 673 1554 705; x_wconf 88' lang='lat' dir='ltr'>ea</span> <span class='ocrx_word' id='word_1_73' title='bbox 1599 658 1907 719; x_wconf 87' lang='lat' dir='ltr'>perditorum</span> 
     </span>
    </p>

    <p class='ocr_par' dir='ltr' id='par_1_4' title="bbox 222 733 1906 794">
     <span class='ocr_line' id='line_1_27' title="bbox 222 733 1906 794; baseline -0.002 -12"><span class='ocrx_word' id='word_1_74' title='bbox 222 737 505 783; x_wconf 81' lang='lat' dir='ltr'>existimans</span> <span class='ocrx_word' id='word_1_75' title='bbox 552 736 605 780; x_wconf 93' lang='lat' dir='ltr'>in</span> <span class='ocrx_word' id='word_1_76' title='bbox 653 749 822 781; x_wconf 90' lang='lat' dir='ltr'>eorum</span> <span class='ocrx_word' id='word_1_77' title='bbox 871 735 1080 780; x_wconf 84' lang='lat' dir='ltr'>interitu</span> <span class='ocrx_word' id='word_1_78' title='bbox 1127 735 1232 781; x_wconf 81' lang='lat' dir='ltr'>fata</span> <span class='ocrx_word' id='word_1_79' title='bbox 1273 748 1377 781; x_wconf 87' lang='lat' dir='ltr'>esse</span> <span class='ocrx_word' id='word_1_80' title='bbox 1416 734 1714 794; x_wconf 86' lang='lat' dir='ltr'>permutata,</span> <span class='ocrx_word' id='word_1_81' title='bbox 1754 734 1818 779; x_wconf 86' lang='lat' dir='ltr'>ut·</span> <span class='ocrx_word' id='word_1_82' title='bbox 1847 733 1906 779; x_wconf 84' lang='lat' dir='ltr'>li-</span> 
     </span>
    </p>

    <p class='ocr_par' dir='ltr' id='par_1_5' title="bbox 222 806 1907 868">
     <span class='ocr_line' id='line_1_28' title="bbox 222 806 1907 868; baseline -0.002 -12"><span class='ocrx_word' id='word_1_83' title='bbox 222 811 379 856; x_wconf 88' lang='lat' dir='ltr'>cuerit</span> <span class='ocrx_word' id='word_1_84' title='bbox 416 807 603 856; x_wconf 87' lang='lat' dir='ltr'>volenti</span> <span class='ocrx_word' id='word_1_85' title='bbox 641 808 821 855; x_wconf 87' lang='lat' dir='ltr'>inferre</span> <span class='ocrx_word' id='word_1_86' title='bbox 862 808 1129 868; x_wconf 87' lang='lat' dir='ltr'>perniciem</span> <span class='ocrx_word' id='word_1_87' title='bbox 1168 822 1319 867; x_wconf 87' lang='lat' dir='ltr'>quam</span> <span class='ocrx_word' id='word_1_88' title='bbox 1366 808 1471 854; x_wconf 83' lang='lat' dir='ltr'>fata</span> <span class='ocrx_word' id='word_1_89' title='bbox 1518 822 1618 853; x_wconf 91' lang='lat' dir='ltr'>non</span> <span class='ocrx_word' id='word_1_90' title='bbox 1665 806 1907 854; x_wconf 75' lang='lat' dir='ltr'>sinebant.</span> 
     </span>
    </p>

    <p class='ocr_par' dir='ltr' id='par_1_6' title="bbox 222 879 1907 943">
     <span class='ocr_line' id='line_1_29' title="bbox 222 879 1907 943; baseline -0.002 -14"><span class='ocrx_word' id='word_1_91' title='bbox 222 885 456 929; x_wconf 82' lang='lat' dir='ltr'>maiorem</span> <span class='ocrx_word' id='word_1_92' title='bbox 505 882 723 929; x_wconf 84' lang='lat' dir='ltr'>dolorem</span> <span class='ocrx_word' id='word_1_93' title='bbox 762 881 968 928; x_wconf 85' lang='lat' dir='ltr'>Iunonis</span> <span class='ocrx_word' id='word_1_94' title='bbox 1018 881 1272 943; x_wconf 82' lang='lat' dir='ltr'>adsignat,</span> <span class='ocrx_word' id='word_1_95' title='bbox 1321 880 1452 942; x_wconf 86' lang='lat' dir='ltr'>quod</span> <span class='ocrx_word' id='word_1_96' title='bbox 1498 881 1550 926; x_wconf 86' lang='lat' dir='ltr'>in</span> <span class='ocrx_word' id='word_1_97' title='bbox 1591 879 1762 927; x_wconf 88' lang='lat' dir='ltr'>eodem</span> <span class='ocrx_word' id='word_1_98' title='bbox 1800 881 1907 927; x_wconf 81' lang='lat' dir='ltr'>fato</span> 
     </span>
    </p>

    <p class='ocr_par' dir='ltr' id='par_1_7' title="bbox 220 954 1974 1089">
     <span class='ocr_line' id='line_1_30' title="bbox 221 954 1974 1015; baseline -0.001 -12"><span class='ocrx_word' id='word_1_99' title='bbox 221 957 494 1003; x_wconf 84' lang='lat' dir='ltr'>Minervam</span> <span class='ocrx_word' id='word_1_100' title='bbox 533 957 777 1003; x_wconf 88' lang='lat' dir='ltr'>monstrat</span> <span class='ocrx_word' id='word_1_101' title='bbox 814 957 1013 1002; x_wconf 85' lang='lat' dir='ltr'>tantum</span> <span class='ocrx_word' id='word_1_102' title='bbox 1051 955 1103 1002; x_wconf 90' lang='lat' dir='ltr'>in</span> <span class='ocrx_word' id='word_1_103' title='bbox 1143 956 1245 1003; x_wconf 84' lang='lat' dir='ltr'>suis</span> <span class='ocrx_word' id='word_1_104' title='bbox 1284 954 1537 1002; x_wconf 87' lang='lat' dir='ltr'>doloribus</span> <span class='ocrx_word' id='word_1_105' title='bbox 1576 956 1819 1015; x_wconf 76' lang='lat' dir='ltr'>potuisse,</span> <span class='ocrx_word' id='word_1_106' title='bbox 1851 956 1907 1001; x_wconf 82' lang='lat' dir='ltr'>ut</span> <span class='ocrx_word' id='word_1_107' title='bbox 1933 971 1974 1002; x_wconf 74' lang='lat' dir='ltr'>m</span> 
     </span>
     <span class='ocr_line' id='line_1_31' title="bbox 220 1027 1907 1089; baseline -0.001 -13"><span class='ocrx_word' id='word_1_108' title='bbox 220 1032 271 1076; x_wconf 86' lang='lat' dir='ltr'>in</span> <span class='ocrx_word' id='word_1_109' title='bbox 311 1031 498 1077; x_wconf 91' lang='lat' dir='ltr'>ultione</span> <span class='ocrx_word' id='word_1_110' title='bbox 539 1044 628 1076; x_wconf 87' lang='lat' dir='ltr'>sua</span> <span class='ocrx_word' id='word_1_111' title='bbox 668 1030 820 1076; x_wconf 78' lang='lat' dir='ltr'>etiam</span> <span class='ocrx_word' id='word_1_112' title='bbox 858 1029 1067 1075; x_wconf 83' lang='lat' dir='ltr'>fulmine</span> <span class='ocrx_word' id='word_1_113' title='bbox 1107 1029 1239 1076; x_wconf 83' lang='lat' dir='ltr'>Iovis</span> <span class='ocrx_word' id='word_1_114' title='bbox 1280 1042 1370 1075; x_wconf 88' lang='lat' dir='ltr'>usa</span> <span class='ocrx_word' id='word_1_115' title='bbox 1401 1027 1643 1087; x_wconf 88' lang='lat' dir='ltr'>videatur,</span> <span class='ocrx_word' id='word_1_116' title='bbox 1675 1043 1907 1089; x_wconf 84' lang='lat' dir='ltr'>poenam—</span> 
     </span>
    </p>

    <p class='ocr_par' dir='ltr' id='par_1_8' title="bbox 223 1101 1908 1164">
     <span class='ocr_line' id='line_1_32' title="bbox 223 1101 1908 1164; baseline 0 -15"><span class='ocrx_word' id='word_1_117' title='bbox 223 1119 316 1164; x_wconf 86' lang='lat' dir='ltr'>que</span> <span class='ocrx_word' id='word_1_118' title='bbox 355 1104 515 1164; x_wconf 86' lang='lat' dir='ltr'>ipsam</span> <span class='ocrx_word' id='word_1_119' title='bbox 555 1104 624 1150; x_wconf 86' lang='lat' dir='ltr'>sic</span> <span class='ocrx_word' id='word_1_120' title='bbox 664 1103 919 1164; x_wconf 77' lang='lat' dir='ltr'>exprimit,</span> <span class='ocrx_word' id='word_1_121' title='bbox 966 1105 1023 1149; x_wconf 88' lang='lat' dir='ltr'>ut</span> <span class='ocrx_word' id='word_1_122' title='bbox 1063 1103 1230 1150; x_wconf 84' lang='lat' dir='ltr'>delicti</span> <span class='ocrx_word' id='word_1_123' title='bbox 1269 1103 1428 1164; x_wconf 86' lang='lat' dir='ltr'>ipsius</span> <span class='ocrx_word' id='word_1_124' title='bbox 1468 1101 1702 1149; x_wconf 85' lang='lat' dir='ltr'>defendat</span> <span class='ocrx_word' id='word_1_125' title='bbox 1741 1103 1908 1149; x_wconf 81' lang='lat' dir='ltr'>aucto-</span> 
     </span>
    </p>

    <p class='ocr_par' dir='ltr' id='par_1_9' title="bbox 220 1175 1908 1240">
     <span class='ocr_line' id='line_1_33' title="bbox 220 1175 1908 1240; baseline -0.001 -17"><span class='ocrx_word' id='word_1_126' title='bbox 220 1193 345 1235; x_wconf 82' lang='lat' dir='ltr'>rem,</span> <span class='ocrx_word' id='word_1_127' title='bbox 401 1192 525 1237; x_wconf 90' lang='lat' dir='ltr'>quae</span> <span class='ocrx_word' id='word_1_128' title='bbox 573 1176 791 1224; x_wconf 86' lang='lat' dir='ltr'>defensio</span> <span class='ocrx_word' id='word_1_129' title='bbox 838 1176 966 1224; x_wconf 89' lang='lat' dir='ltr'>iram</span> <span class='ocrx_word' id='word_1_130' title='bbox 1012 1176 1216 1223; x_wconf 90' lang='lat' dir='ltr'>Iunonis</span> <span class='ocrx_word' id='word_1_131' title='bbox 1265 1178 1546 1240; x_wconf 75' lang='lat' dir='ltr'>exaggerat.</span> <span class='ocrx_word' id='word_1_132' title='bbox 1640 1176 1727 1237; x_wconf 86' lang='lat' dir='ltr'>qui</span> <span class='ocrx_word' id='word_1_133' title='bbox 1778 1175 1908 1224; x_wconf 86' lang='lat' dir='ltr'>enim</span> 
     </span>
    </p>

    <p class='ocr_par' dir='ltr' id='par_1_10' title="bbox 222 1249 1908 1313">
     <span class='ocr_line' id='line_1_34' title="bbox 222 1249 1908 1313; baseline 0 -17"><span class='ocrx_word' id='word_1_134' title='bbox 222 1250 385 1311; x_wconf 87' lang='lat' dir='ltr'>potuit</span> <span class='ocrx_word' id='word_1_135' title='bbox 439 1250 634 1297; x_wconf 86' lang='lat' dir='ltr'>defendi</span> <span class='ocrx_word' id='word_1_136' title='bbox 688 1250 873 1298; x_wconf 77' lang='lat' dir='ltr'>iniuste</span> <span class='ocrx_word' id='word_1_137' title='bbox 928 1251 1278 1313; x_wconf 82' lang='lat' dir='ltr'>gravissimum</span> <span class='ocrx_word' id='word_1_138' title='bbox 1333 1249 1632 1312; x_wconf 89' lang='lat' dir='ltr'>supplicium</span> <span class='ocrx_word' id='word_1_139' title='bbox 1686 1250 1908 1312; x_wconf 83' lang='lat' dir='ltr'>pertulit,</span> 
     </span>
    </p>

    <p class='ocr_par' dir='ltr' id='par_1_11' title="bbox 154 1324 1980 2568">
     <span class='ocr_line' id='line_1_35' title="bbox 221 1324 1980 1388; baseline 0.001 -18"><span class='ocrx_word' id='word_1_140' title='bbox 221 1325 377 1371; x_wconf 83' lang='lat' dir='ltr'>multo</span> <span class='ocrx_word' id='word_1_141' title='bbox 417 1325 575 1388; x_wconf 87' lang='lat' dir='ltr'>magis</span> <span class='ocrx_word' id='word_1_142' title='bbox 617 1325 738 1371; x_wconf 87' lang='lat' dir='ltr'>socii</span> <span class='ocrx_word' id='word_1_143' title='bbox 778 1325 881 1372; x_wconf 90' lang='lat' dir='ltr'>eius</span> <span class='ocrx_word' id='word_1_144' title='bbox 923 1325 1009 1385; x_wconf 83' lang='lat' dir='ltr'>qui</span> <span class='ocrx_word' id='word_1_145' title='bbox 1048 1340 1159 1372; x_wconf 90' lang='lat' dir='ltr'>cum</span> <span class='ocrx_word' id='word_1_146' title='bbox 1197 1324 1408 1373; x_wconf 82' lang='lat' dir='ltr'>navibus</span> <span class='ocrx_word' id='word_1_147' title='bbox 1459 1325 1716 1385; x_wconf 86' lang='lat' dir='ltr'>perierunt</span> <span class='ocrx_word' id='word_1_148' title='bbox 1761 1325 1908 1371; x_wconf 85' lang='lat' dir='ltr'>unius</span> <span class='ocrx_word' id='word_1_149' title='bbox 1933 1339 1980 1372; x_wconf 69' lang='grc'>18</span> 
     </span>
     <span class='ocr_line' id='line_1_36' title="bbox 221 1396 1909 1459; baseline 0 -15"><span class='ocrx_word' id='word_1_150' title='bbox 221 1413 361 1446; x_wconf 83' lang='grc' dir='ltr'><strong>110Χο.</strong></span> <span class='ocrx_word' id='word_1_151' title='bbox 438 1398 626 1445; x_wconf 90' lang='lat' dir='ltr'>interea</span> <span class='ocrx_word' id='word_1_152' title='bbox 671 1414 761 1459; x_wconf 91' lang='lat' dir='ltr'>pro</span> <span class='ocrx_word' id='word_1_153' title='bbox 803 1397 1009 1445; x_wconf 86' lang='lat' dir='ltr'>arbitrio</span> <span class='ocrx_word' id='word_1_154' title='bbox 1057 1413 1143 1445; x_wconf 89' lang='lat' dir='ltr'>suo</span> <span class='ocrx_word' id='word_1_155' title='bbox 1193 1401 1243 1445; x_wconf 85' lang='lat' dir='ltr'>et</span> <span class='ocrx_word' id='word_1_156' title='bbox 1287 1414 1376 1459; x_wconf 86' lang='lat' dir='ltr'>pro</span> <span class='ocrx_word' id='word_1_157' title='bbox 1424 1400 1744 1459; x_wconf 86' lang='lat' dir='ltr'>praesumpta</span> <span class='ocrx_word' id='word_1_158' title='bbox 1793 1396 1909 1446; x_wconf 83' lang='lat' dir='ltr'>Car-</span> 
     </span>
     <span class='ocr_line' id='line_1_37' title="bbox 220 1471 1909 1535; baseline 0 -16"><span class='ocrx_word' id='word_1_159' title='bbox 220 1472 438 1534; x_wconf 84' lang='lat' dir='ltr'>thaginis</span> <span class='ocrx_word' id='word_1_160' title='bbox 486 1486 633 1520; x_wconf 87' lang='lat' dir='ltr'>causa</span> <span class='ocrx_word' id='word_1_161' title='bbox 679 1472 788 1518; x_wconf 87' lang='lat' dir='ltr'>vult</span> <span class='ocrx_word' id='word_1_162' title='bbox 835 1488 947 1519; x_wconf 88' lang='lat' dir='ltr'>cum</span> <span class='ocrx_word' id='word_1_163' title='bbox 992 1487 1108 1535; x_wconf 86' lang='lat' dir='ltr'>rege</span> <span class='ocrx_word' id='word_1_164' title='bbox 1155 1487 1267 1532; x_wconf 90' lang='lat' dir='ltr'>suo,</span> <span class='ocrx_word' id='word_1_165' title='bbox 1313 1473 1405 1519; x_wconf 87' lang='lat' dir='ltr'>hoc</span> <span class='ocrx_word' id='word_1_166' title='bbox 1446 1474 1521 1519; x_wconf 88' lang='lat' dir='ltr'>est</span> <span class='ocrx_word' id='word_1_167' title='bbox 1559 1471 1751 1531; x_wconf 85' lang='lat' dir='ltr'>Aenea,</span> <span class='ocrx_word' id='word_1_168' title='bbox 1798 1487 1909 1519; x_wconf 89' lang='lat' dir='ltr'>reos</span> 
     </span>
     <span class='ocr_line' id='line_1_38' title="bbox 221 1546 1906 1607; baseline 0.001 -15"><span class='ocrx_word' id='word_1_169' title='bbox 221 1549 387 1592; x_wconf 91' lang='lat' dir='ltr'>tenere</span> <span class='ocrx_word' id='word_1_170' title='bbox 428 1546 683 1605; x_wconf 88' lang='lat' dir='ltr'>Troianos,</span> <span class='ocrx_word' id='word_1_171' title='bbox 724 1547 811 1606; x_wconf 91' lang='lat' dir='ltr'>qui</span> <span class='ocrx_word' id='word_1_172' title='bbox 848 1546 974 1592; x_wconf 85' lang='lat' dir='ltr'>nihil</span> <span class='ocrx_word' id='word_1_173' title='bbox 1015 1547 1167 1593; x_wconf 87' lang='lat' dir='ltr'>etiam</span> <span class='ocrx_word' id='word_1_174' title='bbox 1205 1547 1305 1607; x_wconf 89' lang='lat' dir='ltr'>ipsi</span> <span class='ocrx_word' id='word_1_175' title='bbox 1345 1546 1762 1593; x_wconf 88' lang='lat' dir='ltr'>commeruissent.</span> <span class='ocrx_word' id='word_1_176' title='bbox 1809 1547 1906 1593; x_wconf 74' lang='lat' dir='ltr'>tvi-</span> 
     </span>
     <span class='ocr_line' id='line_1_39' title="bbox 222 1619 1971 1683; baseline 0 -17"><span class='ocrx_word' id='word_1_177' title='bbox 222 1619 421 1667; x_wconf 86' lang='lat' dir='ltr'>deamus</span> <span class='ocrx_word' id='word_1_178' title='bbox 460 1635 592 1667; x_wconf 91' lang='lat' dir='ltr'>nunc</span> <span class='ocrx_word' id='word_1_179' title='bbox 631 1619 1049 1680; x_wconf 87' lang='lat' dir='ltr'>quemadmodum</span> <span class='ocrx_word' id='word_1_180' title='bbox 1089 1619 1257 1667; x_wconf 83' lang='lat' dir='ltr'>Aiacis</span> <span class='ocrx_word' id='word_1_181' title='bbox 1303 1622 1501 1667; x_wconf 87' lang='lat' dir='ltr'>excuset</span> <span class='ocrx_word' id='word_1_182' title='bbox 1548 1619 1805 1678; x_wconf 84' lang='lat' dir='ltr'>offensam,</span> <span class='ocrx_word' id='word_1_183' title='bbox 1853 1622 1910 1666; x_wconf 87' lang='lat' dir='ltr'>ut</span> <span class='ocrx_word' id='word_1_184' title='bbox 1967 1677 1971 1683; x_wconf 86' lang='lat'>.</span> 
     </span>
     <span class='ocr_line' id='line_1_40' title="bbox 221 1692 1967 1756; baseline 0.001 -17"><span class='ocrx_word' id='word_1_185' title='bbox 221 1694 380 1756; x_wconf 82' lang='lat' dir='ltr'>magis</span> <span class='ocrx_word' id='word_1_186' title='bbox 427 1708 530 1741; x_wconf 88' lang='lat' dir='ltr'>sese</span> <span class='ocrx_word' id='word_1_187' title='bbox 577 1692 785 1740; x_wconf 88' lang='lat' dir='ltr'>dolendo</span> <span class='ocrx_word' id='word_1_188' title='bbox 833 1693 1111 1756; x_wconf 85' lang='lat' dir='ltr'>adfligeret,</span> <span class='ocrx_word' id='word_1_189' title='bbox 1166 1695 1211 1740; x_wconf 87' lang='grc'>81</span> <span class='ocrx_word' id='word_1_190' title='bbox 1262 1695 1315 1740; x_wconf 86' lang='grc'>111</span> <span class='ocrx_word' id='word_1_191' title='bbox 1370 1709 1426 1741; x_wconf 92' lang='grc'>00</span> <span class='ocrx_word' id='word_1_192' title='bbox 1480 1694 1614 1741; x_wconf 90' lang='lat' dir='ltr'>facto</span> <span class='ocrx_word' id='word_1_193' title='bbox 1663 1693 1908 1741; x_wconf 82' lang='lat' dir='ltr'>acerbi-tas</span> <span class='ocrx_word' id='word_1_194' title='bbox 1966 1751 1967 1755; x_wconf 10' lang='grc' dir='ltr'><strong>Ἰ</strong></span> 
     </span>
     <span class='ocr_line' id='line_1_41' title="bbox 222 1767 1914 1831; baseline 0.003 -18"><span class='ocrx_word' id='word_1_195' title='bbox 222 1782 409 1827; x_wconf 88' lang='lat' dir='ltr'>poenae</span> <span class='ocrx_word' id='word_1_196' title='bbox 449 1767 678 1828; x_wconf 73' lang='lat' dir='ltr'>conpleta</span> <span class='ocrx_word' id='word_1_197' title='bbox 717 1782 820 1814; x_wconf 89' lang='lat' dir='ltr'>esse</span> <span class='ocrx_word' id='word_1_198' title='bbox 860 1767 1091 1815; x_wconf 87' lang='lat' dir='ltr'>videatur</span> <span class='ocrx_word' id='word_1_199' title='bbox 1128 1769 1182 1814; x_wconf 93' lang='lat' dir='ltr'>in</span> <span class='ocrx_word' id='word_1_200' title='bbox 1223 1783 1321 1829; x_wconf 91' lang='lat' dir='ltr'>quo</span> <span class='ocrx_word' id='word_1_201' title='bbox 1360 1783 1461 1815; x_wconf 92' lang='lat' dir='ltr'>non</span> <span class='ocrx_word' id='word_1_202' title='bbox 1499 1767 1598 1815; x_wconf 85' lang='lat' dir='ltr'>fuit</span> <span class='ocrx_word' id='word_1_203' title='bbox 1629 1769 1800 1831; x_wconf 83' lang='lat' dir='ltr'>gravis</span> <span class='ocrx_word' id='word_1_204' title='bbox 1828 1767 1914 1818; x_wconf 40' lang='lat' dir='ltr'>deff</span> 
     </span>
     <span class='ocr_line' id='line_1_42' title="bbox 223 1839 1909 1903; baseline 0.001 -17"><span class='ocrx_word' id='word_1_205' title='bbox 223 1840 332 1887; x_wconf 88' lang='lat' dir='ltr'>licti</span> <span class='ocrx_word' id='word_1_206' title='bbox 384 1840 464 1887; x_wconf 83' lang='lat' dir='ltr'>vel</span> <span class='ocrx_word' id='word_1_207' title='bbox 510 1841 684 1901; x_wconf 87' lang='lat' dir='ltr'>culpae</span> <span class='ocrx_word' id='word_1_208' title='bbox 731 1841 1024 1889; x_wconf 87' lang='lat' dir='ltr'>substantia.</span> <span class='ocrx_word' id='word_1_209' title='bbox 1111 1841 1311 1901; x_wconf 84' lang='lat' dir='ltr'>furias,·</span> <span class='ocrx_word' id='word_1_210' title='bbox 1337 1843 1526 1903; x_wconf 87' lang='lat' dir='ltr'>inquit,</span> <span class='ocrx_word' id='word_1_211' title='bbox 1571 1840 1741 1889; x_wconf 78' lang='lat' dir='ltr'>Aiacis</span> <span class='ocrx_word' id='word_1_212' title='bbox 1786 1839 1909 1889; x_wconf 89' lang='lat' dir='ltr'>Oili:</span> 
     </span>
     <span class='ocr_line' id='line_1_43' title="bbox 222 1913 1961 1977; baseline 0.003 -18"><span class='ocrx_word' id='word_1_213' title='bbox 222 1913 350 1960; x_wconf 84' lang='lat' dir='ltr'>Aiax</span> <span class='ocrx_word' id='word_1_214' title='bbox 388 1914 636 1977; x_wconf 87' lang='lat' dir='ltr'>ingressus</span> <span class='ocrx_word' id='word_1_215' title='bbox 675 1914 917 1975; x_wconf 89' lang='lat' dir='ltr'>templum</span> <span class='ocrx_word' id='word_1_216' title='bbox 946 1914 1200 1963; x_wconf 85' lang='lat' dir='ltr'>Minervae</span> <span class='ocrx_word' id='word_1_217' title='bbox 1238 1917 1511 1963; x_wconf 88' lang='lat' dir='ltr'>incestatus</span> <span class='ocrx_word' id='word_1_218' title='bbox 1552 1915 1699 1963; x_wconf 87' lang='lat' dir='ltr'>caede</span> <span class='ocrx_word' id='word_1_219' title='bbox 1739 1918 1789 1962; x_wconf 90' lang='lat' dir='ltr'>et</span> <span class='ocrx_word' id='word_1_220' title='bbox 1823 1915 1908 1964; x_wconf 89' lang='lat' dir='ltr'>ho·</span> <span class='ocrx_word' id='word_1_221' title='bbox 1958 1974 1961 1977; x_wconf 15' lang='grc' dir='ltr'><strong>Α</strong></span> 
     </span>
     <span class='ocr_line' id='line_1_44' title="bbox 223 1983 1966 2051; baseline 0.002 -17"><span class='ocrx_word' id='word_1_222' title='bbox 223 1987 414 2034; x_wconf 89' lang='lat' dir='ltr'>minum</span> <span class='ocrx_word' id='word_1_223' title='bbox 452 1989 707 2050; x_wconf 86' lang='lat' dir='ltr'>sanguine,</span> <span class='ocrx_word' id='word_1_224' title='bbox 748 1990 865 2049; x_wconf 87' lang='lat' dir='ltr'>quia</span> <span class='ocrx_word' id='word_1_225' title='bbox 901 2003 1067 2037; x_wconf 87' lang='lat' dir='ltr'>amore</span> <span class='ocrx_word' id='word_1_226' title='bbox 1103 1988 1407 2037; x_wconf 78' lang='lat' dir='ltr'>Cassandrae</span> <span class='ocrx_word' id='word_1_227' title='bbox 1438 1988 1701 2036; x_wconf 86' lang='lat' dir='ltr'>tenebatur</span> <span class='ocrx_word' id='word_1_228' title='bbox 1733 2005 1790 2037; x_wconf 89' lang='grc'>00</span> <span class='ocrx_word' id='word_1_229' title='bbox 1820 2005 1911 2051; x_wconf 89' lang='lat' dir='ltr'>per</span> <span class='ocrx_word' id='word_1_230' title='bbox 1960 1983 1966 2010; x_wconf 69' lang='lat'><strong>²</strong></span> 
     </span>
     <span class='ocr_line' id='line_1_45' title="bbox 222 2060 1965 2125; baseline 0.002 -18"><span class='ocrx_word' id='word_1_231' title='bbox 222 2060 317 2118; x_wconf 82' lang='lat' dir='ltr'>hoc</span> <span class='ocrx_word' id='word_1_232' title='bbox 361 2060 611 2109; x_wconf 79' lang='lat' dir='ltr'>nesciebat</span> <span class='ocrx_word' id='word_1_233' title='bbox 657 2061 777 2122; x_wconf 85' lang='lat' dir='ltr'>quid</span> <span class='ocrx_word' id='word_1_234' title='bbox 821 2062 942 2109; x_wconf 88' lang='lat' dir='ltr'>mali</span> <span class='ocrx_word' id='word_1_235' title='bbox 989 2063 1340 2122; x_wconf 88' lang='lat' dir='ltr'>committeret,</span> <span class='ocrx_word' id='word_1_236' title='bbox 1388 2063 1450 2110; x_wconf 89' lang='lat' dir='ltr'>ab</span> <span class='ocrx_word' id='word_1_237' title='bbox 1497 2064 1618 2125; x_wconf 87' lang='lat' dir='ltr'>ipsis</span> <span class='ocrx_word' id='word_1_238' title='bbox 1667 2063 1909 2111; x_wconf 80' lang='lat' dir='ltr'>altaribus</span> <span class='ocrx_word' id='word_1_239' title='bbox 1942 2068 1965 2122; x_wconf 66' lang='lat' dir='ltr'>Jj</span> 
     </span>
     <span class='ocr_line' id='line_1_46' title="bbox 223 2135 1962 2200; baseline 0.002 -19"><span class='ocrx_word' id='word_1_240' title='bbox 223 2135 436 2182; x_wconf 83' lang='lat' dir='ltr'>tractam</span> <span class='ocrx_word' id='word_1_241' title='bbox 482 2137 652 2196; x_wconf 91' lang='lat' dir='ltr'>stupro</span> <span class='ocrx_word' id='word_1_242' title='bbox 700 2151 891 2183; x_wconf 89' lang='lat' dir='ltr'>sacram</span> <span class='ocrx_word' id='word_1_243' title='bbox 937 2137 1182 2200; x_wconf 85' lang='lat' dir='ltr'>virginem</span> <span class='ocrx_word' id='word_1_244' title='bbox 1228 2137 1439 2185; x_wconf 84' lang='lat' dir='ltr'>violavit</span> <span class='ocrx_word' id='word_1_245' title='bbox 1489 2139 1560 2197; x_wconf 89' lang='lat' dir='ltr'>et,</span> <span class='ocrx_word' id='word_1_246' title='bbox 1616 2136 1749 2198; x_wconf 87' lang='lat' dir='ltr'>quod</span> <span class='ocrx_word' id='word_1_247' title='bbox 1803 2137 1962 2185; x_wconf 83' lang='lat' dir='ltr'>erat</span> 
     </span>
     <span class='ocr_line' id='line_1_47' title="bbox 224 2174 1958 2270; baseline 0.002 -16"><span class='ocrx_word' id='word_1_248' title='bbox 224 2209 442 2270; x_wconf 87' lang='lat' dir='ltr'>gravius,</span> <span class='ocrx_word' id='word_1_249' title='bbox 481 2208 571 2255; x_wconf 91' lang='lat' dir='ltr'>sub</span> <span class='ocrx_word' id='word_1_250' title='bbox 609 2207 730 2269; x_wconf 87' lang='lat' dir='ltr'>ipsis</span> <span class='ocrx_word' id='word_1_251' title='bbox 763 2209 917 2257; x_wconf 88' lang='grc'><strong>0011118</strong></span> <span class='ocrx_word' id='word_1_252' title='bbox 948 2209 1215 2258; x_wconf 85' lang='lat' dir='ltr'>Minervae.</span> <span class='ocrx_word' id='word_1_253' title='bbox 1287 2174 1570 2258; x_wconf 75' lang='lat' dir='ltr'>defenditui·</span> <span class='ocrx_word' id='word_1_254' title='bbox 1598 2211 1692 2259; x_wconf 89' lang='lat' dir='ltr'>iste</span> <span class='ocrx_word' id='word_1_255' title='bbox 1723 2202 1958 2259; x_wconf 85' lang='lat' dir='ltr'>veniali</span> 
     </span>
     <span class='ocr_line' id='line_1_48' title="bbox 226 2282 1962 2349; baseline 0.003 -21"><span class='ocrx_word' id='word_1_256' title='bbox 226 2283 383 2328; x_wconf 86' lang='lat' dir='ltr'>statu:</span> <span class='ocrx_word' id='word_1_257' title='bbox 437 2282 625 2330; x_wconf 82' lang='lat' dir='ltr'>factum</span> <span class='ocrx_word' id='word_1_258' title='bbox 671 2283 802 2330; x_wconf 88' lang='lat' dir='ltr'>enim</span> <span class='ocrx_word' id='word_1_259' title='bbox 848 2284 1168 2332; x_wconf 87' lang='lat' dir='ltr'>manifestum</span> <span class='ocrx_word' id='word_1_260' title='bbox 1213 2300 1312 2332; x_wconf 90' lang='lat' dir='ltr'>non</span> <span class='ocrx_word' id='word_1_261' title='bbox 1359 2287 1627 2349; x_wconf 86' lang='lat' dir='ltr'>purgatur,</span> <span class='ocrx_word' id='word_1_262' title='bbox 1674 2285 1773 2333; x_wconf 88' lang='lat' dir='ltr'>nisi</span> <span class='ocrx_word' id='word_1_263' title='bbox 1817 2285 1910 2333; x_wconf 85' lang='lat' dir='ltr'>hoc</span> <span class='ocrx_word' id='word_1_264' title='bbox 1944 2308 1962 2345; x_wconf 70' lang='lat'>5?</span> 
     </span>
     <span class='ocr_line' id='line_1_49' title="bbox 226 2354 1962 2439; baseline 0.003 -38"><span class='ocrx_word' id='word_1_265' title='bbox 226 2369 417 2437; x_wconf 86' lang='lat' dir='ltr'>genere,</span> <span class='ocrx_word' id='word_1_266' title='bbox 454 2358 512 2402; x_wconf 91' lang='lat' dir='ltr'>ut</span> <span class='ocrx_word' id='word_1_267' title='bbox 550 2354 744 2403; x_wconf 83' lang='lat' dir='ltr'>dicatur</span> <span class='ocrx_word' id='word_1_268' title='bbox 782 2358 824 2404; x_wconf 89' lang='grc'>81</span> <span class='ocrx_word' id='word_1_269' title='bbox 863 2356 1075 2439; x_wconf 82' lang='lat' dir='ltr'>deliquit</span> <span class='ocrx_word' id='word_1_270' title='bbox 1111 2357 1256 2418; x_wconf 85' lang='lat' dir='ltr'>Aiax,</span> <span class='ocrx_word' id='word_1_271' title='bbox 1285 2374 1386 2405; x_wconf 91' lang='lat' dir='ltr'>non</span> <span class='ocrx_word' id='word_1_272' title='bbox 1425 2360 1532 2406; x_wconf 87' lang='lat' dir='ltr'>erat</span> <span class='ocrx_word' id='word_1_273' title='bbox 1569 2373 1689 2407; x_wconf 88' lang='lat' dir='ltr'>suae</span> <span class='ocrx_word' id='word_1_274' title='bbox 1729 2360 1910 2407; x_wconf 78' lang='lat' dir='ltr'>mentis</span> <span class='ocrx_word' id='word_1_275' title='bbox 1939 2368 1962 2414; x_wconf 89' lang='grc'>4·</span> 
     </span>
     <span class='ocr_line' id='line_1_50' title="bbox 225 2428 1909 2494; baseline 0.004 -19"><span class='ocrx_word' id='word_1_276' title='bbox 225 2443 314 2476; x_wconf 90' lang='lat' dir='ltr'>nec</span> <span class='ocrx_word' id='word_1_277' title='bbox 338 2429 417 2476; x_wconf 86' lang='lat' dir='ltr'>sui</span> <span class='ocrx_word' id='word_1_278' title='bbox 440 2428 656 2488; x_wconf 75' lang='lat' dir='ltr'>consilii3</span> <span class='ocrx_word' id='word_1_279' title='bbox 689 2429 886 2478; x_wconf 89' lang='lat' dir='ltr'>furebat</span> <span class='ocrx_word' id='word_1_280' title='bbox 917 2431 1062 2491; x_wconf 86' lang='lat' dir='ltr'>enim,</span> <span class='ocrx_word' id='word_1_281' title='bbox 1086 2431 1179 2479; x_wconf 91' lang='lat' dir='ltr'>hoc</span> <span class='ocrx_word' id='word_1_282' title='bbox 1211 2434 1286 2479; x_wconf 91' lang='lat' dir='ltr'>est</span> <span class='ocrx_word' id='word_1_283' title='bbox 1317 2433 1533 2493; x_wconf 84' lang='lat' dir='ltr'>amabat,</span> <span class='ocrx_word' id='word_1_284' title='bbox 1559 2431 1692 2494; x_wconf 89' lang='lat' dir='ltr'>quod</span> <span class='ocrx_word' id='word_1_285' title='bbox 1713 2433 1909 2494; x_wconf 82' lang='lat' dir='ltr'>pathos,</span> 
     </span>
     <span class='ocr_line' id='line_1_51' title="bbox 154 2493 1961 2568; baseline 0.004 -22"><span class='ocrx_word' id='word_1_286' title='bbox 154 2538 164 2545; x_wconf 90' lang='grc'><strong>.</strong></span> <span class='ocrx_word' id='word_1_287' title='bbox 226 2503 283 2548; x_wconf 87' lang='lat' dir='ltr'>ut</span> <span class='ocrx_word' id='word_1_288' title='bbox 320 2501 507 2549; x_wconf 82' lang='lat' dir='ltr'>dictum</span> <span class='ocrx_word' id='word_1_289' title='bbox 547 2504 640 2563; x_wconf 90' lang='lat' dir='ltr'>est,</span> <span class='ocrx_word' id='word_1_290' title='bbox 688 2503 950 2552; x_wconf 88' lang='lat' dir='ltr'>venialiter</span> <span class='ocrx_word' id='word_1_291' title='bbox 994 2505 1290 2553; x_wconf 84' lang='lat' dir='ltr'>defenditur.</span> <span class='ocrx_word' id='word_1_292' title='bbox 1369 2505 1607 2568; x_wconf 86' lang='lat' dir='ltr'>quicquid</span> <span class='ocrx_word' id='word_1_293' title='bbox 1652 2508 1785 2554; x_wconf 89' lang='lat' dir='ltr'>enim</span> <span class='ocrx_word' id='word_1_294' title='bbox 1806 2514 1946 2568; x_wconf 64' lang='lat' dir='ltr'>per,</span> <span class='ocrx_word' id='word_1_295' title='bbox 1932 2493 1961 2545; x_wconf 64' lang='lat'>²3</span> 
     </span>
    </p>
   </div>
   <div class='ocr_carea' id='block_1_4' title="bbox 283 2601 578 2609">
    <p class='ocr_par' dir='ltr' id='par_1_12' title="bbox 283 2601 578 2609">
     <span class='ocr_line' id='line_1_52' title="bbox 283 2601 578 2609; baseline 0 -5"><span class='ocrx_word' id='word_1_296' title='bbox 283 2602 289 2604; x_wconf 33' lang='grc' dir='ltr'><strong><em>γ</em></strong></span> <span class='ocrx_word' id='word_1_297' title='bbox 302 2601 578 2609; x_wconf 44' lang='lat' dir='ltr'>.,--.-—q.-.--</span> 
     </span>
    </p>
   </div>
   <div class='ocr_carea' id='block_1_5' title="bbox 226 2656 1926 2941">
    <p class='ocr_par' dir='ltr' id='par_1_13' title="bbox 226 2656 1926 2940">
     <span class='ocr_line' id='line_1_53' title="bbox 343 2656 1926 2713; baseline 0.003 -14"><span class='ocrx_word' id='word_1_298' title='bbox 343 2661 371 2699; x_wconf 82' lang='lat'>4</span> <span class='ocrx_word' id='word_1_299' title='bbox 401 2656 663 2710; x_wconf 78' lang='lat' dir='ltr'>felicitatem</span> <span class='ocrx_word' id='word_1_300' title='bbox 693 2657 780 2700; x_wconf 89' lang='lat' dir='ltr'>LR</span> <span class='ocrx_word' id='word_1_301' title='bbox 809 2659 1074 2713; x_wconf 80' lang='lat' dir='ltr'>facultatem</span> <span class='ocrx_word' id='word_1_302' title='bbox 1106 2660 1178 2704; x_wconf 89' lang='lat' dir='ltr'>ed.</span> <span class='ocrx_word' id='word_1_303' title='bbox 1278 2665 1302 2703; x_wconf 79' lang='lat'>7</span> <span class='ocrx_word' id='word_1_304' title='bbox 1334 2662 1385 2704; x_wconf 72' lang='grc' dir='ltr'>1ἱή</span> <span class='ocrx_word' id='word_1_305' title='bbox 1417 2670 1571 2705; x_wconf 78' lang='lat' dir='ltr'>eorum</span> <span class='ocrx_word' id='word_1_306' title='bbox 1601 2661 1792 2706; x_wconf 75' lang='lat' dir='ltr'>interitu</span> <span class='ocrx_word' id='word_1_307' title='bbox 1823 2660 1926 2704; x_wconf 62' lang='lat' dir='ltr'>LE-</span> 
     </span>
     <span class='ocr_line' id='line_1_54' title="bbox 226 2715 1926 2776; baseline 0.004 -19"><span class='ocrx_word' id='word_1_308' title='bbox 226 2727 345 2758; x_wconf 78' lang='lat' dir='ltr'>mem·</span> <span class='ocrx_word' id='word_1_309' title='bbox 347 2728 423 2758; x_wconf 78' lang='lat' dir='ltr'>um</span> <span class='ocrx_word' id='word_1_310' title='bbox 453 2716 506 2759; x_wconf 81' lang='lat' dir='ltr'>im</span> <span class='ocrx_word' id='word_1_311' title='bbox 533 2720 576 2759; x_wconf 83' lang='lat' dir='ltr'>te</span> <span class='ocrx_word' id='word_1_312' title='bbox 607 2715 687 2759; x_wconf 86' lang='lat' dir='ltr'>edI</span> <span class='ocrx_word' id='word_1_313' title='bbox 718 2730 871 2761; x_wconf 74' lang='lat' dir='ltr'>comm</span> <span class='ocrx_word' id='word_1_314' title='bbox 901 2720 954 2762; x_wconf 77' lang='lat' dir='ltr'>in</span> <span class='ocrx_word' id='word_1_315' title='bbox 983 2732 1028 2763; x_wconf 85' lang='lat' dir='ltr'>se</span> <span class='ocrx_word' id='word_1_316' title='bbox 1059 2718 1167 2762; x_wconf 86' lang='lat' dir='ltr'>edF.</span> <span class='ocrx_word' id='word_1_317' title='bbox 1313 2724 1338 2763; x_wconf 85' lang='lat'>9</span> <span class='ocrx_word' id='word_1_318' title='bbox 1370 2721 1520 2776; x_wconf 76' lang='lat' dir='ltr'>sicque</span> <span class='ocrx_word' id='word_1_319' title='bbox 1553 2722 1663 2764; x_wconf 84' lang='lat' dir='ltr'>ante</span> <span class='ocrx_word' id='word_1_320' title='bbox 1693 2721 1926 2764; x_wconf 68' lang='lat' dir='ltr'>vviaiorem·</span> 
     </span>
     <span class='ocr_line' id='line_1_55' title="bbox 226 2772 1914 2831; baseline 0.005 -16"><span class='ocrx_word' id='word_1_321' title='bbox 226 2772 442 2829; x_wconf 80' lang='lat' dir='ltr'>interpol.</span> <span class='ocrx_word' id='word_1_322' title='bbox 476 2773 547 2817; x_wconf 86' lang='lat' dir='ltr'>ed.</span> <span class='ocrx_word' id='word_1_323' title='bbox 583 2776 590 2831; x_wconf 89' lang='grc' dir='ltr'>Ι</span> <span class='ocrx_word' id='word_1_324' title='bbox 630 2775 753 2829; x_wconf 78' lang='lat' dir='ltr'>facto</span> <span class='ocrx_word' id='word_1_325' title='bbox 783 2775 837 2818; x_wconf 80' lang='lat' dir='ltr'>R.</span> <span class='ocrx_word' id='word_1_326' title='bbox 918 2811 920 2815; x_wconf 68' lang='grc'>,</span> <span class='ocrx_word' id='word_1_327' title='bbox 963 2782 1013 2820; x_wconf 91' lang='grc'>11</span> <span class='ocrx_word' id='word_1_328' title='bbox 1047 2791 1134 2822; x_wconf 72' lang='lat' dir='ltr'>sua</span> <span class='ocrx_word' id='word_1_329' title='bbox 1166 2778 1254 2821; x_wconf 86' lang='lat' dir='ltr'>LR</span> <span class='ocrx_word' id='word_1_330' title='bbox 1278 2779 1359 2823; x_wconf 75' lang='lat' dir='ltr'>sui</span> <span class='ocrx_word' id='word_1_331' title='bbox 1390 2778 1500 2823; x_wconf 86' lang='lat' dir='ltr'>edF.</span> <span class='ocrx_word' id='word_1_332' title='bbox 1623 2784 1679 2822; x_wconf 87' lang='lat'>14</span> <span class='ocrx_word' id='word_1_333' title='bbox 1711 2780 1914 2824; x_wconf 65' lang='lat' dir='ltr'>iniustae</span> 
     </span>
     <span class='ocr_line' id='line_1_56' title="bbox 226 2829 1911 2883; baseline 0.005 -9"><span class='ocrx_word' id='word_1_334' title='bbox 226 2829 315 2874; x_wconf 80' lang='lat' dir='ltr'>LR.</span> <span class='ocrx_word' id='word_1_335' title='bbox 345 2843 457 2875; x_wconf 81' lang='lat' dir='ltr'>corr.</span> <span class='ocrx_word' id='word_1_336' title='bbox 489 2847 514 2875; x_wconf 91' lang='grc'>1·</span> <span class='ocrx_word' id='word_1_337' title='bbox 543 2833 615 2876; x_wconf 85' lang='lat' dir='ltr'>ed.</span> <span class='ocrx_word' id='word_1_338' title='bbox 731 2839 785 2878; x_wconf 85' lang='grc'>16</span> <span class='ocrx_word' id='word_1_339' title='bbox 815 2848 986 2879; x_wconf 73' lang='lat' dir='ltr'>nomam</span> <span class='ocrx_word' id='word_1_340' title='bbox 1017 2835 1104 2879; x_wconf 80' lang='lat' dir='ltr'>LR</span> <span class='ocrx_word' id='word_1_341' title='bbox 1133 2838 1197 2881; x_wconf 88' lang='lat' dir='ltr'>ob</span> <span class='ocrx_word' id='word_1_342' title='bbox 1218 2851 1389 2882; x_wconf 75' lang='lat' dir='ltr'>noxam</span> <span class='ocrx_word' id='word_1_343' title='bbox 1418 2851 1443 2880; x_wconf 90' lang='lat' dir='ltr'>r</span> <span class='ocrx_word' id='word_1_344' title='bbox 1472 2837 1544 2881; x_wconf 85' lang='lat' dir='ltr'>ed.</span> <span class='ocrx_word' id='word_1_345' title='bbox 1576 2851 1701 2883; x_wconf 74' lang='lat' dir='ltr'>noxa</span> <span class='ocrx_word' id='word_1_346' title='bbox 1731 2836 1911 2883; x_wconf 61' lang='lat' dir='ltr'>nosad</span> 
     </span>
     <span class='ocr_line' id='line_1_57' title="bbox 229 2889 1839 2941; baseline 0.004 -8"><span class='ocrx_word' id='word_1_347' title='bbox 229 2889 555 2934; x_wconf 78' lang='lat' dir='ltr'>antecedentia</span> <span class='ocrx_word' id='word_1_348' title='bbox 584 2892 888 2938; x_wconf 80' lang='lat' dir='ltr'>retrahentes.</span> <span class='ocrx_word' id='word_1_349' title='bbox 1033 2900 1089 2938; x_wconf 81' lang='lat'>22</span> <span class='ocrx_word' id='word_1_350' title='bbox 1123 2896 1285 2940; x_wconf 79' lang='lat' dir='ltr'>Aiacis</span> <span class='ocrx_word' id='word_1_351' title='bbox 1316 2910 1404 2941; x_wconf 88' lang='lat' dir='ltr'>om.</span> <span class='ocrx_word' id='word_1_352' title='bbox 1438 2897 1509 2939; x_wconf 86' lang='lat' dir='ltr'>ed.</span> <span class='ocrx_word' id='word_1_353' title='bbox 1649 2900 1839 2940; x_wconf 50' lang='lat'>24÷25.</span> 
     </span>
    </p>
   </div>
   <div class='ocr_carea' id='block_1_6' title="bbox 222 2948 1047 3007">
    <p class='ocr_par' dir='ltr' id='par_1_14' title="bbox 222 2948 1047 3007">
     <span class='ocr_line' id='line_1_58' title="bbox 222 2948 1047 3007; baseline 0.005 -15"><span class='ocrx_word' id='word_1_354' title='bbox 222 2962 307 3004; x_wconf 79' lang='lat' dir='ltr'>per</span> <span class='ocrx_word' id='word_1_355' title='bbox 335 2949 416 2993; x_wconf 81' lang='lat' dir='ltr'>hoc</span> <span class='ocrx_word' id='word_1_356' title='bbox 445 2948 536 2993; x_wconf 88' lang='lat' dir='ltr'>LR</span> <span class='ocrx_word' id='word_1_357' title='bbox 567 2954 701 3006; x_wconf 79' lang='lat' dir='ltr'>atque</span> <span class='ocrx_word' id='word_1_358' title='bbox 725 2965 810 3007; x_wconf 78' lang='lat' dir='ltr'>per</span> <span class='ocrx_word' id='word_1_359' title='bbox 838 2953 947 2997; x_wconf 78' lang='lat' dir='ltr'>haec</span> <span class='ocrx_word' id='word_1_360' title='bbox 977 2953 1047 2998; x_wconf 86' lang='lat' dir='ltr'>ed.</span> 
     </span>
    </p>
   </div>
  </div>
 </body>
</html>
