2014 3226
179 148 248 199 48
642 143 874 196 DONATJ
906 141 1185 185 INTERPR.
1220 141 1397 184 VERG.

177 290 297 335 haec
351 286 614 347 respondet
667 285 773 344 ipse
820 283 895 330 his
945 298 1070 343 quae
1118 283 1321 342 possent
1369 282 1554 342 opponi
1592 295 1625 327 ve
1674 280 1867 327 diverso
1975 315 1979 325 .

179 366 327 422 atque
374 363 467 420 ita,
515 361 570 405 ut
612 374 735 418 quae
776 356 981 404 dicenda
1021 357 1295 403 necessario
1337 356 1535 402 fuerant
1574 355 1867 416 oportunius
1901 343 1905 347 ⁴

178 436 470 483 obtinerent.
534 432 730 479 facilius
764 432 895 477 enim
934 431 1188 491 persuasio
1228 429 1518 476 necessariis
1559 429 1690 475 fulta*
1725 427 1867 474 robo-

176 512 330 568 ratur,
364 510 405 555 si
444 508 575 553 ultro
614 507 826 568 ingeras,
859 503 943 551 sed
982 505 1111 550 iuste
1152 503 1394 551 dissolvas
1436 502 1568 563 quod
1608 518 1634 549 e
1673 501 1868 549 diverso

180 582 240 629 ad
288 582 548 628 victoriam
594 578 879 640 parabatur.
958 579 1142 639 quippe
1183 578 1388 624 Troiani
1435 576 1657 623 laborem
1705 577 1754 623 et
1793 590 1869 622 sa·
1909 571 1936 624 ⁴5

178 658 297 703 lutis
337 654 557 716 pericula
596 655 870 699 metuentes
903 651 1063 699 dicere
1096 652 1328 712 poterant
1361 649 1584 710 quolibet
1615 650 1723 697 loco
1757 665 1868 696 con-

179 732 441 778 stituamus
490 728 621 774 idem
668 729 717 773 et
763 742 863 774 non
909 726 1168 772 trahamur
1215 741 1327 772 cum
1375 725 1525 771 exitio
1573 725 1744 770 nostro
1782 739 1871 784 per

179 804 386 850 diversa.
463 801 647 848 idcirco
693 802 801 862 ipse
847 801 1017 861 posuit
1062 798 1312 846 tendimus
1359 799 1412 844 in
1459 797 1682 857 Latium,
1733 796 1869 844 sedes

179 878 263 924 ubi
295 877 401 923 fata
434 877 626 936 quietas
661 873 948 922 ostendunt:
980 874 1086 920 illic
1119 873 1194 920 fas
1219 888 1373 936 regna
1396 887 1652 934 resurgere
1677 871 1868 919 Troiae.

179 950 382 998 dicendo
423 950 530 996 fata
578 948 845 996 ostendunt
890 948 1062 1008 procul
1110 946 1259 994 dubio
1311 946 1619 993 demonstrat
1665 945 1871 993 fatalem
1897 963 1938 994 10

179 1025 555 1085 dispositionem
586 1023 816 1070 humanis
850 1022 1039 1069 nisibus
1074 1022 1298 1082 superari
1328 1036 1428 1067 non
1458 1034 1623 1081 posse:
1662 1019 1870 1080 proinde

179 1113 282 1145 esse
325 1097 740 1158 adquiescendum
778 1095 923 1143 rebus
963 1095 1110 1142 fatali
1148 1096 1342 1142 ratione
1382 1093 1612 1142 definitis.
1681 1095 1871 1140 interea

179 1188 291 1220 cum
332 1172 454 1218 dicit
493 1171 630 1218 sedes
670 1170 758 1217 ubi
804 1170 911 1230 fata
958 1170 1152 1230 quietas
1202 1169 1491 1228 ostendunt,
1539 1171 1588 1215 et
1633 1167 1874 1214 evadendi

180 1248 229 1293 et
266 1244 586 1308 perveniendi
625 1260 762 1306 spem
801 1244 893 1291 hoc
933 1258 1109 1306 genere
1148 1243 1437 1304 pollicetur,
1487 1242 1715 1289 effectum
1754 1257 1872 1303 quo-

181 1335 273 1380 que
329 1320 552 1367 omnium
605 1334 785 1380 magno
841 1317 1042 1365 adfectu
1097 1318 1340 1365 conclusit
1391 1315 1596 1363 dicendo
1644 1315 1750 1363 illic
1795 1315 1871 1363 fas
1898 1331 1939 1364 15

178 1409 333 1456 regna
372 1408 626 1456 resurgere
665 1392 856 1440 Troiae.
924 1391 1031 1439 sola
1070 1391 1160 1438 illa
1198 1392 1346 1453 terra,
1386 1391 1567 1451 inquit,
1607 1389 1758 1452 digna
1799 1391 1874 1437 est

178 1469 231 1514 in
271 1483 370 1528 qua
409 1468 637 1528 resurgat
667 1467 933 1527 imperium
965 1465 1158 1513 Troiae.
1215 1465 1389 1512 durate
1423 1467 1472 1512 et
1503 1466 1696 1512 vosmet
1727 1463 1871 1511 rebus

180 1543 374 1589 servate
422 1540 669 1588 secundis:
725 1540 922 1600 durate,
970 1541 1029 1587 ut
1074 1540 1340 1586 transactis
1388 1537 1713 1586 incommodis
1765 1553 1873 1585 sur-

181 1617 378 1677 gentem
418 1615 618 1662 Troiam
664 1614 806 1662 nobis
854 1612 1020 1661 videre
1069 1615 1329 1676 contingat
1369 1615 1418 1660 et
1456 1613 1699 1674 perpetua
1737 1613 1874 1659 tran·

178 1689 434 1750 quillitate
473 1688 783 1751 gaudentem.
1898 1701 1962 1747 2⁰⁷

295 1761 471 1810 Servat
511 1762 669 1810 adhuc
707 1763 855 1823 poeta
893 1777 1218 1822 personarum
1248 1763 1497 1809 rationem
1528 1760 1732 1808 decurso
1764 1774 1873 1822 per-
1961 1782 1974 1789 ·*

183 1837 427 1884 suasionis
466 1838 628 1896 textu3
669 1837 742 1883 ait
782 1837 910 1883 enim
952 1836 1074 1884 talia
1113 1850 1221 1883 voce
1258 1837 1410 1895 refiert
1447 1836 1671 1895 curisque
1707 1835 1874 1894 inqen-

182 1911 308 1956 tibus
340 1924 481 1969 aeyer
510 1925 644 1969 spem
673 1911 812 1957 vultu
842 1911 1055 1965 simulat,
1078 1911 1260 1970 premit
1290 1911 1443 1958 altum
1473 1909 1614 1957 corde
1649 1909 1873 1956 dolorem.

146 2037 148 2039 ,
182 1999 282 2031 non
321 1984 452 2030 enim
491 1983 624 2045 quod
662 1984 856 2031 locutus
897 1986 972 2031 est
1010 1984 1102 2031 hoc
1142 1985 1308 2031 animo
1340 1983 1602 2043 retinebat,
1634 1983 1872 2030 mentitus

184 2059 272 2115 est,
310 2058 491 2118 inquit,
530 2058 724 2104 vultum
763 2073 920 2117 suum,
959 2060 1015 2105 ut
1056 2074 1179 2119 quos
1218 2059 1437 2120 fregerat
1475 2072 1670 2104 maeror
1707 2057 1872 2120 regius
1898 2071 1940 2104 25

182 2146 342 2178 sermo
381 2130 615 2190 firmaret,
649 2130 938 2194 angebatur,
970 2133 1150 2192 inquit,
1183 2131 1351 2180 dolore
1385 2147 1536 2192 quam
1567 2131 1783 2178 maximo
1824 2133 1874 2178 et

183 2204 313 2251 hunc
353 2205 469 2252 altis
510 2204 732 2252 sensibus
770 2204 1018 2261 retinebat
1058 2205 1354 2253 abstrusum.
1422 2205 1582 2252 videri
1621 2205 1752 2252 enim
1793 2203 1872 2251 de-

183 2277 294 2325 buit
330 2293 594 2339 persuasor
630 2280 746 2326 ante
780 2280 938 2326 omnis
977 2280 1204 2328 reiecisse
1243 2280 1526 2327 maestitiae
1565 2280 1773 2340 partem,
1812 2293 1872 2325 ne

184 2353 520 2412 persuasionis
561 2353 787 2399 effectum
817 2352 1057 2414 perderet,
1090 2355 1134 2401 si
1163 2355 1270 2415 ipse
1301 2353 1676 2415 intellegeretur
1706 2354 1873 2400 tenere

187 2424 409 2472 sensibus
450 2426 551 2472 suis
593 2426 723 2486 quod
764 2426 974 2474 aliorum
1013 2427 1261 2475 mentibus
1303 2427 1475 2488 aliqua
1514 2443 1573 2474 ex
1602 2429 1744 2488 parte
1792 2425 1874 2473 de·
1897 2426 1966 2475 301ss

187 2498 438 2546 siderabat
499 2499 766 2547 excludere.
844 2501 1108 2562 utrumque
1164 2517 1280 2565 ergo
1335 2502 1575 2560 servavit,
1638 2505 1688 2547 et
1743 2499 1875 2561 quod

187 2573 332 2620 sociis
382 2572 444 2618 ad
490 2573 877 2621 consolationem
924 2575 1087 2622 fuerat
1132 2577 1464 2623 necessarium
1508 2576 1558 2622 et
1598 2573 1729 2635 quod
1767 2574 1876 2636 regi

306 2717 331 2755 2
365 2714 433 2757 ita
464 2718 515 2757 ut
546 2712 631 2755 LR.
662 2718 714 2757 ut
745 2727 832 2767 om.
867 2713 938 2757 ed.
1053 2719 1078 2758 3
1113 2715 1328 2760 obtineret
1358 2715 1428 2766 ed.
1538 2719 1566 2757 4
1598 2715 1652 2758 de
1682 2714 1767 2756 LR
1800 2713 1871 2758 ed.

187 2785 209 2814 e
239 2784 335 2814 nos.
452 2776 477 2814 5
505 2775 705 2826 paratur
735 2772 844 2816 edF.
962 2777 1016 2815 10
1047 2774 1151 2827 fata
1183 2774 1425 2819 ostendunt
1455 2773 1541 2816 LR
1578 2774 1741 2817 Troiae
1770 2773 1874 2827 fata

189 2831 294 2885 (om.
329 2831 426 2885 ost.)
459 2830 530 2874 ed.
678 2835 731 2873 13
761 2832 885 2875 sedes
914 2833 995 2876 ubi
1026 2846 1113 2876 om.
1148 2833 1218 2876 ed.
1371 2838 1424 2876 15
1456 2833 1615 2886 effectu
1644 2831 1875 2876 concludit
1944 2850 1962 2881 ,ε

187 2887 267 2990 egi
313 2893 466 2990 edF21
499 2902 801 2945 personarum
841 2904 928 2934 om.
963 2891 1032 2935 ed.
1194 2896 1251 2936 24
1289 2905 1388 2936 voce
1426 2893 1534 2947 post
1572 2890 1873 2947 quodinter-

186 2961 218 3002 P
271 2982 279 2990 ·
413 2982 421 2990 .

1958 2819 1964 2828 .
1928 2643 1969 2774 ΛΔ»,
