2014 3226
783 160 1087 205 AENEIDOS
1118 160 1141 206 1
1737 160 1806 212 47

78 355 86 363 ,
115 308 268 351 tunae
301 303 537 365 suffragio
572 318 629 349 ex
661 302 842 348 intima
873 317 1106 349 saxorum
1138 301 1358 363 ipsorum
1391 304 1534 362 parte
1558 301 1807 348 liberatos.

121 391 198 424 vos
234 380 276 424 et
310 375 543 435 Cyclopea
582 391 707 423 saaca
747 378 950 435 ea‘perti:
992 375 1228 437 Cyclopes
1267 376 1486 423 humana
1519 376 1694 436 specie,
1727 375 1810 422 sed

117 452 251 498 ultra
288 451 495 497 humani
534 450 753 512 corporis
794 450 1027 497 formam:
1068 450 1157 498 hos
1194 451 1479 511 plenissime
1518 451 1667 511 poeta
1705 450 1810 510 ipse

117 540 384 585 eorumque
416 524 669 571 feritatem
700 525 755 572 111
785 525 935 571 tertio
970 523 1097 571 libro
1131 525 1344 585 scripsit,
1378 540 1489 571 cum
1520 539 1618 570 uno
1653 523 1811 582 oculo,

74 618 92 648 5
118 599 269 646 cruda
317 600 483 645 autem
524 613 693 658 carne,
732 598 967 647 membris
1007 613 1202 660 quoque
1242 598 1515 646 occisorum
1554 597 1812 644 hominum

117 673 380 732 vescentis,
436 687 558 733 quos
614 673 828 720 evasisse
884 672 1213 721 Troianorum
1275 673 1447 719 futura
1507 673 1811 733 prosperita-s

117 747 247 794 fecit.
326 746 436 794 vult
484 762 600 809 ergo
640 746 835 794 Aeneas
882 746 1003 794 haec
1050 747 1206 795 fuisse
1251 748 1506 810 graviora,
1555 761 1585 792 a
1633 745 1811 806 quibus

118 837 227 869 cum
261 820 467 868 Troiani
505 821 608 867 iam
648 820 1059 881 dissimulassem,
1091 821 1358 882 persuadet
1397 819 1812 868 dissimulandum

118 896 268 942 etiam
317 911 346 942 a
391 894 757 956 praesentibus,
803 910 928 955 quae
976 894 1176 942 volebat
1216 910 1320 942 esse
1359 895 1562 943 leviora.
1639 894 1814 953 forsan

51 988 93 1020 ιο
118 972 160 1017 et
204 970 321 1016 haee
366 969 481 1015 olim
526 970 800 1016 meminisse
853 970 1060 1016 iuvabit:
1114 969 1382 1016 delectabit
1428 984 1541 1027 nos,
1588 984 1700 1016 cum
1751 967 1814 1015 ad

117 1058 354 1105 prospera
393 1043 694 1102 venerimus,
739 1044 891 1090 etiam
931 1043 1052 1091 haec
1090 1044 1223 1090 inter
1260 1044 1395 1090 mala
1434 1045 1607 1090 nostra
1645 1058 1813 1090 nume-

117 1133 240 1164 rare.
317 1117 397 1164 hic
438 1117 690 1164 sciendum
730 1118 804 1165 est
843 1117 963 1164 olim
1004 1117 1417 1181 significationem
1463 1116 1644 1164 habere
1690 1118 1813 1165 tem·

37 1209 41 1212 ·
118 1207 295 1253 porum
333 1192 511 1251 trium,
558 1192 841 1252 praeteriti,
880 1193 1158 1253 praesentis
1200 1193 1249 1239 et
1287 1192 1467 1238 futuri:
1530 1207 1588 1238 ex
1636 1190 1814 1252 quibus

117 1267 280 1327 prisco
334 1281 472 1312 more
526 1265 646 1312 olim
708 1265 1032 1313 manifestum
1095 1268 1170 1314 est
1229 1267 1557 1328 praeteritum
1618 1267 1814 1326 tempus

54 1357 95 1390 15
120 1339 391 1399 ostendere,
429 1338 683 1403 Vergilius
722 1355 853 1387 nunc
894 1341 968 1387 ait
1006 1340 1127 1388 olim
1166 1341 1449 1388 meminisse
1494 1339 1712 1398 iuvabit,
1759 1340 1816 1385 ut

122 1413 425 1476 significaret
463 1414 710 1475 futurum,
756 1429 990 1475 praesens
1031 1430 1147 1462 vero
1187 1416 1385 1476 tempus
1423 1413 1556 1462 idem
1597 1412 1816 1461 ostendit

122 1487 327 1536 dicendo
369 1481 388 1546 ζ
396 1489 442 1547 5,
479 1487 605 1547 124)
646 1490 751 1548 „est
788 1489 963 1550 procul
1002 1490 1055 1536 in
1094 1489 1273 1552 pelago
1315 1505 1489 1536 saxum
1529 1487 1815 1549 spumantia

123 1564 294 1610 contra
347 1562 520 1623 litora,
575 1561 710 1624 quod
762 1562 971 1610 tumidis
1032 1563 1336 1611 submersum
1401 1562 1635 1610 tunditur
1696 1561 1816 1609 olim

120 1635 374 1696 fluctibus,
412 1636 609 1684 hiberni
648 1636 868 1684 condunt
907 1637 995 1684 ubi
1033 1637 1197 1685 sidera
1235 1636 1381 1697 cori“,
1420 1637 1514 1684 hoc
1557 1637 1654 1696 est,
1702 1651 1816 1683 cum

57 1728 99 1760 20
123 1710 451 1758 occidentium
492 1710 709 1758 siderum
747 1711 935 1759 fuerint
970 1713 1295 1772 tempestates
1335 1712 1548 1771 exortae,
1588 1709 1818 1757 tunditur

124 1800 328 1846 semper.
397 1799 492 1845 per
534 1787 694 1832 varios
733 1799 897 1841 casus,
938 1800 1032 1845 per
1071 1788 1138 1833 tot
1174 1786 1461 1833 discrimina
1498 1799 1664 1832 rerum
1703 1786 1800 1830 ten-
1820 1786 1908 1827 205

124 1859 284 1906 dimus
315 1859 368 1906 in
398 1859 618 1915 Latium,
648 1860 784 1907 sedes
815 1861 900 1907 abi
930 1861 1041 1918 fata
1081 1860 1267 1919 quietas
1304 1860 1574 1914 ostendunt,
1607 1859 1706 1906 illic
1735 1858 1816 1917 fas

123 1941 274 1993 reyna
311 1947 562 1994 resurye-re
603 1934 793 1982 Troiae.
872 1932 1076 1994 [durate
1115 1938 1158 1981 et
1195 1936 1376 1982 vosmet
1411 1934 1557 1980 rebus
1601 1930 1818 1994 servate]

124 2008 370 2055 secundis:
425 2007 623 2069 quando
670 2023 865 2056 necesse
913 2009 989 2056 est
1027 2008 1092 2055 ad
1128 2009 1260 2056 bona
1298 2024 1387 2070 per
1425 2008 1560 2056 mala
1597 2007 1818 2066 transiri,

60 2099 102 2131 85
124 2097 474 2142 prosperorum
514 2097 600 2143 spe
637 2082 898 2130 toleranda
934 2085 1050 2130 sunt
1082 2082 1304 2142 adversa,
1335 2083 1416 2130 vel
1453 2082 1667 2129 maxime
1706 2096 1819 2128 cum

76 2218 78 2220 v
127 2155 396 2217 spondetur
442 2157 600 2203 otium
647 2157 1014 2218 sempiternum.
1093 2172 1122 2204 a
1161 2159 1384 2218 tempore
1421 2157 1542 2204 fecit
1581 2170 1818 2217 conpara·

126 2230 313 2277 tionem
350 2229 595 2277 bonorum
641 2233 692 2278 et
736 2231 996 2278 malorum.
1074 2246 1188 2278 611111
1227 2232 1359 2278 6111111
1397 2232 1451 2277 in
1491 2229 1712 2277 adversis
1752 2229 1819 2276 sit

42 2342 48 2348 .
127 2303 474 2351 brevissimum
511 2306 724 2366 tempus,
763 2304 1149 2366 tranquillitatis
1182 2320 1298 2353 vero
1330 2306 1640 2367 perpetuum,
1671 2302 1818 2350 facile

127 2377 420 2438 persuadere
459 2379 626 2440 potuit
663 2381 720 2426 ut
759 2380 951 2427 animos
994 2395 1022 2426 a
1060 2394 1282 2427 maerore
1324 2379 1628 2427 revocarent.
1704 2378 1821 2438 post

249 2568 274 2606 2
307 2565 511 2622 cyclopia
534 2563 621 2607 LR
653 2566 703 2608 at
734 2563 784 2607 in
814 2563 1053 2622 prooemio
1084 2565 1306 2622 eyelopea.
1335 2566 1341 2621 Ι
1368 2564 1446 2608 sed
1469 2563 1556 2607 LR
1584 2567 1693 2607 sant
1722 2576 1758 2605 1.

131 2625 157 2664 8
189 2622 577 2667 dissimulandum
607 2622 694 2666 LR
733 2625 816 2668 -da
846 2637 936 2668 esse
968 2623 1038 2667 611.
1222 2627 1247 2666 9
1281 2624 1418 2667 etiam
1448 2638 1478 2667 a
1502 2621 1821 2680 praesentibus

131 2694 219 2724 0111.
253 2681 323 2725 611.
491 2687 543 2726 11
578 2684 782 2727 venimus
812 2683 898 2726 LR
928 2685 1157 2727 veniemus
1186 2697 1209 2726 r
1239 2684 1494 2727 venerimus
1524 2680 1559 2724 r'
1593 2681 1821 2725 veniemus

132 2739 202 2783 ed.
262 2741 267 2797 Ι
324 2745 482 2785 nostra
515 2755 603 2786 om.
636 2741 706 2785 ed.
878 2746 932 2785 16
965 2743 1079 2786 idem
1114 2755 1202 2786 om.
1236 2742 1307 2786 611.
1474 2745 1527 2784 19
1559 2740 1723 2785 haewri
1753 2738 1820 2796 (in

132 2798 296 2855 quinto
328 2800 470 2856 chora)
501 2800 599 2844 LR.
727 2804 784 2844 20
817 2806 1072 2857 tempestate
1102 2801 1188 2844 LR
1219 2813 1332 2844 corr.
1367 2800 1438 2844 ed.
1562 2803 1617 2843 21
1649 2811 1821 2854 semper

131 2857 218 2900 LR
248 2860 437 2915 insuper
467 2860 537 2903 ed.
655 2864 710 2904 23
742 2862 852 2916 post
887 2860 1052 2905 Troiae
1081 2859 1294 2916 sequitur
1323 2873 1464 2916 usque
1493 2858 1704 2904 secundis
1734 2857 1821 2900 LR

133 2916 284 3018 {uffipl
295 2917 481 3021 ἑὼᾱεὶ.
518 2922 615 2963 191.
753 2922 808 2962 29
842 2921 1021 2964 animos
1051 2919 1138 2963 LR
1167 2921 1336 2964 amicos
1368 2918 1438 2963 ed.
1498 2918 1504 2975 Ι
1560 2921 1822 2963 revocarent

250 2990 294 3020 —r
366 2989 391 3020 e
429 3012 437 3020 .
1580 3000 1581 3004 =

32 2792 54 2909 §.1:550
32 2596 58 2785 &wa-'¹221
32 2545 51 2574 't
46 2494 49 2498 .
35 2436 38 2438 “
