2014 3226
748 174 1052 218 AENEIDOS
1084 175 1104 217 Ι
1669 178 1727 226 ll
1748 180 1767 227 l

83 315 358 364 miserando
398 330 515 362 casu
546 314 683 362 Iulus
725 314 956 376 deceptus
991 317 1065 363 est
1097 319 1145 362 et
1176 317 1228 361 in
1261 317 1309 362 te
1343 331 1452 377 spes
1486 317 1588 363 eius
1622 316 1771 363 inter-

83 393 223 451 cepta
269 391 365 448 est,
404 388 640 436 habemus
679 405 846 452 regem
886 389 1121 450 alterum,
1162 389 1246 436 sed
1284 391 1453 436 tamen
1493 405 1551 436 ex
1590 391 1771 437 nostris

83 467 132 512 et
168 463 419 524 proximae
461 461 661 509 Siciliae
699 466 871 510 terras.
939 464 1118 510 talibus
1149 464 1399 510 Ilioneus:
1438 466 1595 511 cuncti
1625 466 1772 510 sim-al

81 551 160 585 ore
189 537 459 597 fremebant
487 538 839 584 Dardanidae:
877 536 1056 584 Ilionei
1096 539 1319 585 oratione
1360 538 1590 586 conclusa
1630 541 1755 585 0010-
1774 542 1859 581 560

38 633 58 666 5
80 627 245 659 rorum
286 612 372 671 qui
410 625 521 657 cum
559 612 668 671 ipso
707 611 908 658 fuerant
947 627 1211 659 consensus
1252 611 1477 659 accessit:
1525 611 1769 675 significa-

80 685 200 733 bant
253 686 435 746 quippe
490 684 662 732 eadem
715 700 766 733 se
812 700 1034 748 poscere,
1084 701 1210 747 quae
1258 687 1502 734 maximus
1548 686 1771 748 ipsorum

78 760 240 806 fuerat
278 760 578 820 persecutus,

192 833 236 879 T
233 848 313 879 um
356 834 558 880 breviter
594 833 727 880 Dido
767 834 953 880 vultam
991 834 1203 881 demissa
1235 837 1493 894 profatur:
1534 834 1666 895 quod
1698 835 1770 882 ait

78 906 311 966 breviter,
359 907 450 954 hoc
498 909 664 968 potest
701 907 930 971 intellegi
967 910 1172 969 propter
1209 924 1475 969 personam
1512 908 1768 956 locuturae

18 1001 57 1035 ιο
78 981 295 1028 mulieris
350 983 400 1028 et
453 995 726 1029 sermonem
788 983 1010 1029 facturae
1066 982 1131 1029 ad
1183 982 1315 1030 viros
1371 986 1419 1030 et
1472 983 1767 1045 incognitos.

78 1055 270 1103 vultum
317 1055 531 1103 demissa
577 1058 742 1116 potest
789 1057 858 1104 sic
907 1056 1087 1117 accipi,
1133 1059 1188 1103 ut
1227 1073 1326 1104 non
1367 1057 1528 1104 solum
1565 1059 1770 1121 propter

76 1130 338 1176 femineam
355 1130 702 1176 verecundiam
720 1130 919 1177 vultum
937 1130 1172 1178 deiecerit
1194 1146 1367 1178 verum
1391 1132 1543 1178 etiam
1566 1134 1770 1192 propter

78 1203 279 1250 obiecta.
333 1203 543 1264 denique
574 1204 694 1250 11300
727 1206 946 1266 primum
969 1207 1152 1268 purgat
1177 1221 1302 1266 quae
1326 1206 1483 1266 ipsius
1507 1221 1769 1266 personam

78 1293 371 1338 suorumque
403 1278 739 1326 foedaverant.
799 1280 1003 1341 gravius
1036 1281 1206 1326 autem
1238 1280 1431 1340 accepit
1470 1295 1595 1341 quae
1635 1279 1768 1326 dicta

21 1370 55 1406 15
78 1354 204 1412 sunt,
245 1352 362 1412 quia
401 1368 499 1399 non
540 1354 682 1399 erant
720 1368 852 1414 vera,
893 1354 942 1400 et
982 1369 1039 1400 eo
1078 1354 1239 1416 magis
1279 1353 1491 1413 erubuit,
1523 1353 1641 1415 quia
1680 1369 1768 1401 nec

76 1425 345 1473 inhumana
384 1427 495 1486 fuit,
527 1430 584 1474 ut
615 1427 834 1474 Ilioneus
876 1427 1014 1488 dixit,
1054 1443 1143 1474 nec
1181 1427 1406 1474 barbara.
1469 1429 1630 1475 utitur
1662 1430 1768 1475 arte

75 1499 384 1562 plenissima,
439 1503 498 1547 ut
551 1503 693 1564 gesta
747 1518 846 1548 non
900 1501 1149 1565 negando,
1212 1501 1446 1563 quoniam
1501 1502 1768 1549 manifesta

76 1574 288 1635 fuerant,
313 1574 398 1621 sed
428 1575 688 1638 purgando
714 1575 960 1623 defendat.
1005 1577 1171 1623 solvite
1194 1576 1334 1623 corde
1356 1579 1548 1631 metum,
1577 1576 1766 1630 Teucri,

75 1648 297 1696 secludite-
343 1663 512 1696 curas:
572 1650 744 1710 paucis
793 1649 1060 1697 admodum
1104 1651 1158 1696 in
1203 1651 1520 1710 responsione
1571 1665 1766 1698 securos

23 1735 56 1775 ἰο
77 1722 257 1783 effecit3
318 1725 436 1770 tunc
485 1723 615 1770 enim
663 1725 826 1771 cetera
872 1723 1084 1772 libenter
1130 1723 1293 1772 audiri
1330 1725 1600 1785 potuerunt
1640 1740 1766 1785 quae

75 1795 166 1844 illa
203 1796 545 1858 adsumpserat
585 1797 859 1846 defensura.
936 1813 1014 1846 res
1053 1799 1184 1846 dara
1223 1801 1267 1846 et
1302 1800 1440 1858 1091ιί
1470 1800 1661 1846 novitas
1691 1814 1767 1846 me

75 1870 195 1918 talia
234 1875 407 1931 eoquat
442 1872 605 1919 molv'ri
645 1875 688 1919 et
725 1873 818 1920 late
855 1874 974 1932 finis
1004 1874 1195 1920 custode
1227 1874 1351 1920 tueri
1359 1889 1374 1918 .·
1412 1873 1615 1920 fuerunt
1648 1888 1764 1936 ergo

76 1943 192 1992 duo:
245 1945 421 1992 horum
461 1962 615 1993 unum
654 1946 850 2007 aperuit
889 1946 1022 2008 quod
1059 1947 1224 1994 fuerat
1262 1947 1316 1993 in
1355 1946 1594 2007 evidenti,
1642 1947 1764 1994 alte-

75 2033 186 2065 rum
224 2018 408 2067 doloris
448 2020 525 2067 sui
565 2035 715 2069 causa
753 2022 1043 2068 transmisit.
1101 2020 1154 2067 in
1186 2020 1406 2068 evidenti
1436 2021 1536 2068 fuit
1566 2023 1763 2069 novitas

25 2103 55 2146 ις
75 2093 228 2156 regni,
262 2109 386 2154 quae
421 2093 727 2155 probabatur
765 2111 822 2142 ex
860 2095 923 2142 iis
963 2110 1090 2157 quae
1130 2094 1428 2158 gerebantur
1466 2095 1518 2142 in
1557 2095 1763 2143 diversis

73 2166 326 2228 operibus:
378 2167 562 2216 idcirco
611 2169 682 2216 ait
728 2170 870 2232 regni
915 2171 1111 2228 novitas
1155 2172 1203 2216 01
1241 2184 1319 2216 res
1359 2168 1482 2216 dura
1520 2186 1599 2216 me
1638 2169 1764 2217 talia

75 2244 257 2304 cogunt
294 2242 460 2289 moliri
500 2244 550 2290 et
587 2243 689 2290 late
728 2242 840 2290 finis
873 2243 1074 2291 custode
1105 2244 1259 2290 tueri:
1299 2258 1409 2290 0000
1441 2243 1610 2304 posuit
1641 2244 1763 2291 alte-

74 2329 184 2361 rum
215 2314 420 2364 dicendo
452 2331 529 2364 res
563 2316 700 2365 dura.
751 2317 836 2364 sed
867 2317 949 2365 hic
979 2316 1101 2365 satis
1134 2319 1304 2364 errant
1336 2318 1423 2378 qui
1452 2333 1558 2365 rem
1589 2318 1763 2365 duram

74 2387 288 2436 novitati
324 2392 466 2452 regni
504 2391 831 2455 coniungunt,
871 2392 1016 2454 quasi
1053 2390 1306 2454 Vergilius
1345 2407 1499 2439 unam
1536 2408 1642 2438 rem
1680 2407 1762 2455 ge-

27 2459 56 2512 ὴ
75 2460 266 2510 minans
304 2463 398 2511 hoc
435 2464 568 2512 idem
607 2465 801 2526 dixerit,
834 2465 972 2513 velut
1010 2465 1312 2513 laboriosam
1351 2480 1455 2514 esse
1486 2467 1763 2514 novitatem

31 2550 52 2594 ,ἐξ
74 2535 227 2598 regni.
303 2537 389 2586 sed
441 2544 540 2587 non
592 2540 668 2588 ita
722 2541 817 2602 est3
878 2554 995 2587 nam
1049 2539 1245 2588 novitas
1297 2540 1441 2603 regni
1494 2540 1762 2588 sollicitam

33 2695 59 2755 ἑ
193 2695 219 2735 3
243 2695 454 2749 proxime
484 2694 556 2739 ed.
711 2699 765 2738 12
797 2695 971 2739 vultum
1003 2709 1092 2738 om.
1125 2696 1198 2738 ed.
1352 2699 1405 2739 18
1436 2697 1568 2740 corde
1597 2700 1762 2739 metum

74 2747 162 2795 [ΑΒ.
192 2765 228 2795 c.
259 2757 378 2796 metu
407 2767 432 2796 r
461 2752 607 2798 voluit
641 2766 750 2812 ergo
781 2755 921 2798 corda
951 2759 1100 2799 metu?
1157 2757 1163 2812 Ι
1226 2755 1389 2799 Teucri
1417 2760 1461 2799 et
1489 2754 1576 2797 LR
1607 2754 1688 2797 sed
1721 2759 1763 2799 et

32 2774 299 2901 {expunxit
328 2811 364 2854 L
395 2811 511 2869 ipse.
633 2817 687 2856 21
720 2818 976 2870 sumpserat
1004 2813 1076 2857 ed.
1186 2819 1241 2857 22
1272 2814 1536 2868 fuerunt—
1555 2817 1610 2856 27
1642 2814 1762 2858 tuen'
1849 2854 1855 2862 .

75 2879 164 2912 om.
196 2868 289 2913 ed.:
342 2870 612 2917 intellectus
654 2872 839 2928 pondus
876 2871 927 2916 in
964 2872 1200 2929 particula
1238 2878 1282 2917 et
1318 2874 1462 2929 atque
1499 2872 1550 2916 in
1586 2871 1761 2929 plurali

36 2952 38 2954 ·
71 2933 239 2997 wyuqat
269 2928 412 3031 01111ιὲ
442 2932 526 2975 est.
649 2935 706 2975 28
737 2932 930 2976 dicendo
958 2945 1028 2976 res
1058 2932 1181 2976 dura
1211 2945 1300 2976 om.
1327 2931 1397 2975 ed.
1523 2936 1576 2975 31
1609 2932 1761 2976 sed—

74 2998 203 3044 reqm
233 3001 320 3032 om.
351 3003 375 3032 e
416 3026 421 3030 .
