2014 3226
792 189 1095 234 AENEIDOS
1128 190 1169 232 V
1722 191 1832 243 499

138 346 286 378 sonae
334 330 489 390 ipsius
546 330 607 377 ab
659 332 773 376 actu
822 346 1018 391 quoque
1068 332 1391 392 monstravit,
1439 346 1608 393 aegra,
1656 331 1836 391 inquit,

136 405 254 462 fuit,
294 404 386 451 1100
426 405 500 451 031
540 403 858 451 cruciabatur
897 405 1063 451 animo
1105 406 1370 465 animoque
1410 404 1834 465 commovebatur,

137 477 260 525 dicit
298 493 497 526 causam
538 477 867 540 aegritudinis
907 479 1064 539 ipsius
1107 480 1157 525 et
1196 479 1540 526 commotionis
1573 478 1668 526 tali
1700 478 1835 540 quod

136 552 243 599 sola
283 553 473 599 careret
511 567 714 599 munere
754 567 842 599 nec
874 553 1050 598 merito
1085 552 1332 599 Anchisae
1364 552 1572 599 inferret
1602 551 1834 599 honores:

91 643 111 674 5
137 625 337 672 dolebat
364 625 499 686 quod
530 641 630 672 non
657 626 1010 687 obsequeretur
1034 626 1264 673 manibus
1292 626 1537 673 Anchisae
1563 627 1615 672 in
1641 625 1834 673 sollem—

135 699 278 746 nibus
320 699 620 747 exhibendis.
698 701 814 747 haec
846 701 1017 759 effata:
1056 700 1223 747 locuta
1266 702 1340 747 est
1371 699 1505 747 haec.
1577 702 1628 747 at
1656 703 1835 747 matres

125 775 293 833 primo
326 775 561 832 ancipites
593 774 836 833 oculisque
867 775 1110 833 malignis>
1131 774 1390 833 ambiyuae
1420 777 1635 833 spectare
1665 777 1820 821 rates:
1836 776 1924 816 655

136 847 312 909 primo,
355 847 440 907 ait,
480 846 738 909 ancipites,
778 849 940 909 primo
975 847 1252 910 ambiguae,
1293 849 1453 910 primo
1495 847 1650 895 oculis
1690 847 1834 894 mali·

135 921 244 983 gnis
291 927 424 968 rates
472 921 766 982 spectabant
819 922 911 969 hoc
968 924 1042 969 est
1097 922 1253 969 oculis
1309 922 1408 969 suis
1463 922 1621 968 malas
1678 921 1832 968 animi

67 1011 110 1044 10
135 995 462 1058 cogitationes
510 995 918 1043 demonstrantes.
997 995 1081 1042 sed
1129 1011 1239 1042 cum
1287 994 1410 1042 dicit
1455 997 1615 1057 primo
1667 994 1831 1042 dubiis

135 1072 185 1115 et
215 1070 376 1130 primo
417 1070 618 1117 incertis
659 1071 709 1116 et
739 1070 973 1133 malignis
1012 1069 1188 1131 primo,
1227 1069 1319 1116 hoc
1358 1071 1523 1130 ipsum
1564 1067 1831 1116 videndum

134 1146 209 1190 est
235 1158 356 1204 quos
382 1144 543 1190 exitus
573 1143 758 1191 habeat
784 1159 942 1204 quove
967 1144 1071 1191 eius
1096 1143 1270 1191 tendat
1302 1143 1566 1190 incertum:
1598 1145 1831 1190 miserum

131 1219 258 1264 inter
311 1231 523 1264 amorem·
569 1220 845 1277 praesentis
899 1221 1057 1266 terrae
1107 1218 1318 1277 fatisque
1374 1218 1600 1265 vocantia
1652 1231 1838 1277 reyna:

23 1327 38 1335 -
131 1290 432 1338 tenebantur
485 1306 651 1339 amore
701 1293 976 1353 praesentis
1027 1293 1214 1351 terrae,
1266 1292 1319 1338 in
1372 1307 1472 1352 qua
1523 1290 1618 1338 sibi
1673 1291 1830 1337 otium

67 1380 110 1413 ιε
135 1363 445 1426 spondebant
484 1367 534 1412 et
571 1366 819 1413 malorum
858 1365 1081 1413 omnium
1127 1365 1297 1424 finem,
1348 1364 1435 1411 ubi
1481 1380 1592 1412 cum
1639 1363 1835 1411 civibus>

30 1657 38 1704 3

133 1441 295 1487 essent
333 1439 531 1487 futurae
569 1439 807 1488 habentes
845 1440 1068 1500 requiem
1107 1440 1480 1502 sempiternam3
1522 1454 1547 1485 e
1580 1439 1835 1486 contrario*

131 1512 419 1561 tractabant
465 1529 603 1575 spem
652 1514 772 1561 fatis
810 1513 1092 1562 volentibus
1140 1512 1370 1560 debitam.
1447 1512 1541 1560 hoc
1591 1512 1710 1560 fecit
1755 1527 1830 1560 se-

134 1588 331 1648 quentis
370 1587 589 1648 consilii,
639 1603 748 1636 cum
798 1588 890 1635 dea
934 1602 984 1635 se
1025 1587 1239 1647 paribus
1268 1601 1365 1646 per
1409 1587 1597 1634 caelum
1633 1586 1830 1634 sustulit

132 1662 228 1709 alis
265 1663 595 1722 ingentemque
632 1663 756 1723 fuya
792 1663 943 1710 secuit
979 1663 1069 1708 sub
1107 1662 1303 1709 nubibis
1342 1675 1536 1709 arcum:
1574 1659 1735 1707 adhue
1773 1661 1825 1706 in

30 1759 43 1796 ,;
66 1750 111 1784 20
133 1735 322 1783 incerto
355 1737 631 1783 sententiae
670 1737 968 1784 constitutas
1007 1735 1102 1782 Iris
1134 1734 1324 1782 dimisit
1364 1736 1413 1782 et
1443 1733 1594 1781 rediit
1625 1733 1688 1781 ad
1719 1748 1828 1781 cae-

27 1798 40 1840 1

28 1997 43 2130 {-

132 1809 251 1858 lum.
328 1813 430 1856 tum
468 1824 580 1857 vero
620 1811 850 1858 attonitae
886 1811 1116 1857 monstris
1155 1813 1381 1868 actaeque
1418 1809 1587 1867 furore
1625 1808 1808 1856 concla-
1830 1810 1924 1851 660

130 1886 292 1931 mant:
331 1885 599 1945 attonitae,
649 1883 701 1930 id
755 1885 831 1932 est
875 1883 1188 1932 sollicitiores
1237 1883 1438 1930 effectae
1486 1884 1536 1929 et
1580 1883 1682 1928 iam
1728 1897 1829 1929 non

28 1952 39 1996 ἶ
133 1956 328 2018 dubiae,
360 1972 418 2006 ac
448 1957 616 2006 furore
642 1959 897 2020 correptae
924 1958 1252 2019 conclamant,
1290 1959 1348 2003 ut
1374 1956 1476 2003 iam
1499 1971 1598 2003 non
1622 1970 1828 2017 paucae,

133 2031 217 2078 sed
255 2031 516 2079 universae
555 2034 841 2095 peccarent,
880 2031 1164 2079 clamabant
1204 2033 1254 2077 01
1292 2030 1418 2078 alias
1458 2029 1601 2090 aliae,
1641 2028 1829 2077 scilicet

27 2119 110 2189 1οε
134 2120 258 2166 quas
289 2104 478 2168 primus
510 2106 651 2154 furor
681 2107 948 2154 invaserat.
1025 2107 1319 2165 rapiuntque
1347 2105 1470 2164 focis
1491 2103 1829 2163 penetralibus

130 2180 464 2240 19ηο1η,1)α1·3
500 2181 717 2241 spoliant
753 2194 900 2228 aras:
938 2195 1036 2227 non
1076 2178 1354 2228 sufficiebat
1382 2176 1660 2226 furentibus
1694 2176 1829 2239 quod

253 2354 279 2393 6
310 2350 501 2405 efferata
530 2347 619 2393 LR
649 2350 789 2405 effata
820 2365 854 2394 r.
964 2353 990 2391 9
1022 2350 1319 2405 expectabant
1350 2348 1403 2392 R.
1433 2350 1439 2405 Ι
1474 2348 1623 2391 animi
1653 2346 1695 2390 R
1725 2348 1828 2391 ani-

133 2409 246 2454 mico
276 2407 313 2452 L
343 2410 500 2454 animo
532 2409 770 2453 ed.13
802 2410 1000 2464 satisque
1030 2407 1079 2452 L.
1186 2413 1241 2452 16
1271 2409 1480 2452 habentes
1510 2405 1597 2449 LR
1627 2410 1670 2450 et
1696 2405 1823 2450 habi-

132 2473 264 2512 turae
294 2467 636 2513 0(1.17-18
667 2469 750 2513 11οο
777 2468 872 2523 fuit
893 2469 1118 2524 sequentis
1141 2467 1324 2512 consilii
1346 2465 1434 2509 LR
1456 2466 1549 2510 ed.:
1581 2463 1826 2508 intellectu

131 2525 250 2572 haec
290 2529 473 2582 carent,
526 2527 676 2572 latere
714 2529 845 2571 ratus
884 2526 1011 2582 quod
1051 2525 1113 2570 ad
1150 2525 1324 2571 lemma
1361 2523 1613 2569 tiansitum
1650 2523 1828 2567 faceret

131 2587 241 2641 feeit
270 2585 451 2643 scripsi,
480 2588 536 2630 111
564 2588 790 2644 sequentis
821 2599 916 2630 acc.
942 2585 1061 2642 plur.
1088 2585 1151 2629 sit
1182 2599 1286 2628 cum
1319 2598 1422 2643 gen.
1450 2583 1541 2628 obi.
1663 2586 1720 2626 20
1751 2582 1823 2625 in·

131 2649 302 2690 certum
331 2645 375 2689 R·
413 2659 526 2690 corr.
559 2661 594 2690 r.
646 2647 653 2703 Ι
709 2647 956 2690 constituta
986 2646 1029 2689 31·
1059 2645 1145 2689 iris
1174 2645 1351 2689 dimisit
1380 2643 1466 2687 LR
1504 2642 1751 2687 constituta
1779 2655 1825 2685 se

132 2705 163 2748 i.
189 2704 282 2748 (1.1
311 2705 569 2750 constitutis
598 2705 696 2749 Iris
724 2718 770 2749 se
800 2705 980 2749 demisit
1009 2703 1081 2747 ed.
1112 2704 1291 2748 correxi
1321 2702 1412 2757 ita,
1449 2703 1504 2745 111
1535 2701 1710 2744 dimisit
1738 2713 1824 2756 pro

131 2764 379 2821 reliquitp
381 2763 554 2808 ositum
584 2765 802 2821 putarem
833 2762 891 2807 cf.
909 2778 948 2808 v
960 2766 1060 2806 608.
1154 2767 1207 2806 21
1240 2763 1394 2820 fiyura
1417 2761 1458 2804 R
1479 2762 1637 2817 furore
1659 2773 1754 2802 r=

222 2827 278 2866 22
309 2822 394 2867 ide*
414 2822 451 2866 L
481 2824 533 2867 id
555 2828 622 2868 est
641 2822 684 2866 R
713 2823 797 2867 hoc
818 2827 883 2867 est
912 2821 1020 2879 0(1.Ι
1045 2821 1339 2878 sollicitiopes
1359 2819 1447 2863 LR
1468 2819 1688 2864 sollicitae
1672 2758 1824 2920 211ᾶέ

132 2882 280 2936 effecte
310 2880 352 2924 R
382 2882 528 2937 effecti
555 2881 643 2937 L.!
669 2883 806 2926 etiam
836 2881 924 2924 LR
954 2885 997 2924 et
1026 2882 1122 2926 iam
1152 2894 1236 2924 nos
1268 2884 1311 2925 et
1339 2880 1476 2924 etiam
1507 2876 1579 2922 ed.

133 2939 175 2982 R
204 2954 259 2985 ac
287 2954 323 2984 r.
417 2945 474 2985 24
505 2945 548 2986 et
577 2885 681 2986 (111113
710 2941 814 2984 alae
835 2939 923 2983 LR
954 2942 1077 2998 (cum
1109 2939 1265 3036 spatio
1296 2940 1405 2996 post
1435 2938 1539 2982 alas
1564 2935 1618 2992 L)
1649 2936 1825 2981 alacres

133 2998 206 3044 ed.
327 3003 384 3044 25
410 3001 594 3056 primus
621 2999 709 3044 LR
740 3013 860 3044 -mas
889 2997 962 3044 ed.

1380 3069 1467 3114 32*
