2014 3226
212 166 321 219 514
679 165 910 210 DONATI
940 166 1221 209 INTERPR.
1253 165 1432 209 VERG.

211 308 430 367 conpleri
475 309 600 354 inter
646 321 695 354 se
744 310 1016 366 noctemque
1063 306 1281 366 diemque
1327 309 1606 354 morantur:
1659 307 1780 354 haec
1828 311 1904 354 est

210 381 412 429 moralis
454 381 620 441 dictio,
660 382 714 426 in
753 395 852 441 qua
890 379 1096 426 humani
1136 382 1274 427 actus
1308 382 1573 441 apparent3
1613 382 1731 428 tunc
1771 382 1903 427 enim

211 455 461 502 abscessus
504 456 577 501 est
608 455 810 516 gravior
850 468 960 501 cum
1000 452 1068 514 fit,
1109 469 1207 501 non
1241 469 1350 501 cum
1383 453 1676 515 disponitur.
1740 455 1900 516 primo

211 531 341 575 enim
381 544 480 575 non
518 528 833 575 vehementer
884 528 1105 574 animum
1143 527 1335 575 mordet
1374 523 1411 591 †
1452 529 1563 575 astu
1611 529 1653 576 si
1693 528 1755 576 ad
1793 543 1901 590 per-

211 603 473 650 fectionem
505 601 657 649 fuerit
695 603 913 661 ventum,
955 601 1101 648 aliter
1133 603 1287 648 animi
1320 603 1703 650 commoventur.
1768 601 1902 649 deni·
1948 616 1975 650 5

212 693 304 737 que
345 676 562 735 Troiani,
603 675 783 736 quibus
823 675 931 722 leve
972 675 1196 722 cessandi
1232 675 1492 723 consilium
1523 676 1621 723 fuit
1653 677 1703 723 et
1733 676 1904 722 futura
1992 671 1993 715 ἶ

210 750 481 812 separatio,
527 764 839 797 remansuros
879 765 929 797 se
970 750 1245 812 cogitantes
1286 748 1405 810 quid
1446 748 1630 797 doloris
1677 752 1905 812 gererent

209 825 426 871 lacrimis
474 823 808 871 testabantur:
859 822 988 883 quod
1036 838 1096 870 ne
1142 823 1386 871 maturius
1432 823 1593 883 fieret,
1640 822 1905 871 nectebant
1970 825 1981 883 ξ,

208 913 395 958 moras,
436 912 591 958 usque
633 897 753 945 adeo
794 897 850 943 ut
889 897 978 945 has
1017 898 1131 959 post
1171 896 1362 944 dierum
1402 912 1579 944 novem
1618 898 1782 958 spatia
1822 912 1901 945 cu-

208 973 382 1033 perent
436 970 662 1019 dilatare.
755 972 892 1030 ipsae
944 972 1048 1018 iam
1097 974 1297 1027 matreS,
1354 972 1453 1030 ipsi
1502 971 1677 1030 quibus
1726 986 1904 1030 aspera
1928 987 1947 1018 1

209 1046 455 1106 quondam
507 1047 616 1093 visa
665 1047 821 1093 maris
868 1046 1019 1103 facies
1066 1047 1109 1093 et
1151 1059 1251 1092 non
1301 1045 1545 1093 tolerabile
1597 1060 1778 1093 numen
1831 1047 1904 1093 ire

207 1120 375 1166 volunt
413 1133 691 1180 omnemque
728 1120 876 1179 fugae
906 1120 1130 1179 perferre
1167 1119 1409 1166 laborem:
1454 1119 1606 1180 ipsae,
1647 1134 1775 1180 quae
1815 1119 1903 1166 du-

210 1194 325 1241 dum
365 1195 575 1256 pontum
615 1192 940 1254 aspectabant
984 1192 1156 1240 flentes
1205 1195 1254 1240 et
1302 1192 1538 1240 dolebant
1577 1209 1687 1240 cum
1728 1194 1905 1241 ceteris

208 1270 407 1315 tantum
454 1267 549 1315 sibi
594 1267 745 1315 maris
794 1283 1068 1328 superesse,
1122 1266 1358 1314 volebant
1411 1282 1615 1330 pergere
1663 1269 1713 1315 et
1759 1283 1903 1315 omne

117 1346 204 1386 770
221 1341 449 1389 laborum
488 1357 641 1405 genus
691 1342 862 1403 aequis
912 1341 1088 1388 animis
1134 1341 1277 1388 ferre.
1355 1355 1472 1401 quos
1519 1341 1671 1388 bonus
1710 1339 1904 1390 Aeneas

207 1416 347 1464 dictis
385 1416 573 1463 solatur
612 1417 783 1463 amicis
824 1418 866 1463 et
903 1417 1259 1475 consanguineo
1299 1415 1567 1463 lacrimans
1606 1415 1905 1463 commendat

205 1488 432 1538 Acestae:
470 1489 628 1538 bonus
659 1491 800 1536 iuxta
833 1490 970 1549 civis,
1008 1488 1165 1537 bonus
1197 1490 1338 1536 iuxta
1370 1490 1541 1548 socios,
1574 1488 1731 1536 bonus
1762 1490 1903 1537 iuxta
1959 1498 1979 1549 ζ’

205 1579 517 1612 remansuros
566 1563 915 1611 consolabatur
965 1563 1124 1610 omnis
1177 1565 1226 1610 et
1274 1563 1508 1627 religioso
1556 1562 1725 1611 Acesti
1772 1578 1902 1612 com·
1964 1546 1990 1620 ,ff

205 1638 485 1686 mendabat.
564 1640 654 1686 tris
694 1638 849 1698 Eryci
886 1638 1062 1685 vitulos
1102 1640 1145 1685 et
1182 1638 1538 1697 tempestatibus
1578 1652 1758 1698 aynam
1797 1653 1902 1686 cae·
1962 1636 1966 1642 ’

206 1713 317 1760 dere
348 1713 521 1760 deinde
550 1713 682 1760 iubet
710 1712 925 1772 solvique
957 1726 1012 1758 ex
1043 1711 1213 1759 ordine
1242 1713 1438 1772 fimcm:
1469 1710 1765 1759 sacrificium
1793 1710 1903 1759 fieri
1925 1719 1977 1781 sq
1989 1728 2000 1760 ι

207 1786 358 1848 Eryci
395 1787 543 1834 fratri
582 1802 640 1834 ex
678 1785 838 1834 tribus
870 1785 1093 1834 iuvencis
1124 1786 1270 1833 iussit
1301 1787 1351 1833 et
1382 1785 1560 1845 ventis,
1598 1801 1660 1833 ne
1691 1785 1902 1833 violenti

208 1862 487 1921 existerent,
521 1875 703 1923 agnam
733 1859 980 1907 inmolari.
1042 1862 1147 1920 ipse
1171 1862 1318 1919 caput
1340 1863 1505 1907 tonsae
1527 1859 1662 1919 foliis
1688 1861 1902 1908 evinctus
1948 1864 1951 1871 ’

114 1938 202 1978 ’175
221 1935 377 1982 olivae
413 1938 550 1982 stans
597 1934 721 1983 celsa
767 1936 823 1981 in
863 1935 1029 1994 puppi
1065 1937 1295 1993 pateram
1341 1937 1464 1981 tenet
1509 1936 1708 1993 extaque
1745 1934 1904 1982 salsos

196 2010 380 2068 proicit
400 2010 454 2056 iaz
478 2010 654 2068 fluctus
679 2023 737 2056 ac
758 2009 878 2055 vina
909 2008 1143 2067 liquentia
1172 2007 1363 2068 fundit:
1400 2007 1546 2055 iussit
1576 2008 1683 2070 ipse
1707 2006 1904 2055 Aeneas

327 2153 349 2191 1
376 2149 532 2193 inliter
554 2149 595 2192 R
619 2149 655 2191 li
679 2148 767 2192 del.
785 2164 820 2192 r.
906 2152 933 2190 4
958 2154 1062 2192 astu
1084 2149 1127 2192 si
1141 2147 1176 2191 L
1203 2147 1378 2192 similes
1397 2148 1479 2191 sed.
1495 2147 1696 2191 incertas
1715 2147 1901 2191 litteras
1965 2159 1978 2186 .·

204 2207 349 2251 habet
372 2207 414 2250 R
443 2222 477 2251 u
508 2207 836 2264 superscripsit
866 2222 903 2258 r,
934 2206 1133 2251 fortasse
1165 2213 1238 2252 ast
1266 2207 1360 2261 ubi,
1394 2207 1476 2251 sed.
1506 2220 1739 2263 nusquam
1771 2207 1901 2263 apud
1960 2204 1981 2267 f

205 2266 442 2311 Donatum
473 2273 544 2311 ast
573 2267 746 2322 inveni,
771 2273 922 2311 aestus
951 2268 994 2310 si
1021 2267 1092 2310 ed.
1117 2280 1211 2310 non
1234 2266 1404 2323 placet.
1499 2271 1526 2309 5
1558 2266 1692 2310 aliter
1714 2266 1802 2309 LR
1825 2266 1898 2310 ed.
1971 2264 1981 2313 J

205 2327 372 2371 acriter
400 2341 436 2369 r.
529 2331 555 2369 6
587 2327 784 2371 troianis
807 2326 894 2370 LR
919 2326 989 2369 ed.
1017 2327 1089 2369 -ni
1120 2326 1191 2370 ed.
1223 2327 1344 2382 post.
1439 2330 1494 2368 10
1525 2325 1722 2369 dilatare
1752 2325 1803 2368 in
1834 2326 1900 2370 -ri

206 2398 319 2429 corr.
331 2385 384 2428 R.
414 2387 420 2441 Ι
449 2385 548 2441 ipsa
574 2386 668 2429 iam
688 2385 774 2428 LR
799 2399 912 2429 corr
925 2399 960 2428 r.
991 2387 996 2441 Ι
1025 2386 1117 2441 ipsi
1132 2385 1219 2428 LR
1236 2384 1307 2429 ed
1326 2385 1453 2440 ipsae
1475 2383 1553 2428 hic
1578 2397 1762 2440 quoque
1779 2383 1897 2428 Don.
1966 2383 1977 2403 ⁵

204 2444 375 2501 legisse
393 2459 518 2500 susp.
529 2443 743 2501 Hoppius
759 2443 1027 2501 neglegens,
1036 2446 1090 2488 ut
1106 2444 1302 2500 videtur,
1312 2457 1413 2488 cum
1429 2443 1595 2488 ceteris.
1680 2447 1732 2486 11
1752 2457 1898 2500 quan-

205 2504 313 2548 dam
336 2503 390 2547 R.
490 2507 544 2546 14
571 2518 655 2560 per
653 2518 756 2605 {ere
778 2503 820 2546 R
844 2504 1064 2560 perfiyere
1087 2503 1122 2546 L
1155 2504 1189 2557 fi
1218 2502 1393 2546 lineola
1422 2501 1676 2546 transfodit
1699 2515 1823 2546 man.
1840 2501 1896 2546 H.

297 2567 351 2606 16
383 2563 578 2630 adfatur
607 2562 643 2606 L
727 2561 821 2617 ed.,
854 2563 937 2607 sed
975 2563 1295 2607 consolabatur
1325 2561 1375 2605 in
1406 2561 1612 2618 interpr.
1645 2575 1788 2616 quare
1825 2574 1899 2606 so-

206 2623 331 2666 latur
369 2621 536 2678 scripsi
575 2635 681 2665 cum
719 2621 869 2679 Verg.
897 2621 1055 2676 libris,
1094 2621 1290 2676 adfatur
1328 2633 1384 2664 ex
1423 2625 1576 2676 8,126
1607 2619 1682 2664 vel
1714 2623 1784 2675 10,
1809 2623 1898 2664 466

204 2680 407 2738 irrepsit.
543 2684 598 2723 18
630 2681 769 2725 acesti
799 2680 886 2724 LR
916 2656 1106 2725 Acestae
1138 2680 1208 2724 ed.
1360 2683 1414 2723 19
1447 2679 1652 2724 accedere
1681 2692 1766 2735 pro
1798 2692 1895 2724 cae·

204 2741 308 2784 clere
337 2739 436 2783 LR.
553 2743 610 2783 20
640 2739 717 2794 fiet
746 2739 833 2782 LR
863 2740 965 2795 fieri
992 2754 1018 2783 r
1049 2739 1120 2784 ed.
1229 2743 1285 2782 22
1318 2743 1480 2782 tunsae
1511 2737 1599 2781 LR
1629 2751 1742 2782 corr.
1767 2753 1791 2782 r
1821 2736 1896 2782 ed.

295 2803 350 2842 23
378 2799 543 2854 procul
573 2799 625 2842 in
649 2812 795 2855 prora
826 2798 861 2840 L
895 2798 964 2842 ed.
998 2799 1115 2843 celsa
1146 2799 1199 2842 in
1224 2798 1377 2855 puppi
1414 2797 1464 2840 in
1494 2811 1656 2841 rasura
1684 2811 1730 2851 r,
1769 2794 1897 2852 quod.

205 2857 428 2914 quoniam
457 2857 649 2914 interpr.
674 2856 882 2914 praebet,
916 2857 1295 2902 substituendum
1325 2855 1511 2913 putavi3
1542 2868 1652 2899 nam
1682 2857 1730 2900 et
1751 2854 1896 2900 libro·
1942 2877 1993 2898 ·-,

203 2931 308 2960 rum
337 2916 630 2972 quorundam
658 2916 797 2973 Verg.
832 2916 1112 2961 auctoritate
1144 2917 1191 2961 et
1221 2915 1351 2960 tertii
1382 2914 1492 2959 libri
1523 2928 1658 2960 versu
1689 2918 1774 2958 527
1815 2913 1895 2958 de·
1959 2924 1963 2925 ⁷

203 2975 425 3019 fenditur.
548 2980 605 3020 24
632 2976 827 3031 pom-icit
857 2975 929 3020 ed.
