2014 3226
806 149 1110 193 AENEIDOS
1142 150 1183 192 11
1737 151 1842 202 {249

152 290 385 352 experiri:
440 294 536 337 stat
573 304 716 337 casus
754 303 987 337 renovare
1025 291 1181 336 onmis
1220 304 1498 349 omnemque
1536 293 1707 337 recca-ti
1740 296 1934 349 per750

155 365 355 412 Troiam
403 368 446 411 et
489 378 666 411 rursus
712 366 860 422 caput
897 364 1129 410 obisctare
1159 364 1382 423 periclis:
1436 365 1489 410 in
1527 364 1616 411 illo
1656 364 1847 412 interea

152 440 316 486 furore
364 454 464 486 non
513 436 886 485 considerabam
934 437 1052 498 quid
1092 437 1180 485 1110
1219 439 1271 484 111
1310 438 1478 484 reditu
1518 438 1672 485 saluti
1709 454 1846 485 meae

151 514 319 573 posset
351 511 584 571 accidere,
611 511 695 559 sed
726 511 846 558 haec
879 515 1217 573 transegeram
1250 528 1439 559 mecum
1471 515 1646 574 utpote
1679 528 1846 559 amens

108 602 127 634 5
153 585 215 632 ad
256 587 414 633 omnis
448 587 656 633 eventus
690 584 981 632 confirmata
1014 587 1273 632 sententia.
1338 586 1509 649 cingor
1540 586 1846 649 fulgentibus

153 659 318 720 armis,
359 659 558 707 secundi
600 659 838 706 contrarii
877 658 1121 705 definitio:
1175 675 1373 720 parum,
1414 660 1599 721 inquit,
1639 659 1735 707 fuit
1773 677 1846 708 re-

150 749 314 780 meare
362 733 425 780 ad
471 735 712 795 patriam,
764 734 953 794 sumpsi
1000 749 1194 794 quoque
1243 750 1382 780 arma
1429 734 1676 796 fulgentia
1723 750 1847 795 quae

151 823 227 854 me
274 807 326 854 in
373 807 590 855 tenebris
638 807 850 855 catervis
898 807 1116 854 hostium
1163 808 1427 868 proderent
1472 809 1640 869 potius
1698 823 1848 870 quam

149 883 317 929 tutum
356 880 711 943 defensumque
751 882 1079 943 praestarent.

262 956 511 1014 Principio
550 969 718 1002 muros
758 956 1055 1014 obscuraque
1086 955 1260 1002 limina
1283 959 1470 1014 portae,
1503 971 1602 1015 qua
1628 971 1850 1016 cressum

153 1029 438 1084 emtuleram,
490 1033 647 1089 repeto
704 1033 746 1076 et
798 1030 1001 1089 vestiyia
1054 1033 1180 1076 retro
1235 1030 1488 1077 observata
1541 1044 1712 1089 sequor
1756 1046 1850 1090 per

150 1106 333 1151 noctem
373 1107 415 1151 et
453 1102 636 1151 lamine
673 1104 850 1151 lustro:
888 1105 1153 1164 propterea
1193 1103 1362 1150 eadem
1401 1105 1485 1151 via
1517 1121 1615 1165 qua
1646 1107 1851 1152 venerat

151 1177 248 1225 fuit
289 1178 335 1224 ei
371 1177 700 1238 redeundum,
749 1177 867 1238 quia
907 1177 1185 1238 suspicione
1226 1179 1275 1224 et
1313 1177 1404 1224 illa
1450 1177 1741 1239 ducebatur,
1788 1194 1849 1225 ne

152 1251 457 1299 substitisset
496 1252 630 1299 lassa
669 1253 758 1299 aut
797 1253 928 1299 certe
959 1250 1236 1298 resedisset.
1295 1251 1502 1299 obscura
1534 1252 1708 1299 limina
1739 1268 1849 1313 por-

29 1308 41 1313 i*
84 1341 128 1374 15
151 1327 233 1373 tae
273 1325 365 1374 1100
406 1328 481 1374 est
518 1327 569 1372 in
611 1325 782 1373 abdita
820 1327 965 1387 parte
1005 1327 1291 1385 constituta,
1324 1327 1472 1374 sicuti
1509 1327 1563 1372 in
1603 1328 1701 1374 alio
1741 1327 1849 1375 loco

153 1392 312 1465 (453)
369 1400 495 1447 dixit
550 1400 731 1460 „limen
786 1403 895 1448 erat
949 1415 1222 1461 caecaeque
1276 1398 1450 1447 fores“.
1537 1402 1586 1447 et
1637 1402 1852 1464 vestigia

151 1475 284 1522 retro
325 1473 589 1522 observata
629 1489 808 1536 sequor
839 1490 928 1535 per
957 1476 1154 1521 noctem
1186 1475 1236 1521 et
1266 1474 1453 1521 lumine
1485 1474 1663 1522 lustro:
1703 1476 1850 1523 vesti-

153 1549 237 1612 gia
277 1548 527 1610 quomodo
567 1565 656 1610 per
686 1551 884 1596 noctem
915 1550 1113 1596 secutus
1147 1549 1214 1595 sit
1242 1548 1350 1609 ipse
1383 1549 1598 1610 exponit,
1629 1550 1682 1595 in
1713 1550 1851 1610 ipsis,

152 1622 332 1683 inquit,
370 1622 586 1670 tenebris
626 1622 802 1683 noctis,
835 1623 954 1684 quia
985 1623 1083 1670 fuit
1114 1622 1281 1669 lumen
1313 1638 1371 1669 ex
1400 1622 1600 1669 flamma
1632 1622 1851 1671 ardentis

86 1711 130 1744 80
152 1696 369 1758 patriae,
418 1696 794 1745 considerabam
840 1697 1077 1760 vestigia,
1130 1713 1191 1744 ne
1236 1696 1481 1745 transitus
1529 1697 1634 1744 eius
1682 1696 1852 1760 colligi

151 1771 413 1832 potuisset.
491 1772 645 1819 fuisse
691 1774 859 1818 autem
905 1771 1073 1819 lumen
1120 1785 1178 1817 ex
1222 1770 1434 1818 flammis
1481 1770 1571 1817 illa
1620 1773 1763 1819 nocte
1803 1773 1853 1818 et

155 1844 253 1892 alio
293 1845 402 1893 loco
443 1837 602 1912 (312)
641 1847 812 1907 posuit
850 1844 1017 1893 dicens
1057 1844 1238 1908 „Sigea
1276 1844 1383 1907 igni
1420 1845 1549 1892 freta
1586 1845 1693 1892 lata
1723 1845 1851 1892 relu-

155 1934 242 1966 cen
267 1917 316 1980 “3
378 1918 576 1967 radiata
623 1921 756 1967 enim
801 1918 1019 1967 incendii
1063 1918 1250 1966 lumine
1297 1918 1586 1966 relucebant
1638 1918 1731 1967 hoc
1778 1921 1853 1966 est

155 1992 414 2054 splendore
454 2009 543 2042 suo
584 1996 787 2056 accepto
818 2009 908 2055 per
937 1993 1162 2040 flammas
1194 1992 1467 2039 reddebant
1499 1992 1636 2040 aliud
1670 1993 1852 2040 lumen.

88 2079 130 2113 85
151 2066 325 2114 horror
361 2068 537 2127 ubique
576 2070 756 2123 animo,
796 2068 944 2115 simul
980 2069 1093 2127 ipsa
1130 2066 1325 2115 silentia
1363 2069 1562 2115 terrent:
1600 2066 1713 2128 plus
1745 2083 1837 2128 me,
1857 2071 1940 2111 755

154 2140 338 2202 inquit,
377 2141 632 2190 terrebant
671 2141 872 2190 silentia
910 2157 1062 2204 quam
1100 2156 1197 2188 nox
1230 2142 1280 2188 et
1310 2140 1542 2188 solitudo.
1606 2155 1715 2189 ecce
1748 2142 1852 2188 ani-

154 2230 264 2263 mus
314 2216 562 2264 timentis:
626 2231 776 2278 supra
831 2214 958 2263 dixit
1008 2229 1169 2277 „nunc
1223 2229 1391 2262 omnes
1443 2216 1633 2263 terrent
1686 2230 1852 2275 aurae,

156 2303 304 2337 sonus
344 2291 529 2337 excitat
560 2291 720 2338 omnis
754 2285 1091 2352 suspensum“‚
1121 2289 1204 2336 hic
1234 2304 1431 2336 rursum
1464 2288 1586 2336 dicit
1617 2304 1668 2337 se
1700 2288 1853 2337 etiam

157 2362 357 2411 silentia
401 2363 639 2412 timuisse.
715 2364 830 2412 inde
876 2364 1094 2418 domum,
1149 2363 1193 2410 si
1237 2364 1362 2423 forte
1397 2363 1596 2423 pedem,
1642 2363 1686 2410 si
1730 2364 1853 2423 forte

91 2450 136 2484 σο
157 2435 362 2493 tulisset,
431 2451 507 2486 me
566 2438 738 2498 refero.
829 2438 1090 2486 &aruerant
1143 2436 1322 2484 Danai
1384 2439 1428 2485 et
1486 2440 1656 2485 tectam
1716 2449 1853 2484 omne

278 2611 302 2650 1
335 2609 538 2665 experiri
566 2607 654 2651 LR.
685 2622 779 2653 ·rer
809 2606 880 2652 ed.
915 2609 961 2663 (a
991 2607 1168 2652 decrevi
1195 2606 1402 2664 pendet).
1555 2610 1582 2649 3
1613 2606 1854 2651 considera

158 2664 245 2708 LR
275 2680 351 2711 ms
381 2667 453 2711 ed.
588 2672 618 2711 4
641 2668 790 2724 possit
821 2667 1026 2712 accedere
1057 2665 1144 2709 LR
1168 2671 1319 2724 posset
1348 2666 1550 2712 accidere
1578 2679 1677 2709 1100.
1720 2666 1727 2722 Ι
1774 2665 1853 2709 sed

159 2737 248 2769 om.
273 2725 346 2770 ed.
396 2728 403 2784 Ι
461 2731 620 2784 utpute
650 2725 737 2770 LR
767 2730 934 2782 utputa
966 2725 1037 2770 ed.
1071 2726 1144 2783 (ut
1173 2727 1347 2783 supra).
1512 2728 1539 2768 5
1571 2725 1738 2769 ominis
1766 2723 1853 2767 LR

159 2785 307 2829 omnis
334 2799 372 2829 r.
554 2790 579 2830 9
611 2791 743 2831 taum
771 2785 815 2828 R
853 2789 1003 2829 tutum
1039 2799 1076 2829 r.
1260 2789 1316 2829 10
1347 2785 1624 2839 obscuraque
1653 2782 1740 2826 LR
1777 2783 1851 2827 ob·

158 2855 403 2900 seur-aeque
431 2859 468 2888 r.
593 2849 647 2888 13
680 2850 722 2889 et
747 2844 831 2888 illa
855 2843 942 2887 LR.
973 2857 1030 2888 ex
1057 2844 1089 2889 i.
1114 2857 1138 2886 r
1167 2848 1210 2888 et
1240 2857 1329 2888 om.
1357 2843 1428 2888 ed.
1552 2847 1608 2886 14
1638 2841 1854 2887 obscurae

161 2926 218 2934 —-
237 2906 291 2946 15
315 2904 583 2949 constitutae
611 2918 649 2948 r.
743 2908 800 2948 24
832 2903 975 2948 lucem
1001 2901 1085 2946 LR
1115 2903 1268 2948 lumen
1296 2917 1331 2947 r.
1422 2905 1479 2946 26
1510 2902 1690 2946 animos
1719 2900 1790 2946 ed.

161 2963 216 3004 2⁷
249 2974 344 3006 non
373 2961 461 3006 LR
490 2977 616 3008 nunc
643 2977 669 3007 r
699 2976 790 3007 om.
815 2962 887 3007 ed.
980 2965 1038 3006 28
1067 2975 1254 3007 rursum
1286 2961 1408 3006 dixit
1431 2960 1519 3005 LR
1547 2974 1587 3006 r.
1610 2960 1724 3005 dicit
1752 2972 1850 3004 1100.
