2014 3226
207 158 317 211 584
675 157 907 202 DONATI
937 157 1217 201 INTERPR.
1250 157 1429 202 VERG.

1965 246 1980 285 f

119 303 203 343 575
223 300 382 358 quatis
421 299 650 346 vestibulo
690 298 864 351 sedeat,
906 298 1058 356 facies
1098 312 1221 357 quae
1261 300 1433 346 limina
1471 300 1654 346 servet?
1721 300 1900 360 qualis,
1940 291 1966 369 (Ι

207 373 394 434 inquit⁷
435 375 484 419 et
526 388 651 432 quae
692 388 781 419 nec
821 372 946 418 dixit
986 371 1273 419 definienter
1312 373 1527 433 aliquid,
1566 375 1622 420 ut
1661 373 1899 434 quicquid

207 449 446 506 taetrum,
502 445 801 493 horrendum
848 460 904 492 ac
952 445 1244 493 detestabile
1291 461 1393 494 esse
1439 448 1608 507 posset
1654 446 1898 495 coniciens

209 521 465 582 colligeret
506 519 800 566 aestimatio.
879 535 995 581 ergo
1035 520 1396 581 specialitatem
1434 522 1565 568 recte
1613 522 1897 582 suppressit,

207 610 268 641 ne
301 595 407 642 sola
438 595 734 654 putarentur
766 608 891 654 quae
923 594 1051 641 forte
1082 595 1341 654 posuisset.
1394 595 1746 654 quinquaqinta
1777 595 1897 642 atris
1941 609 1965 645 θ

207 669 421 715 inmanis
476 668 688 715 hiatibus
740 668 898 726 hydra
950 670 1141 714 saevior
1192 670 1325 715 intus
1377 669 1517 716 habet
1567 668 1749 715 sedem:
1811 683 1898 715 nec
1984 687 1985 692 ¹

206 742 422 801 mireris,
468 741 653 803 inquit,
700 741 849 788 istam
899 757 1026 802 quae
1075 741 1294 788 subiecta
1341 744 1416 788 est
1456 742 1611 789 oculis
1652 756 1708 789 ac
1748 741 1896 790 sedet.

208 815 340 876 quod
379 815 451 862 ait
491 815 641 874 sedet,
675 814 895 862 officium
932 818 1229 876 perpetuum
1268 815 1469 863 sedendi
1507 815 1769 879 significat,
1806 815 1900 863 hoc

206 889 355 937 verbo
403 891 452 935 et
498 890 551 935 in
591 890 834 952 georgicis
875 881 948 954 (4,
977 883 1107 955 244)
1147 905 1264 937 usus
1306 892 1380 937 est
1419 889 1584 937 dicens
1632 888 1898 950 „inmunis-

209 980 300 1024 que
349 962 519 1010 sedens
568 963 731 1010 aliena
779 962 841 1011 ad
887 963 1075 1024 pabula
1122 959 1308 1024 fucus“,
1355 966 1414 1010 ut
1461 963 1739 1012 ostenderet
1786 978 1897 1011 con·
1922 956 1996 1026 ια)

206 1038 538 1084 tinuationem
577 1036 698 1084 facti
734 1039 782 1084 et
813 1037 957 1083 illum
990 1038 1093 1084 sine
1125 1037 1488 1085 intermissione
1523 1038 1692 1099 aliqua
1724 1037 1897 1084 alienis
1972 1023 1990 1119 ]

207 1110 458 1159 laboribus
507 1110 850 1159 consumendis
899 1126 1090 1172 semper
1136 1112 1396 1159 intentum.
1477 1127 1592 1175 ergo
1641 1111 1776 1172 hinc,
1826 1112 1900 1157 in-
1974 1105 1989 1151 ἐ

208 1184 333 1246 quit,
371 1185 605 1247 intellege
646 1185 809 1246 qualis
850 1186 915 1232 sit
953 1185 1114 1246 hydra
1153 1201 1304 1246 quam
1340 1201 1457 1247 pars
1495 1187 1704 1233 interior
1740 1188 1900 1245 tenet3
1967 1156 1991 1241 i

206 1259 365 1306 multo
422 1258 606 1320 quippe
661 1261 737 1305 est
790 1260 985 1306 saevior
1040 1261 1088 1306 et
1138 1259 1387 1307 inmanior
1434 1261 1484 1307 et
1531 1260 1900 1321 quinquaginta
1979 1251 1992 1351 l

207 1334 329 1380 atris
370 1335 564 1380 armata
603 1333 926 1394 serpentibus.
1005 1334 1371 1396 quinquaginta
1409 1334 1592 1396 posuit,
1635 1336 1694 1380 ut
1731 1333 1898 1380 multi·
1924 1339 1997 1404 ¹⁸¹?

206 1407 430 1454 tudinem
477 1406 793 1470 significaret.
872 1408 1260 1470 quinquaginta,
1307 1407 1493 1469 inquit,
1539 1407 1758 1454 hiatibus
1803 1422 1900 1454 ser-
1986 1410 1991 1476 ᾖ

206 1483 412 1543 pentum
451 1482 690 1540 inmanis,
729 1483 787 1528 ut
826 1480 1106 1528 ostenderet
1145 1497 1227 1529 eos
1268 1484 1317 1528 et
1354 1481 1594 1542 plurimos
1635 1483 1685 1529 et
1723 1481 1786 1528 ad
1824 1482 1898 1527 in-
1984 1478 1991 1615 ἱ

206 1555 486 1603 vadendum
525 1570 719 1615 semper
755 1555 930 1616 patulo
972 1571 1054 1602 ore
1094 1557 1451 1616 paratissimos.
1522 1558 1624 1602 tum
1657 1555 1900 1602 Tartarus

206 1630 309 1688 ipse
347 1629 420 1676 bis
449 1632 587 1689 patet
622 1631 677 1677 in
707 1643 969 1689 praeceps:
1022 1631 1294 1677 necessarie
1336 1629 1528 1677 addidit
1565 1631 1619 1676 in
1664 1643 1898 1690 praeceps
1988 1619 1991 1653 ἶ

206 1705 369 1764 patet3
407 1706 578 1764 patere
620 1702 752 1750 enim
792 1704 944 1751 etiam
982 1704 1036 1750 in
1075 1719 1290 1765 superna
1330 1702 1449 1765 quid
1488 1704 1654 1765 potest
1686 1706 1737 1750 et
1769 1701 1900 1764 quod
1924 1694 2002 1755 201»

208 1793 297 1838 per
334 1777 541 1838 planum
580 1776 749 1840 cingit,
787 1776 880 1824 hoc
920 1779 994 1825 est
1033 1780 1162 1838 ante,
1202 1780 1330 1840 post,
1376 1777 1521 1825 laeva
1559 1777 1639 1825 vel
1677 1777 1899 1824 dextera:
1967 1776 1981 1834 j

206 1853 347 1912 patet
393 1851 642 1899 demersus
689 1854 880 1898 tantum
925 1852 1166 1910 tenditque
1204 1853 1293 1899 sub
1331 1852 1547 1907 umbras,
1585 1854 1796 1911 quantus
1835 1850 1902 1898 ad

208 1926 472 1973 aetherium
525 1926 646 1972 caeti
697 1928 945 1984 suspectus
995 1925 1273 1986 Olympum,
1327 1925 1380 1972 id
1434 1928 1508 1973 est
1555 1927 1800 1987 quantum
1850 1925 1901 1971 in

207 2013 423 2060 superna
468 1998 706 2060 panditur
758 2001 958 2046 tantum
1002 1999 1065 2047 ad
1109 2000 1293 2047 inferos
1339 1999 1503 2047 tendit
1540 1999 1713 2046 habita
1753 2000 1900 2046 aesti-
1978 1995 1989 2050 2*

206 2074 425 2120 matione
473 2072 637 2134 dupli,
683 2073 775 2121 hoc
822 2075 898 2121 est
942 2076 999 2120 ut
1046 2073 1107 2120 ab
1145 2075 1256 2135 ipso
1297 2089 1379 2121 ore
1419 2074 1619 2120 Tartari
1657 2074 1900 2134 quantum
1923 2087 1943 2121 2
1968 2063 1985 2096 ’ἶ

208 2146 271 2193 ad
311 2147 504 2194 caelum
543 2149 618 2194 est
654 2146 730 2194 bis
769 2148 967 2194 tantum
1007 2147 1071 2195 ad
1108 2146 1291 2195 inferos
1330 2149 1518 2208 pateat.
1587 2145 1901 2194 retinendum
1966 2156 1986 2210 jj

209 2222 284 2267 est
323 2220 589 2267 secundum
627 2221 900 2268 multorum
940 2223 990 2268 et
1027 2221 1183 2283 ipsius
1223 2222 1436 2268 maxime
1474 2220 1688 2284 Vergilii
1731 2223 1900 2268 aucto·
1960 2211 1986 2270 ·j·'.}

206 2295 409 2342 ritatem
449 2294 766 2342 altitudinem
805 2298 854 2342 et
890 2296 1193 2356 superiorem
1225 2298 1276 2343 et
1306 2295 1580 2342 demersam
1613 2294 1714 2342 dici
1742 2309 1899 2355 posse.
1958 2260 1991 2363 i

206 2367 300 2416 hoc
339 2370 400 2415 ut
439 2368 743 2429 ostendatur,
783 2368 1035 2417 evidentia
1071 2383 1310 2431 ponemus
1350 2368 1587 2429 exempla.
1665 2383 1774 2416 ecce
1821 2382 1899 2415 su·
1959 2355 1991 2426 ξ

207 2441 415 2504 perioris
462 2441 744 2490 altitudinis
786 2435 859 2508 (4,
895 2436 1026 2508 265)
1073 2445 1160 2503 „tu
1201 2458 1332 2490 nunc
1371 2441 1688 2506 Carthaginis
1736 2439 1898 2490 altae“
1921 2447 1983 2498 aa..

209 2518 258 2563 et
289 2515 389 2563 alio
420 2515 528 2564 loco
564 2513 636 2578 (1,
657 2509 711 2581 7)
738 2519 917 2577 „atque
946 2517 1078 2564 altae
1101 2518 1299 2564 moenia
1321 2514 1536 2564 Romae“
1563 2518 1612 2563 et
1637 2508 1748 2582 (11,
1769 2508 1896 2581 187)
1962 2510 1974 2570 ἒ

209 2589 468 2650 „conditur
513 2589 564 2636 in
610 2589 838 2637 tenebras
886 2590 1043 2638 altum
1091 2590 1303 2653 caligine
1351 2588 1592 2650 caelum“3
1649 2590 1899 2638 inferioris
1957 2578 1985 2652 ξ’

1955 2681 1983 2710 ,s

327 2791 457 2831 3-4
494 2789 720 2833 coniciens
759 2789 984 2846 colliyeret
1022 2790 1276 2834 aestimatio
1306 2789 1350 2834 V
1383 2790 1532 2834 conici
1554 2793 1706 2846 posset
1735 2788 1808 2832 ed.
1967 2806 1987 2834 ·,

210 2850 265 2891 18
289 2847 456 2903 patulo
486 2846 529 2890 V
552 2848 727 2904 pavido
758 2847 829 2892 ed.
954 2853 1008 2892 19
1040 2850 1286 2894 mee-§sarie
1315 2848 1358 2893 V
1390 2863 1436 2893 ·o
1467 2848 1538 2892 ed.
1662 2852 1717 2892 23
1754 2847 1899 2892 aethe-
1954 2863 1991 2905 ῖς

206 2919 312 2950 rwm
341 2905 395 2950 V.
432 2906 439 2964 Ι
481 2907 712 2962 olympum
742 2906 785 2950 V
820 2907 887 2951 Ol.
913 2912 977 2951 est
1007 2907 1078 2951 ed.
1202 2912 1257 2951 25
1289 2908 1424 2964 dupli
1454 2906 1496 2950 V
1527 2907 1704 2964 duplici
1736 2907 1806 2950 ed.
1962 2908 1989 2965 ,ᾗ

209 2968 264 3008 32
295 2965 500 3010 tenebras
527 2964 571 3009 V
602 2966 717 3010 -bris
747 2965 818 3009 ed.
1868 2983 1871 2988 ·
1955 2963 1985 3025 '3⁵2

1951 3026 1994 3059 (1.1,
