2014 3226
234 141 354 182 XXX
901 134 1240 178 PRAEFATIO

236 280 438 327 schedae
478 276 855 324 Ferra.rie11ses“.
935 275 1053 321 haec
1094 290 1242 335 quam
1282 275 1476 338 egregie
1524 289 1634 320 cum
1683 273 1919 319 carminis

234 353 458 400 laudibus
515 352 824 398 consentiant
877 364 1018 396 nemo
1076 352 1148 395 est
1202 349 1322 409 quin
1368 348 1549 395 videat.
1627 361 1714 394 nec
1761 345 1918 392 dictio

233 426 459 473 carminis
516 425 575 471 ab
629 423 717 470 illa
773 426 934 470 aetate
991 422 1153 469 aliena
1200 425 1293 481 est,
1356 437 1472 468 nam
1519 418 1776 482 „praesul“
1823 435 1917 482 pro.

233 500 458 560 episcopo
514 501 563 544 in
622 497 815 544 Servati
861 495 990 556 Lupi
1047 496 1269 556 epistolis
1326 510 1491 557 saepe,
1548 492 1797 555 „culmen“
1855 493 1918 540 de

232 573 471 634 dignitate
514 571 746 618 abbatum
789 571 1050 630 aliquoties
1089 571 1421 616 inveniuntur.
1492 571 1605 629 post
1644 567 1915 615 Albustum

232 649 361 692 intra
417 662 497 692 eos
554 646 788 690 terminos
845 643 1023 704 quibus
1078 643 1298 703 „Aldrici
1353 642 1411 689 de
1472 643 1626 689 fratre
1688 639 1917 702 nepotis“

233 724 367 766 aetas
414 722 593 766 natura
638 718 808 763 finitur
854 718 903 763 in
953 717 1187 763 abbatum
1227 717 1616 763 Ferrariensium
1665 715 1788 762 serie
1828 730 1912 762 no-

231 794 350 840 mini
393 792 524 853 quod
564 793 844 852 quaerimus
884 791 1019 838 locus
1060 806 1157 837 non
1196 791 1463 838 invenitur.
1542 789 1719 851 quodsi
1758 788 1918 835 Albu—

232 873 359 913 stum
406 867 484 912 vel
530 866 739 927 triginta
786 865 863 911 vel
911 864 1032 911 adeo
1082 866 1444 927 quinquaginta
1492 864 1633 911 annis
1673 865 1915 910 minorem

231 956 378 1001 quam
418 939 672 986 Aldricum
711 941 946 999 patruum
986 939 1135 985 fuisse
1180 940 1524 997 statuerimus,
1571 938 1734 984 locum
1779 936 1920 983 intra

232 1015 444 1074 quinque
493 1013 669 1059 ultima
716 1012 901 1060 saeculi
946 1014 1064 1059 noni
1110 1013 1268 1059 lustra
1311 1011 1600 1059 habebimus
1641 1026 1914 1073 congruum

230 1087 373 1133 morti
415 1087 625 1133 hominis
666 1087 750 1147 qui
792 1089 933 1147 „post
973 1087 1100 1132 felix·
1130 1087 1323 1133 senium
1359 1087 1514 1132 vitam
1547 1101 1658 1133 cum
1689 1089 1918 1145 tempore

229 1159 420 1221 liquit“.
483 1160 595 1207 illos
627 1161 782 1223 igitur
812 1161 945 1206 intra
978 1175 1219 1206 annorum
1249 1161 1486 1207 terminos
1520 1159 1736 1206 codicem
1767 1157 1916 1221 Regi-

229 1249 425 1281 nensem
467 1235 752 1282 correctoris
792 1249 994 1280 manum
1034 1233 1222 1281 subisse
1263 1236 1325 1295 et,
1363 1235 1481 1295 quia
1512 1233 1707 1279 librarii
1737 1247 1917 1280 manus

228 1310 326 1354 sere
368 1308 587 1369 aequalis
627 1307 836 1367 videtur,
867 1323 965 1353 non
1005 1308 1163 1354 multo
1203 1310 1317 1354 ante
1358 1308 1598 1369 scriptum
1639 1322 1742 1354 esse
1781 1308 1916 1353 recte

230 1381 616 1428 existimabimus
657 1383 820 1442 atque,
859 1383 916 1427 ut
955 1381 1279 1443 Reginensem
1320 1381 1583 1442 posteriori
1622 1382 1754 1442 parti
1793 1381 1912 1427 noni

228 1455 423 1515 saeculi,
463 1456 535 1501 ita
575 1454 962 1501 Laurentianum
1003 1458 1052 1502 et
1075 1455 1375 1502 Vaticanum
1414 1456 1696 1502 litterarum
1735 1469 1913 1516 genere

230 1529 484 1589 aliquanto
525 1529 820 1576 vetustiores
853 1529 1008 1589 priori
1040 1529 1384 1579 adscribemus.
1447 1529 1775 1575 Ferrariensis
1807 1543 1913 1575 mo-

227 1603 411 1650 nachus
459 1603 688 1649 carminis
737 1605 910 1650 auctor
954 1602 1181 1663 idemque
1230 1606 1474 1650 corrector
1525 1603 1704 1650 codicis
1759 1603 1911 1649 fuisse

228 1675 444 1736 videtur,
476 1692 633 1737 neque
659 1678 788 1723 enim
811 1678 916 1723 veri
941 1676 1100 1723 simile
1134 1679 1207 1724 est
1241 1676 1436 1724 Servati
1466 1676 1597 1738 Lupi
1628 1675 1910 1737 discipulos,

230 1764 338 1796 cum
386 1764 472 1797 suo
519 1750 570 1796 in
616 1766 818 1797 numero
865 1750 1057 1797 nullum
1099 1752 1377 1798 invenirent
1417 1751 1503 1812 qui
1542 1765 1711 1798 versus
1749 1750 1915 1796 facere

228 1826 406 1884 posset,
447 1823 595 1869 alieni
634 1824 921 1871 monasterii
961 1824 1200 1871 auxilium
1238 1825 1544 1886 implorasse.
1623 1823 1755 1885 apud
1794 1822 1910 1870 Fer-

227 1897 467 1944 rarienses
511 1895 666 1959 igitur
712 1899 922 1958 scriptus
970 1900 1215 1946 correctus
1255 1900 1557 1958 asservatus,
1603 1900 1660 1945 ut
1698 1897 1911 1957 videtur,

228 1969 352 2016 liber
389 1973 563 2031 postea
600 1972 652 2017 in
690 1972 890 2032 reginae
924 1969 1201 2019 Christinae
1231 1971 1583 2020 bibliothecam
1616 1973 1765 2032 atque
1795 1970 1910 2018 inde

227 2044 279 2089 in
318 2042 613 2091 Vaticanam
658 2045 807 2092 venit.
884 2047 1008 2092 teste
1057 2046 1364 2105 „recensione
1411 2062 1561 2092 manu
1612 2046 1908 2106 scriptorum

228 2115 449 2164 codicum
489 2116 573 2178 qui
613 2133 669 2164 ex
707 2117 938 2166 universa
966 2117 1266 2166 bibliotheca
1290 2119 1535 2167 Vaticana
1564 2121 1704 2167 iussu
1734 2118 1814 2166 Pii
1837 2117 1910 2165 VI

228 2189 474 2251 pontificis
514 2192 715 2238 maximi
753 2191 911 2253 pridie
949 2191 1014 2238 id.
1045 2192 1138 2240 Iul.
1172 2194 1291 2240 anni
1325 2196 1389 2241 17
1399 2195 1464 2240 97
1505 2191 1909 2254 procuratoribus

231 2261 484 2311 Gallorum
509 2265 615 2311 iure
639 2264 759 2311 belli
782 2279 867 2312 seu
893 2268 1153 2327 pactarum
1183 2266 1495 2314 induciarum
1527 2283 1642 2330 ergo
1676 2269 1724 2315 et
1755 2266 1910 2314 initae

228 2338 363 2398 pacis
402 2337 577 2384 traditi
614 2337 779 2385 fuere“
818 2339 899 2387 hic
937 2355 1133 2401 quoque
1172 2356 1305 2400 „nro.
1340 2342 1445 2388 442
1486 2340 1688 2388 membr.
1727 2342 1780 2387 in
1822 2339 1907 2388 fol.

165 2407 170 2410 ’
228 2425 353 2456 max.
394 2412 624 2459 constans
670 2426 817 2475 pagg.
854 2413 956 2460 198
1007 2416 1190 2461 exarat.
1234 2429 1357 2462 saec.
1397 2415 1441 2461 X
1488 2416 1670 2462 contin.
1712 2412 1909 2466 Claudii

228 2482 413 2531 Donati
451 2484 918 2545 interpretationum
941 2485 1345 2548 Vergilianarum
1374 2487 1620 2536 Aeneidos
1651 2487 1802 2536 libros
1833 2486 1908 2534 X“

229 2549 365 2622 (sicl)
413 2573 500 2618 „ex
553 2557 722 2606 latinis
775 2557 1101 2607 bibliothecae
1147 2561 1509 2610 Alexandrinae
1555 2577 1642 2611 seu
1687 2560 1908 2624 Reginae

230 2627 524 2677 Succorum“
568 2631 785 2679 traditus
832 2634 906 2679 est
950 2633 1197 2695 habetque
1243 2635 1388 2683 hodie
1435 2651 1629 2698 quoque
1674 2636 1728 2682 in
1774 2634 1907 2683 calce

229 2703 425 2765 signum
469 2703 766 2766 reipublicae
807 2704 1038 2754 Gallicae.
1114 2710 1228 2769 post
1268 2709 1572 2771 Napoleonis
1619 2707 1809 2756 cladem
1853 2707 1907 2754 in

228 2774 523 2824 Vaticanum
559 2776 907 2826 bibliothecam
937 2779 1097 2827 rediit.
1125 2807 1192 2814 —
1227 2782 1415 2830 contuli
1446 2782 1626 2831 codicis
1658 2782 1810 2830 libros
1832 2779 1907 2828 IV

230 2851 280 2896 et
324 2847 370 2894 V
413 2852 545 2898 totos
599 2854 647 2898 et
693 2851 868 2899 decimi
915 2855 1154 2914 quantum
1201 2858 1443 2917 superest,
1490 2858 1747 2918 praeterea
1792 2869 1906 2916 pro-

231 2923 439 2969 oemium
481 2926 530 2970 et
567 2924 715 2986 primi
753 2924 868 2972 libri
905 2929 1098 2987 partem
1137 2930 1280 2977 annis
1323 2930 1461 2977 1901
1505 2931 1555 2977 et
1596 2929 1752 2990 1902,
1792 2943 1906 2975 cum
