2014 3226
773 157 1075 202 AENEIDOS
1107 158 1150 201 ΙΙ
1704 160 1807 210 241

118 301 312 360 retinet,
339 313 445 346 ecce
481 299 702 346 exoriens
732 297 951 344 subitum
977 301 1025 345 et
1049 298 1274 346 mirabile
1300 301 1574 346 monstrum
1601 299 1812 363 gemitus

119 375 223 421 eius
257 375 306 420 et
338 373 577 419 clamores
612 371 825 433 abrupit.
887 387 1096 431 uamque
1133 388 1311 420 manus
1343 375 1468 420 inter
1499 377 1812 420 maesto-rum-

118 463 208 506 que
255 461 343 494 ora
381 449 647 506 parentum
694 460 793 493 eece
840 446 956 493 levis
1003 461 1190 493 summo
1230 447 1288 494 de
1326 449 1497 494 vertice
1535 449 1669 494 visus
1709 447 1812 493 Iuli

118 521 323 581 fundere
354 521 516 567 lumen
549 535 672 579 apex
704 523 924 578 tactuque
955 522 1158 567 &anomia
1188 522 1347 567 mollis
1379 522 1588 568 lambere
1611 523 1814 580 flamma

74 611 94 643 5
119 609 278 642 eomas
304 598 347 642 et
370 596 552 642 circum
576 598 790 653 tempora
806 595 976 652 pasci:
1006 610 1119 641 vere
1153 595 1225 641 ait
1257 594 1483 642 mirabile
1516 597 1811 653 monstrum3

118 668 302 715 fiebant
342 668 473 715 enim
511 668 672 714 multa
712 670 884 716 contra
923 670 1153 714 naturam
1189 684 1368 728 rerum,
1404 671 1461 715 ut
1498 669 1713 716 humano
1754 668 1812 715 de

119 743 281 804 capite
330 743 469 803 apice
515 743 623 803 ipso
671 740 888 788 incendii
942 742 1229 803 procederet
1283 742 1446 789 lumen
1503 757 1592 790 nec
1644 744 1814 790 tamen

118 816 323 877 puerilis
365 830 529 864 comas
569 815 870 877 perindeque
910 816 1076 862 mollis
1117 831 1174 863 ac
1209 818 1403 863 teneras
1436 819 1662 878 tempora
1693 832 1812 878 quo-

119 906 213 951 que
262 891 373 952 ipsa
419 905 710 952 percurrens
758 891 982 936 exureret
1026 892 1114 936 aut
1153 890 1329 937 saltem
1368 890 1544 937 leviter
1582 890 1813 951 laederet,

52 981 95 1014 10
118 964 255 1026 pasci
303 979 499 1025 quoque
545 963 672 1010 illud
727 962 1007 1011 incendium
1064 964 1251 1012 viribus
1307 965 1429 1024 suis,
1484 981 1582 1011 non
1633 966 1815 1012 nutriri

118 1038 428 1085 detrimentis
468 1038 658 1085 alienis.
735 1051 823 1085 nos
853 1037 1034 1096 pavidi
1072 1038 1316 1096 trepidare
1354 1042 1481 1086 metu
1527 1040 1799 1098 crinemque
1817 1042 1905 1083 685

116 1114 406 1172 flaqrcmtem
461 1116 673 1159 eaecutere
721 1115 762 1159 et
806 1115 997 1159 sanctos
1050 1113 1344 1171 restiuquere
1397 1113 1611 1172 fontibus
1662 1114 1816 1172 ignis:

117 1202 207 1233 nos
246 1187 435 1247 inquit,
481 1186 575 1233 hoc
614 1188 690 1233 est
727 1187 982 1247 parentes,
1030 1201 1181 1247 supra
1228 1187 1358 1233 enim
1405 1185 1530 1233 dixit
1569 1202 1813 1247 „namque

27 1312 34 1315 -
117 1275 294 1308 manus
325 1260 458 1307 inter
487 1262 888 1321 maestorumque
921 1275 1010 1307 ora
1039 1261 1303 1321 parentum
1336 1274 1444 1307 ecce
1476 1260 1598 1308 levis
1623 1275 1813 1308 summo

51 1350 94 1384 15
120 1334 178 1381 de
218 1335 401 1382 vertice
440 1335 575 1382 visus
608 1333 706 1381 Iuli
745 1334 952 1381 fundere
990 1334 1158 1381 lumen
1198 1332 1365 1395 apex“.
1443 1349 1531 1382 nos
1572 1350 1688 1397 ergo
1728 1350 1814 1396 pa·

118 1411 306 1469 rentes,
362 1407 539 1469 quibus
594 1409 648 1455 in
704 1423 853 1456 causa
906 1408 1125 1455 filiorum
1173 1408 1324 1455 etiam
1371 1407 1502 1455 levia
1549 1410 1599 1454 et
1644 1422 1815 1456 secura

120 1485 350 1544 suspecta
382 1485 511 1542 sunt,
545 1482 920 1546 exagitabamus
954 1498 983 1529 a
1016 1481 1232 1529 crinibus
1264 1481 1488 1530 flammas
1529 1484 1579 1528 et
1618 1484 1813 1530 sanctos

118 1556 250 1619 ignis
305 1557 556 1604 contrario
611 1556 857 1604 undarum
914 1557 1155 1604 elemento
1210 1555 1537 1619 restinguere,
1598 1555 1815 1604 humano

122 1631 314 1678 sciiicet
353 1646 516 1678 errore
559 1630 700 1678 ducti
740 1630 872 1692 quod
911 1629 1135 1678 divinum
1174 1630 1338 1677 fuerat
1376 1645 1530 1692 prope
1562 1630 1815 1693 sacrilegis

43 1720 96 1753 -20
118 1704 348 1752 manibus
395 1704 696 1766 adpetentes.
775 1708 827 1753 at
862 1708 1008 1764 pater
1046 1703 1283 1751 Anchises
1329 1704 1489 1752 oeulos
1536 1705 1602 1751 ad
1650 1703 1815 1751 sidera

119 1779 274 1826 laetus
321 1779 489 1826 eoetulit
533 1782 577 1827 et
621 1779 751 1827 eaelo
789 1779 991 1839 palmas
1038 1793 1147 1826 eum
1185 1792 1295 1826 voce
1333 1779 1548 1825 tetendit:
1609 1779 1814 1837 interea,

118 1854 304 1915 inquit,
359 1854 503 1914 pater
555 1867 716 1914 meus,
769 1868 920 1914 penes
977 1868 1125 1913 quem
1178 1853 1478 1899 secretorum
1528 1852 1813 1899 caelestium

118 1927 268 1989 plena
321 1927 531 1975 scientia
584 1927 703 1987 fuit,
757 1926 900 1975 nobis
947 1926 1117 1974 insciis
1166 1926 1483 1987 omniumque
1531 1919 1719 1988 ignaris
1767 1928 1815 1973 et

119 2001 343 2063 trepidis,
383 2001 516 2049 solus
554 2002 609 2048 in
639 2002 888 2048 laetitiam
918 2002 1120 2062 repente
1152 2001 1375 2046 mutatus
1408 2002 1482 2047 est
1512 1999 1814 2061 tendensque

53 2090 97 2124 25
123 2074 186 2122 ad
240 2075 403 2123 sidera
458 2075 625 2124 oculos
680 2090 738 2122 ac
792 2089 968 2122 manus
1023 2075 1217 2122 locutus
1265 2075 1340 2121 est
1384 2073 1527 2121 haec:
1589 2073 1816 2133 Iuppiter

122 2151 443 2210 omnipotens,
473 2150 706 2209 precibus
744 2151 789 2197 si
826 2150 1028 2208 flecteris
1066 2148 1204 2202 ullis,
1244 2149 1405 2207 aspice
1442 2161 1531 2194 nos
1569 2148 1656 2196 hoc
1694 2151 1799 2194 tan·
1818 2151 1903 2191 690

121 2227 224 2270 tum
275 2226 330 2279 et,
379 2224 423 2270 si
465 2225 646 2283 pietate
695 2238 958 2278 meremur,
1009 2223 1076 2270 da
1125 2221 1296 2270 deinde
1347 2221 1611 2276 auxilium,
1654 2225 1814 2280 pater,

72 2326 74 2329 -
122 2301 263 2357 atque
305 2298 423 2345 haee
468 2299 634 2345 omina
679 2298 842 2356 firma.
919 2311 1074 2357 usque
1122 2295 1244 2343 adeo
1290 2294 1475 2342 bonum
1524 2296 1687 2344 visum
1741 2297 1815 2342 est

122 2370 256 2432 patri
293 2387 402 2420 meo
443 2371 574 2433 quod
613 2373 816 2434 repente
854 2371 1187 2418 monstratum
1226 2371 1315 2430 est,
1353 2370 1412 2416 ut
1448 2368 1675 2430 precibus
1706 2368 1815 2416 Iovi

52 2460 99 2495 ιο
122 2444 287 2493 effusis
326 2444 750 2493 confirmationem
787 2446 980 2507 peteret
1016 2444 1153 2491 facti.

243 2619 270 2658 4
301 2616 428 2660 molli
449 2614 551 2670 LR,
575 2615 658 2659 sed.
681 2615 831 2660 mollis
854 2613 1128 2670 explicatur.
1214 2616 1239 2656 9
1266 2613 1469 2656 eaeuriret
1489 2611 1576 2655 LR
1600 2625 1714 2656 corr.
1739 2626 1775 2654 r.
1804 2610 1810 2669 Ι

29 2678 30 2681 ’
121 2675 314 2719 salutem
344 2674 432 2718 LR
460 2675 619 2720 saltem
651 2675 722 2720 ed.
847 2678 899 2716 11
934 2674 1189 2728 crimenque
1219 2671 1307 2714 LR
1338 2685 1451 2715 corr.
1484 2685 1519 2714 r.
1653 2675 1705 2714 17
1739 2684 1814 2714 ex-

121 2735 412 2792 aqitabamus
447 2733 535 2777 LR
580 2733 915 2779 excutiebanzus
958 2730 1010 2776 r'.
1069 2732 1074 2788 Ι
1138 2731 1335 2786 flammis
1372 2730 1459 2773 LR
1505 2743 1618 2774 corr.
1658 2744 1692 2772 r.

47 2808 49 2810 ·
126 2797 181 2837 18
211 2793 358 2851 siquis
386 2793 473 2836 LR
505 2806 619 2837 corr.
650 2808 687 2837 r.
731 2794 737 2850 Ι
786 2794 1063 2849 restiuyuere
1093 2789 1179 2833 LR
1210 2790 1476 2847 -9uebamu3
1504 2803 1528 2831 r
1557 2789 1816 2833 ‘nitebamur

32 2812 49 2919 ἶ
123 2852 232 2896 add.
251 2851 322 2897 ed.
339 2852 499 2896 nescio
523 2865 585 2896 an
606 2853 747 2896 recte.
840 2855 894 2894 21
922 2850 1067 2895 tendit
1089 2849 1176 2892 LR
1200 2862 1314 2892 corr.
1331 2862 1366 2891 r.
1459 2851 1515 2890 22
1547 2852 1814 2892 secretomom

32 2920 47 2982 ,ξ
123 2910 211 2954 LR
239 2924 476 2956 sacrorum
505 2911 577 2956 ed.
603 2911 661 2956 cf.
690 2915 729 2965 1,
747 2913 848 2954 480.
942 2913 999 2953 23
1030 2908 1319 2965 mniumque
1349 2906 1435 2950 LR
1466 2920 1550 2963 que
1572 2919 1661 2950 om.
1681 2906 1751 2951 ed.

123 2974 182 3014 26
208 2970 421 3026 precibus
451 2983 539 3014 om.
571 2969 660 3014 LR
691 2969 799 3014 add.
832 2983 856 3012 r
886 2967 958 3014 ed.
1080 2971 1137 3011 28
1169 2966 1325 3011 omnia
1355 2965 1443 3009 LR
1474 2978 1588 3009 corr.
1620 2979 1656 3009 r.

33 3069 36 3082 .
213 3052 310 3085 Don.
333 3052 491 3092 interpr.
506 3052 622 3093 Verg.
656 3051 728 3084 vol,
747 3052 779 3084 Ι.
1402 3042 1457 3083 16
