<?xml version="1.0" encoding="UTF-8"?>
<!DOCTYPE html PUBLIC "-//W3C//DTD XHTML 1.0 Transitional//EN"
    "http://www.w3.org/TR/xhtml1/DTD/xhtml1-transitional.dtd">
<html xmlns="http://www.w3.org/1999/xhtml" xml:lang="en" lang="en">
 <head>
  <title>
</title>
<meta http-equiv="Content-Type" content="text/html;charset=utf-8" />
  <meta name='ocr-system' content='tesseract 3.04.00' />
  <meta name='ocr-capabilities' content='ocr_page ocr_carea ocr_par ocr_line ocrx_word'/>
</head>
<body>
  <div class='ocr_page' id='page_1' title='image "./interpretationes01donauoft_0454.png"; bbox 0 0 2014 3226; ppageno 0'>
   <div class='ocr_carea' id='block_1_1' title="bbox 248 217 1470 272">
    <p class='ocr_par' dir='ltr' id='par_1_1' title="bbox 248 217 1470 272">
     <span class='ocr_line' id='line_1_1' title="bbox 248 217 1470 272; baseline -0.008 0"><span class='ocrx_word' id='word_1_1' title='bbox 248 220 358 272; x_wconf 80' lang='lat'>404</span> <span class='ocrx_word' id='word_1_2' title='bbox 717 218 949 262; x_wconf 79' lang='lat' dir='ltr'>DONATI</span> <span class='ocrx_word' id='word_1_3' title='bbox 980 217 1259 261; x_wconf 86' lang='lat' dir='ltr'><strong>INTERPR.</strong></span> <span class='ocrx_word' id='word_1_4' title='bbox 1294 218 1470 262; x_wconf 79' lang='lat' dir='ltr'>VERG.</span> 
     </span>
    </p>
   </div>
   <div class='ocr_carea' id='block_1_2' title="bbox 161 358 2014 2564">
    <p class='ocr_par' dir='ltr' id='par_1_2' title="bbox 161 358 2014 2564">
     <span class='ocr_line' id='line_1_2' title="bbox 248 358 1940 419; baseline -0.001 -12"><span class='ocrx_word' id='word_1_5' title='bbox 248 362 412 408; x_wconf 85' lang='lat' dir='ltr'>vivere</span> <span class='ocrx_word' id='word_1_6' title='bbox 454 359 538 406; x_wconf 90' lang='lat' dir='ltr'>ubi</span> <span class='ocrx_word' id='word_1_7' title='bbox 579 359 750 418; x_wconf 82' lang='lat' dir='ltr'>velim3</span> <span class='ocrx_word' id='word_1_8' title='bbox 804 358 934 419; x_wconf 90' lang='lat' dir='ltr'>quod</span> <span class='ocrx_word' id='word_1_9' title='bbox 974 360 1015 405; x_wconf 88' lang='lat' dir='ltr'>si</span> <span class='ocrx_word' id='word_1_10' title='bbox 1057 362 1204 418; x_wconf 80' lang='lat' dir='ltr'>esset,</span> <span class='ocrx_word' id='word_1_11' title='bbox 1244 358 1532 419; x_wconf 74' lang='lat' dir='ltr'>praestabat</span> <span class='ocrx_word' id='word_1_12' title='bbox 1571 375 1823 406; x_wconf 88' lang='lat' dir='ltr'>remanere</span> <span class='ocrx_word' id='word_1_13' title='bbox 1862 375 1940 406; x_wconf 89' lang='lat' dir='ltr'>me</span> 
     </span>
     <span class='ocr_line' id='line_1_3' title="bbox 249 432 1941 494; baseline 0 -14"><span class='ocrx_word' id='word_1_14' title='bbox 249 434 298 480; x_wconf 90' lang='lat' dir='ltr'>in</span> <span class='ocrx_word' id='word_1_15' title='bbox 340 433 585 481; x_wconf 77' lang='lat' dir='ltr'>cineribus</span> <span class='ocrx_word' id='word_1_16' title='bbox 626 434 833 493; x_wconf 85' lang='lat' dir='ltr'>patriae,</span> <span class='ocrx_word' id='word_1_17' title='bbox 874 432 944 478; x_wconf 93' lang='lat' dir='ltr'>ibi</span> <span class='ocrx_word' id='word_1_18' title='bbox 983 432 1195 479; x_wconf 80' lang='lat' dir='ltr'>colerem</span> <span class='ocrx_word' id='word_1_19' title='bbox 1233 448 1455 479; x_wconf 89' lang='lat' dir='ltr'>meorum</span> <span class='ocrx_word' id='word_1_20' title='bbox 1495 433 1798 494; x_wconf 81' lang='lat' dir='ltr'>memoriam,</span> <span class='ocrx_word' id='word_1_21' title='bbox 1843 449 1941 480; x_wconf 91' lang='lat' dir='ltr'>non</span> 
     </span>
     <span class='ocr_line' id='line_1_4' title="bbox 251 506 1942 568; baseline -0.001 -14"><span class='ocrx_word' id='word_1_22' title='bbox 251 524 464 554; x_wconf 83' lang='lat' dir='ltr'>errarem</span> <span class='ocrx_word' id='word_1_23' title='bbox 513 523 600 567; x_wconf 91' lang='lat' dir='ltr'>per</span> <span class='ocrx_word' id='word_1_24' title='bbox 640 506 835 553; x_wconf 88' lang='lat' dir='ltr'>diversa</span> <span class='ocrx_word' id='word_1_25' title='bbox 874 508 1119 552; x_wconf 84' lang='lat' dir='ltr'>terrarum</span> <span class='ocrx_word' id='word_1_26' title='bbox 1158 521 1246 553; x_wconf 90' lang='lat' dir='ltr'>nec</span> <span class='ocrx_word' id='word_1_27' title='bbox 1286 508 1526 554; x_wconf 79' lang='lat' dir='ltr'>venissem</span> <span class='ocrx_word' id='word_1_28' title='bbox 1568 508 1839 568; x_wconf 86' lang='lat' dir='ltr'>naufragus</span> <span class='ocrx_word' id='word_1_29' title='bbox 1879 506 1942 554; x_wconf 90' lang='lat' dir='ltr'>ad</span> 
     </span>
     <span class='ocr_line' id='line_1_5' title="bbox 251 579 2008 644; baseline -0.001 -16"><span class='ocrx_word' id='word_1_30' title='bbox 251 581 465 643; x_wconf 75' lang='lat' dir='ltr'>patriam</span> <span class='ocrx_word' id='word_1_31' title='bbox 513 584 652 626; x_wconf 89' lang='lat' dir='ltr'>tuam</span> <span class='ocrx_word' id='word_1_32' title='bbox 699 595 788 627; x_wconf 88' lang='lat' dir='ltr'>nec</span> <span class='ocrx_word' id='word_1_33' title='bbox 834 579 1107 642; x_wconf 86' lang='lat' dir='ltr'>longinqua</span> <span class='ocrx_word' id='word_1_34' title='bbox 1154 581 1309 626; x_wconf 88' lang='lat' dir='ltr'>tantis</span> <span class='ocrx_word' id='word_1_35' title='bbox 1349 579 1599 627; x_wconf 85' lang='lat' dir='ltr'>laboribus</span> <span class='ocrx_word' id='word_1_36' title='bbox 1641 596 1939 641; x_wconf 82' lang='lat' dir='ltr'>quaererem.</span> <span class='ocrx_word' id='word_1_37' title='bbox 2005 630 2008 644; x_wconf 26' lang='grc' dir='ltr'>ὲ</span> 
     </span>
     <span class='ocr_line' id='line_1_6' title="bbox 161 652 1941 715; baseline 0.002 -17"><span class='ocrx_word' id='word_1_38' title='bbox 161 661 244 699; x_wconf 78' lang='grc'>345</span> <span class='ocrx_word' id='word_1_39' title='bbox 264 655 348 702; x_wconf 79' lang='lat' dir='ltr'>sed</span> <span class='ocrx_word' id='word_1_40' title='bbox 393 668 523 701; x_wconf 65' lang='lat' dir='ltr'>omne</span> <span class='ocrx_word' id='word_1_41' title='bbox 562 654 765 701; x_wconf 72' lang='lat' dir='ltr'>Italiam</span> <span class='ocrx_word' id='word_1_42' title='bbox 811 669 1043 712; x_wconf 70' lang='lat' dir='ltr'>maynam</span> <span class='ocrx_word' id='word_1_43' title='bbox 1091 653 1315 714; x_wconf 66' lang='lat' dir='ltr'>Gryneus</span> <span class='ocrx_word' id='word_1_44' title='bbox 1354 652 1552 713; x_wconf 76' lang='lat' dir='ltr'>Apollo,</span> <span class='ocrx_word' id='word_1_45' title='bbox 1600 655 1803 701; x_wconf 71' lang='lat' dir='ltr'>Italiam</span> <span class='ocrx_word' id='word_1_46' title='bbox 1841 654 1941 715; x_wconf 63' lang='lat' dir='ltr'><em>Ly]-</em></span> 
     </span>
     <span class='ocr_line' id='line_1_7' title="bbox 250 727 1940 788; baseline 0.001 -15"><span class='ocrx_word' id='word_1_47' title='bbox 250 731 351 776; x_wconf 60' lang='lat' dir='ltr'>viae</span> <span class='ocrx_word' id='word_1_48' title='bbox 397 730 582 776; x_wconf 76' lang='lat' dir='ltr'>iussere</span> <span class='ocrx_word' id='word_1_49' title='bbox 631 742 887 788; x_wconf 70' lang='lat' dir='ltr'>capessere.</span> <span class='ocrx_word' id='word_1_50' title='bbox 913 730 1086 774; x_wconf 74' lang='lat' dir='ltr'>sortes:</span> <span class='ocrx_word' id='word_1_51' title='bbox 1140 727 1333 773; x_wconf 89' lang='lat' dir='ltr'>nullum</span> <span class='ocrx_word' id='word_1_52' title='bbox 1373 727 1587 775; x_wconf 87' lang='lat' dir='ltr'>delectat</span> <span class='ocrx_word' id='word_1_53' title='bbox 1624 729 1798 775; x_wconf 85' lang='lat' dir='ltr'>relicto</span> <span class='ocrx_word' id='word_1_54' title='bbox 1838 729 1940 776; x_wconf 89' lang='lat' dir='ltr'>otio</span> 
     </span>
     <span class='ocr_line' id='line_1_8' title="bbox 250 801 1941 864; baseline 0.001 -16"><span class='ocrx_word' id='word_1_55' title='bbox 250 803 383 849; x_wconf 87' lang='lat' dir='ltr'>duris</span> <span class='ocrx_word' id='word_1_56' title='bbox 439 801 691 849; x_wconf 84' lang='lat' dir='ltr'>laboribus</span> <span class='ocrx_word' id='word_1_57' title='bbox 749 801 1003 864; x_wconf 84' lang='lat' dir='ltr'>subiugari</span> <span class='ocrx_word' id='word_1_58' title='bbox 1056 802 1335 862; x_wconf 77' lang='lat' dir='ltr'>iterumque</span> <span class='ocrx_word' id='word_1_59' title='bbox 1391 801 1454 848; x_wconf 87' lang='lat' dir='ltr'>ad</span> <span class='ocrx_word' id='word_1_60' title='bbox 1508 802 1731 849; x_wconf 81' lang='lat' dir='ltr'>miserias</span> <span class='ocrx_word' id='word_1_61' title='bbox 1793 801 1941 861; x_wconf 79' lang='lat' dir='ltr'>volvi,</span> 
     </span>
     <span class='ocr_line' id='line_1_9' title="bbox 250 875 1942 936; baseline -0.001 -13"><span class='ocrx_word' id='word_1_62' title='bbox 250 876 333 924; x_wconf 87' lang='lat' dir='ltr'>sed</span> <span class='ocrx_word' id='word_1_63' title='bbox 381 876 585 923; x_wconf 90' lang='lat' dir='ltr'>deorum</span> <span class='ocrx_word' id='word_1_64' title='bbox 632 877 777 923; x_wconf 88' lang='lat' dir='ltr'>iussis</span> <span class='ocrx_word' id='word_1_65' title='bbox 828 875 1015 922; x_wconf 84' lang='lat' dir='ltr'>invitus</span> <span class='ocrx_word' id='word_1_66' title='bbox 1070 875 1307 936; x_wconf 87' lang='lat' dir='ltr'>inpellor,</span> <span class='ocrx_word' id='word_1_67' title='bbox 1363 891 1487 936; x_wconf 87' lang='lat' dir='ltr'>quae</span> <span class='ocrx_word' id='word_1_68' title='bbox 1543 877 1789 923; x_wconf 73' lang='lat' dir='ltr'>contemni</span> <span class='ocrx_word' id='word_1_69' title='bbox 1842 891 1942 923; x_wconf 91' lang='lat' dir='ltr'>non</span> 
     </span>
     <span class='ocr_line' id='line_1_10' title="bbox 249 949 1943 1011; baseline 0 -14"><span class='ocrx_word' id='word_1_70' title='bbox 249 952 476 1011; x_wconf 82' lang='lat' dir='ltr'>possunt3</span> <span class='ocrx_word' id='word_1_71' title='bbox 521 952 634 998; x_wconf 89' lang='lat' dir='ltr'>sunt</span> <span class='ocrx_word' id='word_1_72' title='bbox 668 950 799 995; x_wconf 88' lang='lat' dir='ltr'>enim</span> <span class='ocrx_word' id='word_1_73' title='bbox 833 951 880 995; x_wconf 86' lang='lat' dir='ltr'>et</span> <span class='ocrx_word' id='word_1_74' title='bbox 911 950 1070 996; x_wconf 87' lang='lat' dir='ltr'>multa</span> <span class='ocrx_word' id='word_1_75' title='bbox 1104 952 1154 996; x_wconf 87' lang='lat' dir='ltr'>et</span> <span class='ocrx_word' id='word_1_76' title='bbox 1185 949 1476 997; x_wconf 88' lang='lat' dir='ltr'>veneranda.</span> <span class='ocrx_word' id='word_1_77' title='bbox 1541 951 1615 997; x_wconf 72' lang='lat' dir='ltr'>hic</span> <span class='ocrx_word' id='word_1_78' title='bbox 1646 964 1796 1005; x_wconf 83' lang='lat' dir='ltr'>amor,</span> <span class='ocrx_word' id='word_1_79' title='bbox 1828 950 1943 997; x_wconf 81' lang='lat' dir='ltr'>haec</span> 
     </span>
     <span class='ocr_line' id='line_1_11' title="bbox 240 1023 2014 1084; baseline -0.001 -14"><span class='ocrx_word' id='word_1_80' title='bbox 240 1026 413 1083; x_wconf 73' lang='lat' dir='ltr'>patria</span> <span class='ocrx_word' id='word_1_81' title='bbox 470 1027 558 1070; x_wconf 70' lang='lat' dir='ltr'>est:</span> <span class='ocrx_word' id='word_1_82' title='bbox 622 1026 863 1084; x_wconf 87' lang='lat' dir='ltr'>quantum</span> <span class='ocrx_word' id='word_1_83' title='bbox 919 1023 980 1069; x_wconf 86' lang='lat' dir='ltr'>ad</span> <span class='ocrx_word' id='word_1_84' title='bbox 1035 1023 1302 1070; x_wconf 82' lang='lat' dir='ltr'>humanam</span> <span class='ocrx_word' id='word_1_85' title='bbox 1352 1024 1570 1084; x_wconf 85' lang='lat' dir='ltr'>pertinet</span> <span class='ocrx_word' id='word_1_86' title='bbox 1615 1023 1941 1083; x_wconf 79' lang='lat' dir='ltr'>voluntatem,</span> <span class='ocrx_word' id='word_1_87' title='bbox 1968 1041 2014 1072; x_wconf 73' lang='grc' dir='ltr'>ιι</span> 
     </span>
     <span class='ocr_line' id='line_1_12' title="bbox 250 1098 1941 1160; baseline -0.001 -16"><span class='ocrx_word' id='word_1_88' title='bbox 250 1098 383 1160; x_wconf 86' lang='lat' dir='ltr'>quod</span> <span class='ocrx_word' id='word_1_89' title='bbox 431 1113 533 1144; x_wconf 88' lang='lat' dir='ltr'>esse</span> <span class='ocrx_word' id='word_1_90' title='bbox 580 1099 747 1158; x_wconf 90' lang='lat' dir='ltr'>potest</span> <span class='ocrx_word' id='word_1_91' title='bbox 792 1098 843 1143; x_wconf 90' lang='lat' dir='ltr'>in</span> <span class='ocrx_word' id='word_1_92' title='bbox 891 1100 1138 1158; x_wconf 85' lang='lat' dir='ltr'>potestate</span> <span class='ocrx_word' id='word_1_93' title='bbox 1185 1113 1316 1156; x_wconf 83' lang='lat' dir='ltr'>mea,</span> <span class='ocrx_word' id='word_1_94' title='bbox 1365 1113 1474 1144; x_wconf 91' lang='lat' dir='ltr'>amo</span> <span class='ocrx_word' id='word_1_95' title='bbox 1523 1098 1649 1144; x_wconf 88' lang='lat' dir='ltr'>hanc</span> <span class='ocrx_word' id='word_1_96' title='bbox 1689 1098 1941 1145; x_wconf 85' lang='lat' dir='ltr'>civitatem</span> 
     </span>
     <span class='ocr_line' id='line_1_13' title="bbox 251 1170 1940 1233; baseline -0.001 -14"><span class='ocrx_word' id='word_1_97' title='bbox 251 1173 391 1219; x_wconf 90' lang='lat' dir='ltr'>tanto</span> <span class='ocrx_word' id='word_1_98' title='bbox 455 1171 675 1230; x_wconf 84' lang='lat' dir='ltr'>adfectu,</span> <span class='ocrx_word' id='word_1_99' title='bbox 737 1173 797 1218; x_wconf 90' lang='lat' dir='ltr'>ut</span> <span class='ocrx_word' id='word_1_100' title='bbox 851 1170 1061 1218; x_wconf 90' lang='lat' dir='ltr'>arbitrer</span> <span class='ocrx_word' id='word_1_101' title='bbox 1115 1173 1276 1232; x_wconf 89' lang='lat' dir='ltr'>ipsam</span> <span class='ocrx_word' id='word_1_102' title='bbox 1331 1187 1433 1219; x_wconf 89' lang='lat' dir='ltr'>esse</span> <span class='ocrx_word' id='word_1_103' title='bbox 1488 1173 1705 1233; x_wconf 86' lang='lat' dir='ltr'>patriam</span> <span class='ocrx_word' id='word_1_104' title='bbox 1766 1187 1940 1218; x_wconf 86' lang='lat' dir='ltr'>meam.</span> 
     </span>
     <span class='ocr_line' id='line_1_14' title="bbox 251 1244 1998 1306; baseline 0 -14"><span class='ocrx_word' id='word_1_105' title='bbox 251 1245 390 1292; x_wconf 88' lang='lat' dir='ltr'>addit</span> <span class='ocrx_word' id='word_1_106' title='bbox 430 1245 580 1305; x_wconf 81' lang='lat' dir='ltr'>aliud,</span> <span class='ocrx_word' id='word_1_107' title='bbox 614 1245 743 1306; x_wconf 89' lang='lat' dir='ltr'>quod</span> <span class='ocrx_word' id='word_1_108' title='bbox 785 1244 982 1292; x_wconf 87' lang='lat' dir='ltr'>adserat</span> <span class='ocrx_word' id='word_1_109' title='bbox 1013 1261 1112 1291; x_wconf 92' lang='lat' dir='ltr'>non</span> <span class='ocrx_word' id='word_1_110' title='bbox 1145 1261 1235 1293; x_wconf 88' lang='lat' dir='ltr'>suo</span> <span class='ocrx_word' id='word_1_111' title='bbox 1269 1245 1475 1292; x_wconf 89' lang='lat' dir='ltr'>arbitrio</span> <span class='ocrx_word' id='word_1_112' title='bbox 1507 1246 1728 1293; x_wconf 86' lang='lat' dir='ltr'>homines</span> <span class='ocrx_word' id='word_1_113' title='bbox 1761 1247 1942 1306; x_wconf 82' lang='lat' dir='ltr'>vivere,</span> <span class='ocrx_word' id='word_1_114' title='bbox 1996 1270 1998 1292; x_wconf 36' lang='grc' dir='ltr'><strong>φ</strong></span> 
     </span>
     <span class='ocr_line' id='line_1_15' title="bbox 249 1305 1998 1381; baseline 0 -15"><span class='ocrx_word' id='word_1_115' title='bbox 249 1335 338 1366; x_wconf 90' lang='lat' dir='ltr'>nec</span> <span class='ocrx_word' id='word_1_116' title='bbox 379 1319 596 1366; x_wconf 90' lang='lat' dir='ltr'>alienum</span> <span class='ocrx_word' id='word_1_117' title='bbox 634 1319 811 1381; x_wconf 87' lang='lat' dir='ltr'>magis,</span> <span class='ocrx_word' id='word_1_118' title='bbox 845 1319 930 1366; x_wconf 89' lang='lat' dir='ltr'>sed</span> <span class='ocrx_word' id='word_1_119' title='bbox 961 1319 1118 1380; x_wconf 86' lang='lat' dir='ltr'>ipsius</span> <span class='ocrx_word' id='word_1_120' title='bbox 1151 1318 1360 1366; x_wconf 87' lang='lat' dir='ltr'>Didonis</span> <span class='ocrx_word' id='word_1_121' title='bbox 1394 1319 1609 1367; x_wconf 83' lang='lat' dir='ltr'>adsumit</span> <span class='ocrx_word' id='word_1_122' title='bbox 1643 1320 1942 1380; x_wconf 81' lang='lat' dir='ltr'>exemplum:</span> <span class='ocrx_word' id='word_1_123' title='bbox 1995 1305 1998 1317; x_wconf 51' lang='grc'>’</span> 
     </span>
     <span class='ocr_line' id='line_1_16' title="bbox 249 1392 1994 1454; baseline 0.001 -14"><span class='ocrx_word' id='word_1_124' title='bbox 249 1395 293 1440; x_wconf 76' lang='lat' dir='ltr'>si</span> <span class='ocrx_word' id='word_1_125' title='bbox 347 1398 410 1448; x_wconf 74' lang='lat' dir='ltr'>tc,</span> <span class='ocrx_word' id='word_1_126' title='bbox 464 1394 652 1454; x_wconf 82' lang='lat' dir='ltr'>inquit,</span> <span class='ocrx_word' id='word_1_127' title='bbox 712 1392 1023 1453; x_wconf 73' lang='lat' dir='ltr'>Carthayinis</span> <span class='ocrx_word' id='word_1_128' title='bbox 1082 1407 1217 1440; x_wconf 74' lang='lat' dir='ltr'>arces</span> <span class='ocrx_word' id='word_1_129' title='bbox 1270 1393 1585 1440; x_wconf 76' lang='lat' dir='ltr'>Phoenissam</span> <span class='ocrx_word' id='word_1_130' title='bbox 1638 1393 1943 1453; x_wconf 68' lang='lat' dir='ltr'>Libycaeque</span> <span class='ocrx_word' id='word_1_131' title='bbox 1983 1427 1994 1451; x_wconf 64' lang='lat' dir='ltr'><strong>c</strong></span> 
     </span>
     <span class='ocr_line' id='line_1_17' title="bbox 249 1463 1991 1528; baseline -0.001 -13"><span class='ocrx_word' id='word_1_132' title='bbox 249 1471 469 1528; x_wconf 72' lang='lat' dir='ltr'>aspectus</span> <span class='ocrx_word' id='word_1_133' title='bbox 509 1468 684 1514; x_wconf 69' lang='lat' dir='ltr'>detinet</span> <span class='ocrx_word' id='word_1_134' title='bbox 721 1467 882 1514; x_wconf 76' lang='lat' dir='ltr'>urbis:</span> <span class='ocrx_word' id='word_1_135' title='bbox 933 1468 976 1514; x_wconf 89' lang='lat' dir='ltr'>si</span> <span class='ocrx_word' id='word_1_136' title='bbox 1013 1469 1062 1514; x_wconf 89' lang='lat' dir='ltr'>te</span> <span class='ocrx_word' id='word_1_137' title='bbox 1093 1466 1430 1527; x_wconf 88' lang='lat' dir='ltr'>Phoenissam,</span> <span class='ocrx_word' id='word_1_138' title='bbox 1470 1467 1560 1514; x_wconf 90' lang='lat' dir='ltr'>hoc</span> <span class='ocrx_word' id='word_1_139' title='bbox 1603 1469 1676 1514; x_wconf 89' lang='lat' dir='ltr'>est</span> <span class='ocrx_word' id='word_1_140' title='bbox 1714 1483 1809 1514; x_wconf 90' lang='lat' dir='ltr'>non</span> <span class='ocrx_word' id='word_1_141' title='bbox 1851 1467 1942 1515; x_wconf 91' lang='lat' dir='ltr'>hoc</span> <span class='ocrx_word' id='word_1_142' title='bbox 1986 1463 1991 1479; x_wconf 76' lang='lat'><em>³</em></span> 
     </span>
     <span class='ocr_line' id='line_1_18' title="bbox 249 1539 1990 1604; baseline 0 -16"><span class='ocrx_word' id='word_1_143' title='bbox 249 1542 374 1602; x_wconf 85' lang='lat' dir='ltr'>loco,</span> <span class='ocrx_word' id='word_1_144' title='bbox 391 1541 477 1589; x_wconf 89' lang='lat' dir='ltr'>sed</span> <span class='ocrx_word' id='word_1_145' title='bbox 499 1543 552 1588; x_wconf 86' lang='lat' dir='ltr'>in</span> <span class='ocrx_word' id='word_1_146' title='bbox 576 1540 860 1603; x_wconf 85' lang='lat' dir='ltr'>regionibus</span> <span class='ocrx_word' id='word_1_147' title='bbox 885 1540 1032 1604; x_wconf 85' lang='lat' dir='ltr'>longe</span> <span class='ocrx_word' id='word_1_148' title='bbox 1057 1540 1232 1602; x_wconf 85' lang='lat' dir='ltr'>positis</span> <span class='ocrx_word' id='word_1_149' title='bbox 1257 1544 1443 1602; x_wconf 88' lang='lat' dir='ltr'>natam,</span> <span class='ocrx_word' id='word_1_150' title='bbox 1469 1556 1604 1588; x_wconf 88' lang='lat' dir='ltr'>arces</span> <span class='ocrx_word' id='word_1_151' title='bbox 1626 1539 1943 1604; x_wconf 81' lang='lat' dir='ltr'>Carthaginis</span> <span class='ocrx_word' id='word_1_152' title='bbox 1986 1583 1990 1604; x_wconf 47' lang='lat'><em>2</em></span> 
     </span>
     <span class='ocr_line' id='line_1_19' title="bbox 251 1612 1990 1677; baseline 0 -15"><span class='ocrx_word' id='word_1_153' title='bbox 251 1617 300 1662; x_wconf 91' lang='lat' dir='ltr'>et</span> <span class='ocrx_word' id='word_1_154' title='bbox 338 1615 556 1677; x_wconf 83' lang='lat' dir='ltr'>Libycae</span> <span class='ocrx_word' id='word_1_155' title='bbox 595 1615 730 1662; x_wconf 87' lang='lat' dir='ltr'>urbis</span> <span class='ocrx_word' id='word_1_156' title='bbox 771 1615 984 1662; x_wconf 88' lang='lat' dir='ltr'>delectat</span> <span class='ocrx_word' id='word_1_157' title='bbox 1024 1617 1272 1676; x_wconf 85' lang='lat' dir='ltr'>aspectus,</span> <span class='ocrx_word' id='word_1_158' title='bbox 1321 1629 1444 1674; x_wconf 74' lang='lat' dir='ltr'>quae</span> <span class='ocrx_word' id='word_1_159' title='bbox 1484 1616 1676 1662; x_wconf 74' lang='lat' dir='ltr'>tandem</span> <span class='ocrx_word' id='word_1_160' title='bbox 1715 1613 1944 1663; x_wconf 75' lang='lat' dir='ltr'>Ausonia</span> <span class='ocrx_word' id='word_1_161' title='bbox 1976 1612 1990 1673; x_wconf 48' lang='lat' dir='ltr'><strong><em>J</em></strong></span> 
     </span>
     <span class='ocr_line' id='line_1_20' title="bbox 164 1688 1974 1756; baseline 0.002 -24"><span class='ocrx_word' id='word_1_162' title='bbox 164 1693 248 1732; x_wconf 86' lang='lat'>350</span> <span class='ocrx_word' id='word_1_163' title='bbox 272 1690 479 1737; x_wconf 83' lang='lat' dir='ltr'>Teucros</span> <span class='ocrx_word' id='word_1_164' title='bbox 510 1689 754 1737; x_wconf 78' lang='lat' dir='ltr'>considere</span> <span class='ocrx_word' id='word_1_165' title='bbox 786 1693 916 1736; x_wconf 79' lang='lat' dir='ltr'>terra</span> <span class='ocrx_word' id='word_1_166' title='bbox 947 1688 1137 1736; x_wconf 71' lang='lat' dir='ltr'>invidia</span> <span class='ocrx_word' id='word_1_167' title='bbox 1171 1689 1270 1736; x_wconf 76' lang='lat' dir='ltr'>est?</span> <span class='ocrx_word' id='word_1_168' title='bbox 1328 1703 1413 1736; x_wconf 88' lang='lat' dir='ltr'>cur</span> <span class='ocrx_word' id='word_1_169' title='bbox 1453 1689 1652 1737; x_wconf 87' lang='lat' dir='ltr'>Teucris</span> <span class='ocrx_word' id='word_1_170' title='bbox 1691 1689 1944 1736; x_wconf 86' lang='lat' dir='ltr'>invidetur</span> <span class='ocrx_word' id='word_1_171' title='bbox 1970 1750 1974 1756; x_wconf 15' lang='grc' dir='ltr'><strong><em>ἢ</em></strong></span> 
     </span>
     <span class='ocr_line' id='line_1_21' title="bbox 250 1762 1962 1822; baseline 0.001 -12"><span class='ocrx_word' id='word_1_172' title='bbox 250 1762 435 1811; x_wconf 79' lang='lat' dir='ltr'>Italia?</span> <span class='ocrx_word' id='word_1_173' title='bbox 510 1766 554 1811; x_wconf 82' lang='lat' dir='ltr'>et</span> <span class='ocrx_word' id='word_1_174' title='bbox 597 1778 686 1811; x_wconf 75' lang='lat' dir='ltr'>nos</span> <span class='ocrx_word' id='word_1_175' title='bbox 731 1763 813 1822; x_wconf 79' lang='lat' dir='ltr'>fas</span> <span class='ocrx_word' id='word_1_176' title='bbox 860 1766 1018 1810; x_wconf 75' lang='lat' dir='ltr'>coetera</span> <span class='ocrx_word' id='word_1_177' title='bbox 1063 1776 1292 1822; x_wconf 76' lang='lat' dir='ltr'>quaerere</span> <span class='ocrx_word' id='word_1_178' title='bbox 1329 1778 1504 1822; x_wconf 67' lang='lat' dir='ltr'>regma:</span> <span class='ocrx_word' id='word_1_179' title='bbox 1558 1762 1674 1810; x_wconf 88' lang='lat' dir='ltr'>licet</span> <span class='ocrx_word' id='word_1_180' title='bbox 1714 1765 1764 1810; x_wconf 91' lang='lat' dir='ltr'>et</span> <span class='ocrx_word' id='word_1_181' title='bbox 1802 1762 1962 1811; x_wconf 67' lang='lat' dir='ltr'>nobisz</span> 
     </span>
     <span class='ocr_line' id='line_1_22' title="bbox 252 1836 1942 1899; baseline -0.002 -14"><span class='ocrx_word' id='word_1_182' title='bbox 252 1837 664 1899; x_wconf 87' lang='lat' dir='ltr'>quemadmodum</span> <span class='ocrx_word' id='word_1_183' title='bbox 708 1836 805 1884; x_wconf 89' lang='lat' dir='ltr'>tibi</span> <span class='ocrx_word' id='word_1_184' title='bbox 850 1838 903 1883; x_wconf 87' lang='lat' dir='ltr'>in</span> <span class='ocrx_word' id='word_1_185' title='bbox 951 1836 1125 1884; x_wconf 86' lang='lat' dir='ltr'>alienis</span> <span class='ocrx_word' id='word_1_186' title='bbox 1179 1838 1326 1884; x_wconf 90' lang='lat' dir='ltr'>terris</span> <span class='ocrx_word' id='word_1_187' title='bbox 1380 1837 1641 1898; x_wconf 87' lang='lat' dir='ltr'>imperium</span> <span class='ocrx_word' id='word_1_188' title='bbox 1694 1852 1942 1898; x_wconf 86' lang='lat' dir='ltr'>quaerere.</span> 
     </span>
     <span class='ocr_line' id='line_1_23' title="bbox 252 1910 1971 1973; baseline 0 -15"><span class='ocrx_word' id='word_1_189' title='bbox 252 1911 315 1959; x_wconf 88' lang='lat' dir='ltr'>ad</span> <span class='ocrx_word' id='word_1_190' title='bbox 359 1912 501 1958; x_wconf 83' lang='lat' dir='ltr'>illam</span> <span class='ocrx_word' id='word_1_191' title='bbox 546 1913 742 1973; x_wconf 87' lang='lat' dir='ltr'>partem</span> <span class='ocrx_word' id='word_1_192' title='bbox 786 1910 1042 1972; x_wconf 86' lang='lat' dir='ltr'>respondit</span> <span class='ocrx_word' id='word_1_193' title='bbox 1092 1926 1192 1972; x_wconf 90' lang='lat' dir='ltr'>qua</span> <span class='ocrx_word' id='word_1_194' title='bbox 1238 1910 1364 1958; x_wconf 85' lang='lat' dir='ltr'>dixit</span> <span class='ocrx_word' id='word_1_195' title='bbox 1409 1911 1539 1958; x_wconf 88' lang='lat' dir='ltr'>Dido</span> <span class='ocrx_word' id='word_1_196' title='bbox 1589 1912 1721 1958; x_wconf 89' lang='lat' dir='ltr'>inter</span> <span class='ocrx_word' id='word_1_197' title='bbox 1767 1912 1971 1970; x_wconf 88' lang='lat' dir='ltr'>cetera,-</span> 
     </span>
     <span class='ocr_line' id='line_1_24' title="bbox 234 1982 1978 2048; baseline -0.001 -16"><span class='ocrx_word' id='word_1_198' title='bbox 234 1985 403 2046; x_wconf 82' lang='lat' dir='ltr'>-„quid</span> <span class='ocrx_word' id='word_1_199' title='bbox 456 1986 500 2034; x_wconf 89' lang='lat' dir='ltr'>si</span> <span class='ocrx_word' id='word_1_200' title='bbox 552 2001 652 2033; x_wconf 92' lang='lat' dir='ltr'>non</span> <span class='ocrx_word' id='word_1_201' title='bbox 708 2000 828 2032; x_wconf 84' lang='lat' dir='ltr'>arva</span> <span class='ocrx_word' id='word_1_202' title='bbox 885 1985 1046 2032; x_wconf 84' lang='lat' dir='ltr'>aliena</span> <span class='ocrx_word' id='word_1_203' title='bbox 1103 1985 1372 2047; x_wconf 90' lang='lat' dir='ltr'>domosque</span> <span class='ocrx_word' id='word_1_204' title='bbox 1426 1986 1624 2048; x_wconf 84' lang='lat' dir='ltr'>ignotas</span> <span class='ocrx_word' id='word_1_205' title='bbox 1679 1982 1942 2046; x_wconf 78' lang='lat' dir='ltr'>peteres‘?“</span> <span class='ocrx_word' id='word_1_206' title='bbox 1963 1989 1978 2024; x_wconf 81' lang='lat'>·&#39;</span> 
     </span>
     <span class='ocr_line' id='line_1_25' title="bbox 253 2058 1982 2122; baseline 0 -16"><span class='ocrx_word' id='word_1_207' title='bbox 253 2059 372 2120; x_wconf 87' lang='lat' dir='ltr'>quia</span> <span class='ocrx_word' id='word_1_208' title='bbox 419 2062 467 2106; x_wconf 90' lang='lat' dir='ltr'>et</span> <span class='ocrx_word' id='word_1_209' title='bbox 513 2059 611 2121; x_wconf 89' lang='lat' dir='ltr'>ipsi</span> <span class='ocrx_word' id='word_1_210' title='bbox 652 2058 837 2106; x_wconf 90' lang='lat' dir='ltr'>Didoni</span> <span class='ocrx_word' id='word_1_211' title='bbox 883 2060 1182 2120; x_wconf 86' lang='lat' dir='ltr'>provenerat</span> <span class='ocrx_word' id='word_1_212' title='bbox 1226 2060 1283 2105; x_wconf 93' lang='lat' dir='ltr'>ut</span> <span class='ocrx_word' id='word_1_213' title='bbox 1335 2058 1388 2106; x_wconf 94' lang='lat' dir='ltr'>in</span> <span class='ocrx_word' id='word_1_214' title='bbox 1437 2059 1611 2106; x_wconf 88' lang='lat' dir='ltr'>alienis</span> <span class='ocrx_word' id='word_1_215' title='bbox 1658 2058 1982 2122; x_wconf 64' lang='lat' dir='ltr'>regionibus*</span> 
     </span>
     <span class='ocr_line' id='line_1_26' title="bbox 251 2132 1965 2198; baseline 0.001 -18"><span class='ocrx_word' id='word_1_216' title='bbox 251 2133 531 2195; x_wconf 86' lang='lat' dir='ltr'>imperaret.</span> <span class='ocrx_word' id='word_1_217' title='bbox 619 2133 785 2181; x_wconf 89' lang='lat' dir='ltr'>nullus</span> <span class='ocrx_word' id='word_1_218' title='bbox 841 2134 1010 2179; x_wconf 89' lang='lat' dir='ltr'>autem</span> <span class='ocrx_word' id='word_1_219' title='bbox 1062 2133 1240 2180; x_wconf 86' lang='lat' dir='ltr'>melius</span> <span class='ocrx_word' id='word_1_220' title='bbox 1303 2134 1353 2198; x_wconf 89' lang='lat' dir='ltr'>et</span> <span class='ocrx_word' id='word_1_221' title='bbox 1412 2132 1664 2181; x_wconf 85' lang='lat' dir='ltr'>robustius</span> <span class='ocrx_word' id='word_1_222' title='bbox 1726 2133 1965 2182; x_wconf 51' lang='lat' dir='ltr'>vincitur¹</span> 
     </span>
     <span class='ocr_line' id='line_1_27' title="bbox 254 2204 1989 2268; baseline -0.002 -14"><span class='ocrx_word' id='word_1_223' title='bbox 254 2223 404 2268; x_wconf 90' lang='lat' dir='ltr'>quam</span> <span class='ocrx_word' id='word_1_224' title='bbox 443 2206 528 2268; x_wconf 90' lang='lat' dir='ltr'>qui</span> <span class='ocrx_word' id='word_1_225' title='bbox 558 2206 760 2268; x_wconf 87' lang='lat' dir='ltr'>proprio</span> <span class='ocrx_word' id='word_1_226' title='bbox 793 2209 1056 2267; x_wconf 85' lang='lat' dir='ltr'>superatur</span> <span class='ocrx_word' id='word_1_227' title='bbox 1088 2206 1326 2268; x_wconf 86' lang='lat' dir='ltr'>exemplo.</span> <span class='ocrx_word' id='word_1_228' title='bbox 1391 2220 1465 2254; x_wconf 89' lang='lat' dir='ltr'>me</span> <span class='ocrx_word' id='word_1_229' title='bbox 1486 2208 1651 2266; x_wconf 70' lang='lat' dir='ltr'>patris</span> <span class='ocrx_word' id='word_1_230' title='bbox 1682 2204 1956 2262; x_wconf 57' lang='lat' dir='ltr'>Anchisae„</span> <span class='ocrx_word' id='word_1_231' title='bbox 1988 2227 1989 2230; x_wconf 39' lang='lat'>¹</span> 
     </span>
     <span class='ocr_line' id='line_1_28' title="bbox 253 2281 1943 2340; baseline 0 -12"><span class='ocrx_word' id='word_1_232' title='bbox 253 2281 468 2339; x_wconf 73' lang='lat' dir='ltr'>quotiens</span> <span class='ocrx_word' id='word_1_233' title='bbox 505 2281 778 2328; x_wconf 70' lang='lat' dir='ltr'>umentibus</span> <span class='ocrx_word' id='word_1_234' title='bbox 814 2281 1002 2328; x_wconf 76' lang='lat' dir='ltr'>mnbris</span> <span class='ocrx_word' id='word_1_235' title='bbox 1039 2295 1136 2328; x_wconf 73' lang='lat' dir='ltr'>nox</span> <span class='ocrx_word' id='word_1_236' title='bbox 1173 2281 1327 2340; x_wconf 80' lang='lat' dir='ltr'>operit</span> <span class='ocrx_word' id='word_1_237' title='bbox 1357 2283 1526 2335; x_wconf 62' lang='lat' dir='ltr'>terra-9,</span> <span class='ocrx_word' id='word_1_238' title='bbox 1559 2281 1775 2340; x_wconf 76' lang='lat' dir='ltr'>quotiens</span> <span class='ocrx_word' id='word_1_239' title='bbox 1806 2279 1974 2328; x_wconf 82' lang='lat' dir='ltr'>astra</span> 
     </span>
     <span class='ocr_line' id='line_1_29' title="bbox 252 2355 1944 2416; baseline 0 -15"><span class='ocrx_word' id='word_1_240' title='bbox 252 2355 396 2414; x_wconf 73' lang='lat' dir='ltr'>iynea</span> <span class='ocrx_word' id='word_1_241' title='bbox 431 2357 653 2415; x_wconf 75' lang='lat' dir='ltr'>surywnt,</span> <span class='ocrx_word' id='word_1_242' title='bbox 692 2355 917 2402; x_wconf 80' lang='lat' dir='ltr'>admonet</span> <span class='ocrx_word' id='word_1_243' title='bbox 951 2356 1006 2402; x_wconf 74' lang='lat' dir='ltr'>in</span> <span class='ocrx_word' id='word_1_244' title='bbox 1042 2355 1227 2402; x_wconf 72' lang='lat' dir='ltr'>sommis</span> <span class='ocrx_word' id='word_1_245' title='bbox 1265 2357 1308 2401; x_wconf 80' lang='lat' dir='ltr'>et</span> <span class='ocrx_word' id='word_1_246' title='bbox 1344 2355 1540 2402; x_wconf 74' lang='lat' dir='ltr'>turbida</span> <span class='ocrx_word' id='word_1_247' title='bbox 1579 2357 1721 2402; x_wconf 78' lang='lat' dir='ltr'>terret</span> <span class='ocrx_word' id='word_1_248' title='bbox 1759 2356 1944 2416; x_wconf 74' lang='lat' dir='ltr'>imayo:</span> 
     </span>
     <span class='ocr_line' id='line_1_30' title="bbox 254 2427 1964 2492; baseline -0.001 -17"><span class='ocrx_word' id='word_1_249' title='bbox 254 2428 481 2489; x_wconf 83' lang='lat' dir='ltr'>similem,</span> <span class='ocrx_word' id='word_1_250' title='bbox 512 2427 690 2490; x_wconf 81' lang='lat' dir='ltr'>inquit,</span> <span class='ocrx_word' id='word_1_251' title='bbox 723 2427 1009 2492; x_wconf 88' lang='lat' dir='ltr'>obiurganti</span> <span class='ocrx_word' id='word_1_252' title='bbox 1042 2428 1186 2476; x_wconf 88' lang='lat' dir='ltr'>video</span> <span class='ocrx_word' id='word_1_253' title='bbox 1218 2430 1412 2489; x_wconf 85' lang='lat' dir='ltr'>patrem</span> <span class='ocrx_word' id='word_1_254' title='bbox 1443 2443 1622 2487; x_wconf 81' lang='lat' dir='ltr'>meum,</span> <span class='ocrx_word' id='word_1_255' title='bbox 1653 2430 1710 2475; x_wconf 93' lang='lat' dir='ltr'>ut</span> <span class='ocrx_word' id='word_1_256' title='bbox 1740 2428 1892 2476; x_wconf 86' lang='lat' dir='ltr'>Italia</span> <span class='ocrx_word' id='word_1_257' title='bbox 1905 2450 1964 2474; x_wconf 53' lang='grc' dir='ltr'>αις,</span> 
     </span>
     <span class='ocr_line' id='line_1_31' title="bbox 253 2501 1979 2564; baseline -0.002 -15"><span class='ocrx_word' id='word_1_258' title='bbox 253 2503 444 2564; x_wconf 90' lang='lat' dir='ltr'>petam,</span> <span class='ocrx_word' id='word_1_259' title='bbox 499 2503 548 2548; x_wconf 89' lang='lat' dir='ltr'>et</span> <span class='ocrx_word' id='word_1_260' title='bbox 595 2503 830 2562; x_wconf 88' lang='lat' dir='ltr'>quoniam</span> <span class='ocrx_word' id='word_1_261' title='bbox 878 2501 937 2549; x_wconf 89' lang='lat' dir='ltr'>de</span> <span class='ocrx_word' id='word_1_262' title='bbox 983 2505 1179 2550; x_wconf 90' lang='lat' dir='ltr'>mortuo</span> <span class='ocrx_word' id='word_1_263' title='bbox 1225 2502 1544 2564; x_wconf 86' lang='lat' dir='ltr'>loquebatur,</span> <span class='ocrx_word' id='word_1_264' title='bbox 1599 2503 1655 2549; x_wconf 85' lang='lat' dir='ltr'>ut</span> <span class='ocrx_word' id='word_1_265' title='bbox 1709 2501 1979 2550; x_wconf 89' lang='lat' dir='ltr'>credibil</span> 
     </span>
    </p>
   </div>
   <div class='ocr_carea' id='block_1_3' title="bbox 1838 1191 2014 2762">
    <p class='ocr_par' dir='ltr' id='par_1_3' title="bbox 1838 1191 2014 2762">
     <span class='ocr_line' id='line_1_32' title="bbox 1963 1191 2014 1485; baseline 0 -73"><span class='ocrx_word' id='word_1_266' title='bbox 1963 1191 2014 1485; x_wconf 95' lang='lat' dir='ltr'>    </span> 
     </span>
     <span class='ocr_line' id='line_1_33' title="bbox 1963 1485 2014 1559; baseline 0 1667"><span class='ocrx_word' id='word_1_267' title='bbox 1963 1485 2014 1559; x_wconf 95' lang='lat' dir='ltr'> </span> 
     </span>
     <span class='ocr_line' id='line_1_34' title="bbox 1969 1559 2014 1636; baseline 0 1590"><span class='ocrx_word' id='word_1_268' title='bbox 1969 1559 2014 1636; x_wconf 95' lang='lat' dir='ltr'> </span> 
     </span>
     <span class='ocr_line' id='line_1_35' title="bbox 1962 1636 2014 1709; baseline 0 1517"><span class='ocrx_word' id='word_1_269' title='bbox 1962 1636 2014 1709; x_wconf 95' lang='lat' dir='ltr'> </span> 
     </span>
     <span class='ocr_line' id='line_1_36' title="bbox 1956 1709 2014 1852; baseline 0 -91"><span class='ocrx_word' id='word_1_270' title='bbox 1956 1709 2014 1852; x_wconf 95' lang='lat' dir='ltr'>  </span> 
     </span>
     <span class='ocr_line' id='line_1_37' title="bbox 1948 1852 2014 2154; baseline 0 0"><span class='ocrx_word' id='word_1_271' title='bbox 1948 1852 2014 2154; x_wconf 95' lang='lat' dir='ltr'>    </span> 
     </span>
     <span class='ocr_line' id='line_1_38' title="bbox 1946 2154 2014 2369; baseline 0 -65"><span class='ocrx_word' id='word_1_272' title='bbox 1946 2154 2014 2369; x_wconf 95' lang='lat' dir='ltr'>   </span> 
     </span>
     <span class='ocr_line' id='line_1_39' title="bbox 1893 2369 2014 2470; baseline 0 -24"><span class='ocrx_word' id='word_1_273' title='bbox 1893 2369 2014 2470; x_wconf 95' lang='lat' dir='ltr'>  </span> 
     </span>
     <span class='ocr_line' id='line_1_40' title="bbox 1838 2470 2014 2762; baseline 0 -53"><span class='ocrx_word' id='word_1_274' title='bbox 1838 2470 2014 2762; x_wconf 95' lang='lat' dir='ltr'>     </span> 
     </span>
    </p>
   </div>
   <div class='ocr_carea' id='block_1_4' title="bbox 253 2610 430 2614">
    <p class='ocr_par' dir='ltr' id='par_1_4' title="bbox 253 2610 430 2614">
     <span class='ocr_line' id='line_1_41' title="bbox 253 2610 430 2614; baseline 0 0"><span class='ocrx_word' id='word_1_275' title='bbox 253 2610 430 2614; x_wconf 95' lang='lat' dir='ltr'> </span> 
     </span>
    </p>
   </div>
   <div class='ocr_carea' id='block_1_5' title="bbox 449 2609 609 2613">
    <p class='ocr_par' dir='ltr' id='par_1_5' title="bbox 449 2609 609 2613">
     <span class='ocr_line' id='line_1_42' title="bbox 449 2609 609 2613; baseline 0 0"><span class='ocrx_word' id='word_1_276' title='bbox 449 2609 609 2613; x_wconf 95' lang='lat' dir='ltr'> </span> 
     </span>
    </p>
   </div>
   <div class='ocr_carea' id='block_1_6' title="bbox 254 2669 1974 3070">
    <p class='ocr_par' dir='ltr' id='par_1_6' title="bbox 254 2669 1974 2964">
     <span class='ocr_line' id='line_1_43' title="bbox 376 2669 1915 2728; baseline 0.001 -14"><span class='ocrx_word' id='word_1_277' title='bbox 376 2676 398 2714; x_wconf 88' lang='lat'>1</span> <span class='ocrx_word' id='word_1_278' title='bbox 432 2671 581 2715; x_wconf 82' lang='lat' dir='ltr'>vellim</span> <span class='ocrx_word' id='word_1_279' title='bbox 612 2669 697 2713; x_wconf 83' lang='lat' dir='ltr'>LR</span> <span class='ocrx_word' id='word_1_280' title='bbox 726 2672 879 2715; x_wconf 80' lang='lat' dir='ltr'>vellem</span> <span class='ocrx_word' id='word_1_281' title='bbox 911 2686 934 2713; x_wconf 87' lang='lat' dir='ltr'>r</span> <span class='ocrx_word' id='word_1_282' title='bbox 964 2672 1094 2716; x_wconf 81' lang='lat' dir='ltr'>velim</span> <span class='ocrx_word' id='word_1_283' title='bbox 1126 2671 1197 2715; x_wconf 88' lang='lat' dir='ltr'>ed.</span> <span class='ocrx_word' id='word_1_284' title='bbox 1238 2674 1243 2727; x_wconf 87' lang='grc' dir='ltr'>Ι</span> <span class='ocrx_word' id='word_1_285' title='bbox 1293 2677 1402 2716; x_wconf 80' lang='lat' dir='ltr'>esset</span> <span class='ocrx_word' id='word_1_286' title='bbox 1433 2686 1520 2716; x_wconf 90' lang='lat' dir='ltr'>om.</span> <span class='ocrx_word' id='word_1_287' title='bbox 1547 2671 1619 2715; x_wconf 89' lang='lat' dir='ltr'>ed.</span> <span class='ocrx_word' id='word_1_288' title='bbox 1659 2672 1665 2728; x_wconf 87' lang='grc' dir='ltr'>Ι</span> <span class='ocrx_word' id='word_1_289' title='bbox 1714 2685 1838 2716; x_wconf 78' lang='lat' dir='ltr'>rema</span> <span class='ocrx_word' id='word_1_290' title='bbox 1880 2694 1915 2709; x_wconf 59' lang='lat' dir='ltr'>a·</span> 
     </span>
     <span class='ocr_line' id='line_1_44' title="bbox 254 2729 1948 2787; baseline -0.002 -12"><span class='ocrx_word' id='word_1_291' title='bbox 254 2731 319 2775; x_wconf 80' lang='lat' dir='ltr'>mi</span> <span class='ocrx_word' id='word_1_292' title='bbox 349 2730 384 2773; x_wconf 93' lang='lat' dir='ltr'>L</span> <span class='ocrx_word' id='word_1_293' title='bbox 416 2729 738 2787; x_wconf 75' lang='lat' dir='ltr'>remaneremls</span> <span class='ocrx_word' id='word_1_294' title='bbox 765 2729 807 2772; x_wconf 88' lang='lat' dir='ltr'>R</span> <span class='ocrx_word' id='word_1_295' title='bbox 837 2744 1067 2774; x_wconf 78' lang='lat' dir='ltr'>remanere</span> <span class='ocrx_word' id='word_1_296' title='bbox 1097 2731 1150 2774; x_wconf 80' lang='lat' dir='ltr'>in</span> <span class='ocrx_word' id='word_1_297' title='bbox 1179 2745 1202 2776; x_wconf 85' lang='lat' dir='ltr'>r</span> <span class='ocrx_word' id='word_1_298' title='bbox 1233 2731 1305 2775; x_wconf 88' lang='lat' dir='ltr'>ed.</span> <span class='ocrx_word' id='word_1_299' title='bbox 1336 2745 1374 2774; x_wconf 83' lang='lat' dir='ltr'>r.</span> <span class='ocrx_word' id='word_1_300' title='bbox 1399 2745 1467 2775; x_wconf 87' lang='lat' dir='ltr'>me</span> <span class='ocrx_word' id='word_1_301' title='bbox 1498 2732 1549 2774; x_wconf 72' lang='lat' dir='ltr'>in</span> <span class='ocrx_word' id='word_1_302' title='bbox 1580 2745 1677 2774; x_wconf 85' lang='lat' dir='ltr'>nos.</span> <span class='ocrx_word' id='word_1_303' title='bbox 1812 2735 1837 2774; x_wconf 77' lang='lat'><strong>2</strong></span> <span class='ocrx_word' id='word_1_304' title='bbox 1862 2731 1888 2775; x_wconf 68' lang='lat' dir='ltr'>,i</span> <span class='ocrx_word' id='word_1_305' title='bbox 1916 2747 1948 2772; x_wconf 58' lang='lat' dir='ltr'>-n</span> 
     </span>
     <span class='ocr_line' id='line_1_45' title="bbox 254 2787 1919 2847; baseline 0 -13"><span class='ocrx_word' id='word_1_306' title='bbox 254 2790 437 2834; x_wconf 83' lang='lat' dir='ltr'>colerem</span> <span class='ocrx_word' id='word_1_307' title='bbox 468 2788 557 2831; x_wconf 89' lang='lat' dir='ltr'>LR</span> <span class='ocrx_word' id='word_1_308' title='bbox 587 2788 654 2831; x_wconf 82' lang='lat' dir='ltr'>ibi</span> <span class='ocrx_word' id='word_1_309' title='bbox 683 2789 866 2832; x_wconf 82' lang='lat' dir='ltr'>colerem</span> <span class='ocrx_word' id='word_1_310' title='bbox 897 2802 981 2832; x_wconf 81' lang='lat' dir='ltr'>nos</span> <span class='ocrx_word' id='word_1_311' title='bbox 1013 2791 1194 2834; x_wconf 84' lang='lat' dir='ltr'>colerem</span> <span class='ocrx_word' id='word_1_312' title='bbox 1227 2789 1299 2833; x_wconf 88' lang='lat' dir='ltr'>ed.</span> <span class='ocrx_word' id='word_1_313' title='bbox 1406 2794 1434 2832; x_wconf 86' lang='lat'>4</span> <span class='ocrx_word' id='word_1_314' title='bbox 1465 2803 1520 2835; x_wconf 69' lang='lat' dir='ltr'>‘ne</span> <span class='ocrx_word' id='word_1_315' title='bbox 1552 2790 1825 2847; x_wconf 71' lang='lat' dir='ltr'>lonqeinqua</span> <span class='ocrx_word' id='word_1_316' title='bbox 1853 2787 1919 2838; x_wconf 65' lang='lat' dir='ltr'>L,</span> 
     </span>
     <span class='ocr_line' id='line_1_46' title="bbox 255 2831 1974 2918; baseline 0.001 -26"><span class='ocrx_word' id='word_1_317' title='bbox 255 2862 369 2892; x_wconf 87' lang='lat' dir='ltr'>corr.</span> <span class='ocrx_word' id='word_1_318' title='bbox 389 2848 459 2892; x_wconf 87' lang='lat' dir='ltr'>ed.</span> <span class='ocrx_word' id='word_1_319' title='bbox 554 2851 580 2891; x_wconf 83' lang='lat'>5</span> <span class='ocrx_word' id='word_1_320' title='bbox 604 2847 810 2904; x_wconf 76' lang='lat' dir='ltr'>tyrineus</span> <span class='ocrx_word' id='word_1_321' title='bbox 831 2847 874 2890; x_wconf 84' lang='lat' dir='ltr'>R</span> <span class='ocrx_word' id='word_1_322' title='bbox 895 2862 1095 2905; x_wconf 74' lang='lat' dir='ltr'>yryneus</span> <span class='ocrx_word' id='word_1_323' title='bbox 1116 2863 1140 2891; x_wconf 91' lang='lat' dir='ltr'>r</span> <span class='ocrx_word' id='word_1_324' title='bbox 1156 2855 1210 2886; x_wconf 50' lang='grc'>4-</span> <span class='ocrx_word' id='word_1_325' title='bbox 1228 2848 1297 2894; x_wconf 64' lang='lat' dir='ltr'>L„</span> <span class='ocrx_word' id='word_1_326' title='bbox 1357 2853 1401 2892; x_wconf 56' lang='grc'>«8</span> <span class='ocrx_word' id='word_1_327' title='bbox 1425 2850 1501 2893; x_wconf 79' lang='lat' dir='ltr'>sed</span> <span class='ocrx_word' id='word_1_328' title='bbox 1523 2862 1676 2893; x_wconf 83' lang='lat' dir='ltr'>eorum</span> <span class='ocrx_word' id='word_1_329' title='bbox 1700 2848 1786 2892; x_wconf 81' lang='lat' dir='ltr'>LR</span> <span class='ocrx_word' id='word_1_330' title='bbox 1809 2848 1922 2901; x_wconf 58' lang='lat' dir='ltr'>ed,</span> <span class='ocrx_word' id='word_1_331' title='bbox 1958 2831 1974 2918; x_wconf 56' lang='lat' dir='ltr'><strong>f</strong></span> 
     </span>
     <span class='ocr_line' id='line_1_47' title="bbox 257 2905 1972 2964; baseline 0.001 -13"><span class='ocrx_word' id='word_1_332' title='bbox 257 2911 312 2951; x_wconf 90' lang='lat'>10</span> <span class='ocrx_word' id='word_1_333' title='bbox 342 2908 548 2951; x_wconf 75' lang='lat' dir='ltr'>humana</span> <span class='ocrx_word' id='word_1_334' title='bbox 577 2905 628 2950; x_wconf 87' lang='lat' dir='ltr'>L.</span> <span class='ocrx_word' id='word_1_335' title='bbox 729 2910 784 2950; x_wconf 85' lang='lat'>13</span> <span class='ocrx_word' id='word_1_336' title='bbox 815 2907 1001 2951; x_wconf 82' lang='lat' dir='ltr'>addidit</span> <span class='ocrx_word' id='word_1_337' title='bbox 1030 2907 1101 2950; x_wconf 85' lang='lat' dir='ltr'>ed.</span> <span class='ocrx_word' id='word_1_338' title='bbox 1203 2911 1259 2952; x_wconf 81' lang='lat'>15</span> <span class='ocrx_word' id='word_1_339' title='bbox 1283 2908 1543 2964; x_wconf 62' lang='lat' dir='ltr'>poeni-§sam</span> <span class='ocrx_word' id='word_1_340' title='bbox 1575 2909 1639 2964; x_wconf 89' lang='lat' dir='ltr'>(et</span> <span class='ocrx_word' id='word_1_341' title='bbox 1669 2907 1810 2964; x_wconf 67' lang='lat' dir='ltr'>infin)</span> <span class='ocrx_word' id='word_1_342' title='bbox 1840 2906 1877 2952; x_wconf 86' lang='lat' dir='ltr'>L</span> <span class='ocrx_word' id='word_1_343' title='bbox 1899 2910 1926 2952; x_wconf 63' lang='lat' dir='ltr'>:ss</span> <span class='ocrx_word' id='word_1_344' title='bbox 1967 2918 1972 2939; x_wconf 68' lang='grc'><strong><em>’</em></strong></span> 
     </span>
    </p>

    <p class='ocr_par' dir='ltr' id='par_1_7' title="bbox 254 2964 1926 3070">
     <span class='ocr_line' id='line_1_48' title="bbox 345 2964 1926 3022; baseline 0.001 -13"><span class='ocrx_word' id='word_1_345' title='bbox 345 2970 401 3009; x_wconf 81' lang='lat'>23</span> <span class='ocrx_word' id='word_1_346' title='bbox 433 2965 546 3022; x_wconf 77' lang='lat' dir='ltr'>quid</span> <span class='ocrx_word' id='word_1_347' title='bbox 576 2978 666 3009; x_wconf 91' lang='lat' dir='ltr'>om.</span> <span class='ocrx_word' id='word_1_348' title='bbox 691 2964 733 3008; x_wconf 87' lang='lat' dir='ltr'><strong>R</strong></span> <span class='ocrx_word' id='word_1_349' title='bbox 765 2964 871 3009; x_wconf 84' lang='lat' dir='ltr'>add.</span> <span class='ocrx_word' id='word_1_350' title='bbox 903 2980 928 3008; x_wconf 90' lang='lat'>1·</span> <span class='ocrx_word' id='word_1_351' title='bbox 952 2987 1007 3002; x_wconf 92' lang='lat'><strong><em>=</em></strong></span> <span class='ocrx_word' id='word_1_352' title='bbox 1032 2965 1080 3009; x_wconf 93' lang='lat' dir='ltr'>L.</span> <span class='ocrx_word' id='word_1_353' title='bbox 1198 2971 1254 3010; x_wconf 82' lang='lat'>24</span> <span class='ocrx_word' id='word_1_354' title='bbox 1286 2971 1491 3011; x_wconf 76' lang='lat' dir='ltr'>evenerat</span> <span class='ocrx_word' id='word_1_355' title='bbox 1521 2966 1593 3010; x_wconf 87' lang='lat' dir='ltr'>ed.</span> <span class='ocrx_word' id='word_1_356' title='bbox 1707 2971 1764 3010; x_wconf 82' lang='lat'>29</span> <span class='ocrx_word' id='word_1_357' title='bbox 1794 2980 1824 3011; x_wconf 75' lang='lat' dir='ltr'>n</span> <span class='ocrx_word' id='word_1_358' title='bbox 1922 2968 1926 2973; x_wconf 76' lang='grc'><em>’</em></span> 
     </span>
     <span class='ocr_line' id='line_1_49' title="bbox 254 3023 1620 3070; baseline 0 -2"><span class='ocrx_word' id='word_1_359' title='bbox 254 3024 342 3068; x_wconf 84' lang='lat' dir='ltr'>LR</span> <span class='ocrx_word' id='word_1_360' title='bbox 371 3039 428 3070; x_wconf 88' lang='lat' dir='ltr'>m.</span> <span class='ocrx_word' id='word_1_361' title='bbox 451 3025 698 3069; x_wconf 74' lang='lat' dir='ltr'>instantem</span> <span class='ocrx_word' id='word_1_362' title='bbox 727 3023 798 3068; x_wconf 83' lang='lat' dir='ltr'>ed.</span> <span class='ocrx_word' id='word_1_363' title='bbox 1333 3035 1341 3039; x_wconf 68' lang='grc'><em>“</em></span> <span class='ocrx_word' id='word_1_364' title='bbox 1614 3045 1620 3047; x_wconf 95' lang='grc'>-</span> 
     </span>
    </p>
   </div>
  </div>
 </body>
</html>
