2014 3226
223 160 330 210 610
690 157 920 200 DONATI
950 156 1231 199 INTERPR.
1266 156 1444 200 VERG.
1976 0 1991 221 i

1985 251 1991 280 1

134 305 220 344 800
240 303 282 347 et
303 299 656 358 septemyemini
689 298 887 344 turbant
918 298 1106 356 trepida
1139 298 1261 343 ostia
1292 296 1424 343 Nat:
1464 312 1574 343 cum
1605 298 1703 357 ille,
1736 298 1914 358 inquit,
1983 284 1991 342 ’ἶ

224 374 391 420 venire
432 372 493 418 ad
526 372 615 418 has
649 370 864 432 coeperit
895 370 1068 431 partis,
1101 370 1266 417 omnia
1299 386 1424 431 quae
1458 373 1572 418 sunt
1605 371 1694 417 sub
1728 373 1913 419 oriente
1980 364 1991 407 ’1

224 447 338 507 3010,
371 445 720 504 turbabuntur,
751 459 903 507 regna
938 444 1127 491 scilicet
1161 442 1354 504 Caspia,
1387 444 1648 492 Maeotidis
1681 447 1730 491 et
1753 445 1911 493 Nilus

221 536 308 568 nee
346 534 456 567 vero
496 518 690 566 Alcides
730 521 918 564 tantam
957 519 1144 564 telluris
1183 519 1351 565 obivit:
1404 520 1518 578 post
1559 517 1759 565 Saturni
1803 535 1912 566 con-

221 595 534 655 parationem
580 593 833 639 inducitur
879 594 928 638 et
975 592 1209 650 secunda,
1250 591 1510 651 Hercules,
1550 594 1736 653 inquit,
1776 594 1912 641 0111113
1961 609 1993 679 55

223 668 381 715 multa
420 667 770 728 praeferuntur
810 666 1033 748 exempla
1071 666 1329 725 virtutum,
1369 681 1469 713 non
1508 668 1706 712 tantum
1754 666 1915 714 valuit
1986 681 1991 714 t.

222 745 468 789 terrarum
501 742 757 788 circumire
788 740 1027 802 regiones.
1095 740 1256 798 fixerit
1286 740 1558 798 aeripedem
1589 755 1778 787 ceream
1810 740 1917 788 ticet
1986 727 1991 802 ξ

223 820 310 863 11111ι
332 816 628 876 Erymanthi
651 815 871 874 placarit
899 827 1098 860 nemora
1131 817 1174 860 et
1196 814 1415 860 Lernam
1440 815 1749 872 tremefecerit
1772 829 1914 862 area:

224 890 452 951 quamvis
491 889 576 936 ille
617 903 827 947 cervam,
868 887 1054 934 animal
1092 888 1247 934 totius
1279 887 1573 947 velocitatis,
1607 888 1915 949 superaverit
1988 916 1990 921 ·

224 979 369 1011 0111311
418 965 505 1010 aut
554 963 662 1023 apri
707 962 991 1009 infestantis
1039 976 1155 1008 nece
1200 961 1452 1023 regionem
1498 961 1550 1007 in
1601 977 1698 1023 qua
1751 962 1916 1008 fuerat
1940 979 1993 1012 ιο4

223 1038 511 1085 liberaverit
558 1038 645 1084 aut
693 1036 891 1098 sagittis
932 1036 1168 1082 terruerit
1206 1033 1432 1082 Lernam.
1504 1035 1618 1082 huic
1657 1034 1915 1099 subiungit
1988 1042 1990 1053 '

225 1114 273 1159 et
312 1114 450 1175 gesta
490 1109 659 1158 Liberi
697 1111 878 1172 patris:
917 1123 1003 1157 nee
1034 1111 1116 1168 qai
1139 1110 1419 1169 pampineis
1451 1111 1598 1156 victor
1627 1110 1745 1169 111911
1775 1111 1917 1167 flectit

135 1191 219 1231 805
237 1186 435 1233 habenis
474 1185 626 1232 Liber
665 1198 812 1244 1190113
851 1184 971 1231 celso
1003 1183 1170 1243 Nysae
1202 1184 1259 1230 de
1288 1185 1460 1231 vertice
1492 1185 1644 1243 119113.
1707 1182 1915 1231 duorum

226 1259 447 1320 exempla
486 1259 749 1320 proposuit
788 1259 875 1319 qui
913 1257 1128 1318 plurima
1167 1257 1276 1304 loca
1309 1258 1618 1318 superarunt,
1650 1256 1915 1304 Herculem
1988 1278 1990 1293 >

226 1329 298 1397 [et
345 1329 642 1395 Bacchum],
699 1347 910 1392 quorum
966 1331 1106 1390 alter,
1159 1332 1217 1377 ut
1270 1331 1456 1378 dictum
1507 1333 1604 1390 est,
1650 1331 1915 1378 velocitate
1941 1325 2001 1381 158

225 1423 434 1467 cervam,
466 1408 653 1454 virtute
686 1422 861 1467 aprum
894 1405 1292 1466 Erymanthium,
1325 1407 1430 1452 arte
1464 1403 1748 1467 Gorgonam
1779 1406 1915 1464 vicit,
1988 1438 1989 1462 1

226 1482 354 1529 alter
399 1480 547 1528 Indos
603 1481 841 1540 obtinuit,
898 1478 1204 1527 transcendit
1257 1481 1306 1526 et
1352 1479 1542 1540 Nysam
1596 1481 1816 1526 montem
1868 1481 1916 1526 et

225 1555 538 1617 triumphans
579 1570 725 1601 curru
763 1553 898 1601 mitis
938 1552 1144 1616 tigrides
1180 1552 1356 1600 iunxit.
1419 1553 1496 1599 his
1529 1552 1765 1614 exemplis
1797 1567 1915 1600 usus
1986 1571 1989 1574 ·

224 1631 419 1692 magnis
460 1631 510 1676 et
547 1627 877 1676 memorandis
917 1627 1172 1675 meliorem
1214 1625 1474 1674 Caesarem
1506 1626 1644 1687 facit,
1676 1627 1761 1688 qui
1792 1626 1914 1674 Her-

226 1704 350 1751 culis
399 1717 619 1750 accessus
668 1704 718 1750 et
759 1701 926 1748 Liberi
973 1703 1185 1748 transire
1231 1701 1392 1748 valuit
1438 1703 1486 1747 et
1532 1703 1713 1748 tenere.
1790 1700 1915 1748 hanc
1940 1718 1983 1751 3ο

226 1777 420 1825 dicendi
469 1779 627 1824 artem
674 1778 905 1824 executus
946 1777 1020 1824 est
1057 1775 1110 1821 in
1149 1775 1402 1823 comoedia
1442 1775 1701 1822 Terentius
1742 1774 1914 1822 adsen-

224 1852 404 1918 tatoris
443 1850 661 1898 officium
699 1851 752 1897 in
793 1865 848 1897 00
889 1852 1019 1897 stare
1059 1849 1358 1932 significans,
1389 1851 1446 1895 ut
1480 1850 1533 1895 in
1566 1848 1916 1910 conparatione

226 1911 293 1973 sit
331 1925 417 1972 ille
455 1924 622 1986 potior
661 1924 747 1985 qui
785 1923 1033 1971 laudatur.
1095 1924 1169 1971 ait
1209 1924 1339 1971 enirn
1372 1922 1559 1970 Thraso
1599 1922 1740 1969 miles
1781 1915 1914 2005 (eun.
1982 1932 1986 1963 ί

228 1992 433 2064 3,1,1)
474 2014 709 2062 „magnas
749 2013 866 2046 vero
907 2013 1053 2060 agere
1091 1998 1279 2060 gratias
1322 1997 1471 2044 Thais
1511 1994 1697 2043 mihi?“
1743 1995 1828 2043 ille
1873 1997 1916 2043 si
1982 2047 1985 2059 Ι

227 2037 411 2120 diceret
449 2088 657 2135 magnas
698 2072 783 2134 qui
822 2071 1239 2134 interrogabatur,
1278 2086 1377 2118 non
1417 2069 1790 2131 promerebatur
1826 2085 1912 2131 pa·
1939 2078 1985 2131 sj

225 2149 440 2207 tronum,
480 2148 559 2194 cui
596 2147 792 2207 placere
831 2145 1077 2207 cupiebat,
1117 2145 1202 2192 sed
1242 2145 1313 2192 ait
1352 2141 1641 2207 „ingentis“,
1679 2146 1736 2190 ut
1768 2144 1914 2191 aesti-

227 2222 497 2268 mationem
546 2220 792 2267 audientis
841 2219 1182 2267 adsentatione
1231 2220 1499 2280 superaret.
1576 2217 1650 2265 ita
1700 2233 1815 2280 ergo
1867 2220 1915 2264 et
1979 2258 1985 2282 ,

225 2295 306 2342 1110
344 2293 572 2342 laudavit
611 2295 735 2342 alios
774 2295 937 2355 poeta,
968 2295 1022 2340 in
1061 2293 1225 2341 aliena
1254 2292 1400 2340 laude
1432 2294 1492 2339 ut
1522 2292 1766 2353 potiorem
1798 2290 1915 2338 Cae-
1978 2283 1986 2336 1

227 2384 387 2417 3310111
418 2369 616 2415 faceret.
670 2371 712 2415 et
742 2368 1022 2415 dubitamus
1054 2367 1212 2415 adhue
1242 2368 1466 2413 virtatem
1498 2366 1742 2413 extendere
1764 2364 1915 2424 fatis?

347 2557 372 2596 3
405 2553 647 2597 maeotides
677 2551 719 2595 V
750 2553 843 2596 -dis
874 2565 957 2595 nos
992 2552 1224 2595 Maeotica
1257 2551 1326 2594 ed.
1430 2554 1453 2592 7
1486 2563 1587 2594 aere
1611 2550 1768 2617 pedem
1799 2548 1853 2591 V.
1966 2601 1975 2607 ,.

230 2617 255 2656 8
286 2614 491 2669 placaret
513 2611 567 2655 V.
662 2615 687 2654 9
721 2617 922 2668 quantas
944 2610 986 2654 V
1011 2610 1082 2654 ed
1109 2611 1314 2667 quamvis
1344 2611 1476 2666 11031
1505 2609 1580 2653 ille
1602 2609 1645 2652 V
1675 2623 1705 2651 1.
1732 2621 1811 2663 qm
1842 2607 1913 2651 ed.

319 2676 374 2715 14
406 2671 604 2726 exemplo
635 2670 676 2713 V
709 2684 822 2714 corr.
856 2670 927 2713 ed.
1034 2674 1088 2712 15
1121 2675 1163 2712 et
1194 2669 1427 2713 Bacchum
1455 2681 1544 2712 om.
1570 2668 1612 2711 V
1643 2666 1792 2723 suppl.
1821 2666 1913 2709 ed.:
1970 2666 1981 2714 ,ζι

229 2744 290 2774 311
321 2736 363 2774 et
393 2730 640 2774 Liberum?
680 2730 685 2786 Ι
727 2743 902 2774 cervam
933 2730 1041 2785 post
1071 2729 1186 2772 alter
1215 2727 1542 2784 transposed.
1665 2729 1719 2769 16
1751 2726 1915 2769 virtute

229 2804 317 2834 om.
345 2789 416 2833 ed.
444 2790 451 2846 Ι
486 2788 820 2845 erymanthwm'
832 2787 875 2831 V
906 2788 977 2831 ed.
1007 2790 1012 2844 Ι
1047 2792 1144 2831 arte
1174 2786 1216 2830 V
1247 2801 1359 2831 arca
1390 2786 1462 2830 ed.
1568 2789 1622 2827 17
1653 2784 1917 2829 transcendi

228 2863 412 2906 enysam
442 2847 484 2890 V
517 2861 629 2891 corr.
657 2847 726 2891 ed.
862 2851 916 2890 18
947 2847 1019 2890 his
1049 2846 1091 2890 V
1121 2846 1194 2889 hie
1225 2846 1295 2889 ed.
1441 2849 1494 2888 21
1528 2845 1770 2888 terrentzas
1800 2843 1854 2886 V.
1959 2863 1962 2865 >

230 2912 286 2952 28
319 2907 584 2952 laudatione
615 2906 686 2949 ed.
715 2907 722 2962 1
756 2911 808 2950 ut
840 2907 950 2949 ante
979 2906 1033 2948 in
1061 2906 1294 2960 transpos.
1321 2904 1391 2948 ed.
1515 2907 1569 2946 29
1602 2904 1715 2947 veris
1745 2901 1800 2955 V,
1833 2899 1914 2944 sed
1975 2919 1980 2925 ·

227 2967 342 3021 fatis
372 2964 647 3022 explicatur,
680 2978 824 3020 quare
854 2964 943 3008 1100
975 2963 1199 3008 substitui
1231 2977 1336 3006 cum
1368 2962 1569 3019 Hoppio,
1600 2962 1738 3016 factis
1769 2960 1839 3004 ed.
