2014 3226
167 160 276 212 506
639 159 804 203 DONA
812 159 871 202 TI
902 159 1182 202 INTERPR.
1217 158 1395 203 VERG.

170 301 279 348 fieri
319 299 450 361 quod
490 301 580 359 vis,
621 299 672 346 id
713 299 834 346 velis
876 298 1007 360 quod
1038 300 1174 360 possi
1200 298 1240 346 “.
1318 301 1425 361 ipse
1465 315 1581 347 vero
1615 299 1866 363 Vergilius

173 375 272 422 alio
313 375 420 421 loco
463 367 536 438 (5,
565 366 656 437 ⁶21)
691 389 809 432 „nec
848 388 936 420 nos
977 372 1137 420 obniti
1178 375 1350 420 contra
1389 388 1478 421 nec
1516 373 1717 421 tendere
1757 376 1868 421 tan-

173 451 282 495 tum
322 447 615 507 sufficimus,
668 449 870 508 superat
910 448 1146 507 quoniam
1185 447 1400 507 fortuna,
1443 463 1708 508 sequamur
1748 463 1869 509 qua-

172 538 269 583 que
310 524 454 569 vocat
493 521 748 568 flectamus
789 519 927 567 iter“.
1005 523 1119 582 post
1167 521 1477 568 consolativa
1516 520 1666 568 verba
1706 522 1870 582 coepit

173 596 432 644 consilium
480 595 597 642 dare
645 596 694 642 et
732 594 785 641 id
830 596 1102 655 praestruit
1150 611 1210 642 ne
1262 594 1655 642 contradictione
1702 596 1869 656 inpro·
1917 611 1936 645 5

171 671 336 717 betur:
386 672 471 725 est,
510 670 698 730 inquit,
745 669 832 716 tibi
869 668 1166 716 Dardanius
1213 669 1412 716 divinae
1451 670 1621 728 stirpis
1659 666 1870 724 AcesteS,

172 746 298 791 hune
338 757 454 802 cape
494 743 709 790 consiliis
747 745 931 790 socium
971 745 1015 790 et
1051 744 1287 802 eouiuuye
1324 743 1585 790 volentem:
1631 742 1870 790 habemus
1956 740 1966 804 s?

171 819 266 877 hic,
306 817 487 878 inquit,
527 815 741 864 Acesten
780 815 1113 863 Dardanium:
1154 816 1378 878 proinde,
1419 816 1537 878 quia
1575 818 1743 865 noster
1783 818 1872 877 est,

172 907 272 939 non
309 890 652 951 reluctabitur,
692 890 827 938 volet
868 890 1105 951 quicquid
1143 893 1193 938 te
1237 890 1424 938 viderit
1455 890 1597 938 velle.
1661 890 1867 939 daturus
1978 935 1979 938 ,

173 965 434 1014 consilium
497 965 679 1011 muniit
733 965 887 1012 etiam
939 964 1082 1011 illam
1141 967 1336 1026 partem
1401 981 1500 1026 qua
1553 964 1653 1012 dici
1707 966 1874 1026 potuit
1898 954 1962 1014 1οῘ

175 1039 309 1101 quid,
349 1041 393 1087 si
433 1054 559 1100 quae
598 1038 830 1086 volumus
867 1041 1073 1100 respuat
1113 1039 1200 1100 qui
1237 1039 1366 1086 velle
1407 1041 1495 1085 aut
1542 1038 1672 1086 nolle
1721 1038 1872 1086 habet

174 1115 228 1160 in
277 1129 365 1161 sua
413 1111 701 1174 potestate?
760 1113 898 1173 huic,
946 1115 1003 1159 ut
1042 1112 1280 1174 diximus,
1329 1113 1545 1160 occurrit
1583 1112 1872 1160 necessariis
1950 1122 1983 1166 ,ζ

177 1187 540 1235 adsertionibus
591 1189 642 1234 et
691 1187 869 1248 incipit
919 1188 1085 1248 ipsum
1133 1186 1396 1234 consilium
1443 1186 1617 1234 dicere.
1707 1186 1873 1249 iunge,

172 1263 361 1323 inquit,
407 1261 708 1308 tractatibus
755 1261 855 1308 tuis
911 1262 1015 1308 eius
1065 1261 1271 1308 consilia
1320 1263 1370 1308 et
1417 1275 1710 1309 consensum
1759 1262 1874 1307 ante
1962 1253 1984 1340 ἶ

173 1410 311 1458 beret
349 1410 436 1457 ille
477 1409 778 1471 suscipiendi
803 1409 1136 1470 voluntatem,
1175 1409 1366 1456 nolenti
1399 1408 1533 1455 enim
1572 1409 1758 1456 frustra
1797 1409 1872 1454 in-

174 1485 491 1532 sinuarentur
530 1485 706 1531 cetera.
783 1484 896 1531 huie
935 1483 1072 1530 trade
1112 1485 1309 1530 amissis
1339 1486 1577 1542 superant
1614 1483 1698 1541 qui
1735 1483 1876 1530 navi-

174 1559 289 1605 bus:
325 1573 426 1606 non
458 1558 589 1604 enim
615 1557 839 1619 oportuit
862 1558 1039 1618 inponi
1064 1556 1276 1605 navibus
1308 1557 1424 1619 plus
1458 1572 1609 1618 quam
1639 1557 1874 1618 poterant
1961 1544 1990 1602 f'

175 1633 316 1680 ferre.
394 1647 503 1680 ecce
535 1648 691 1678 unum
722 1631 985 1679 consilium
1014 1631 1068 1678 in
1098 1633 1243 1679 tanta
1274 1631 1570 1679 necessitate
1602 1630 1874 1693 probabile,
1954 1608 1970 1645 ’ὃ

176 1705 431 1770 subiungit
470 1705 628 1753 aliud:
670 1709 713 1753 et
749 1719 867 1766 quos
897 1709 1180 1765 pertaesum
1210 1707 1380 1766 mayui
1410 1706 1588 1765 incepti
1617 1719 1876 1764 rerumque
1898 1721 1963 1764 2⁰2

175 1783 375 1828 tuarum
430 1783 520 1828 est:
573 1780 803 1828 nonnulli
857 1781 993 1842 sunt,
1047 1779 1234 1841 inquit,
1289 1780 1377 1841 qui
1430 1779 1608 1826 nolunt
1661 1778 1875 1826 ulterius
1959 1826 1969 1853 c

175 1854 377 1902 tendere
417 1854 694 1915 quibusque
733 1853 875 1900 labor
912 1853 1078 1901 taedio
1120 1855 1196 1901 est
1236 1855 1324 1901 aut
1364 1854 1452 1914 qui
1491 1853 1749 1901 commoda
1787 1854 1876 1900 tua
1959 1890 1962 1897 ,

87 1932 174 1972 ’715
192 1944 290 1976 non
314 1928 528 1975 libenter
558 1927 824 1975 attendunt
856 1929 906 1974 et
937 1927 1121 1992 glorias
1146 1944 1246 1976 non
1279 1929 1467 1975 curant
1531 1928 1878 1988 louyaevosque
1960 1950 1966 1982 ,ς
2004 1923 2005 1926 ’

176 2017 311 2050 series
351 2017 408 2050 ae
452 2003 611 2062 fessas
650 2016 856 2061 aequore
893 2005 1023 2050 matr
1025 2017 1097 2050 es
1148 2001 1375 2063 sequenti
1419 2002 1529 2049 loco
1579 2000 1748 2062 posuit
1795 2015 1876 2048 eos
1954 2003 1971 2067 ζ

180 2075 281 2138 qui,
322 2076 521 2123 etiamsi
558 2077 631 2123 ire
671 2075 880 2135 vellent,
919 2091 1018 2124 non
1057 2078 1262 2138 possent
1299 2075 1523 2123 laborem
1567 2075 1786 2147 perferre
1826 2077 1876 2122 et
1900 2075 1978 2139 ²⁵2}

177 2150 364 2198 frustra
396 2150 705 2212 ducerentur,
746 2165 884 2198 senes
917 2149 1107 2198 scilicet
1139 2152 1288 2212 atque
1322 2165 1461 2210 anus,
1498 2148 1676 2210 quibus
1709 2149 1876 2197 vicina
1950 2154 1983 2220 ’ξ

178 2239 310 2272 mors
343 2226 471 2271 esset
503 2226 567 2285 et,
606 2225 650 2272 si
679 2225 742 2271 iis
775 2223 1068 2288 contigisset
1089 2225 1271 2284 vivere,
1303 2239 1392 2286 per
1423 2224 1605 2271 aetatis
1631 2222 1879 2270 defectum

303 2385 326 2423 1
357 2380 426 2423 vel
454 2380 526 2424 his
557 2379 593 2422 L
623 2380 752 2424 vellis
781 2379 824 2423 R
854 2380 964 2424 velis
992 2382 1064 2437 1·.Ι
1106 2379 1199 2436 ipsi
1227 2393 1331 2424 vero
1362 2379 1496 2423 cilius
1526 2378 1562 2422 L
1594 2404 1651 2410 -
1666 2378 1808 2436 yilius
1839 2376 1878 2420 R
1952 2341 1986 2428 t}

180 2440 276 2495 ipse
305 2453 409 2483 vero
439 2438 654 2496 virqilius
682 2453 707 2481 r
738 2453 840 2483 vero
872 2452 962 2482 om.
989 2438 1062 2483 ed.
1242 2443 1267 2482 2
1302 2439 1396 2482 loeo
1427 2437 1515 2480 LR
1547 2438 1574 2482 l.
1609 2437 1751 2482 dixit
1761 2437 1831 2480 ed.
1869 2435 1874 2467 ¹
1949 2434 1983 2461 Ὗ·

179 2511 329 2543 nonas
359 2497 446 2541 LR
476 2511 571 2542 uon
601 2511 683 2542 ‘nos
714 2512 738 2539 r
767 2512 848 2542 uec
878 2511 962 2542 uos
992 2511 1088 2541 nos
1120 2497 1125 2552 Ι
1154 2498 1321 2542 obnitit
1351 2492 1661 2542 tiausteridere
1685 2491 1772 2538 LR
1803 2470 1878 2540 ob·
1949 2461 1979 2534 {-

180 2558 272 2601 uiti
301 2563 459 2602 contra
490 2571 572 2601 uec
602 2557 780 2601 tendere
811 2571 917 2601 nos.
964 2571 1046 2601 uec
1079 2571 1164 2601 uos
1188 2583 1243 2589 —
1268 2557 1526 2611 sufficimus
1564 2569 1652 2600 om.
1687 2555 1757 2598 ed.
1947 2583 1965 2600 ,ε

181 2622 207 2660 3
239 2622 418 2673 superet
440 2616 475 2659 L
506 2621 727 2671 superaret
750 2616 803 2660 R.
909 2621 937 2660 4
967 2618 1200 2673 flectamus
1223 2615 1309 2658 LR
1339 2630 1380 2659 v.
1399 2619 1454 2659 21
1488 2620 1733 2659 vertamus:
1768 2627 1878 2671 ergo
1950 2602 1979 2669 Ξῖ

181 2675 259 2720 hic
291 2689 348 2720 ex
378 2675 605 2719 memoria
644 2674 846 2731 scripsit.
999 2680 1024 2719 5
1051 2675 1307 2732 praestruit
1337 2674 1373 2717 L
1407 2674 1638 2730 praestuit
1667 2673 1710 2716 R
1746 2686 1878 2729 prae·
1944 2667 1974 2732 ξ
2000 2687 2003 2714 1

179 2736 300 2780 stitit
329 2734 401 2778 ed.
430 2736 437 2791 Ι
463 2749 546 2779 uec
575 2735 978 2779 contradictionem
1010 2734 1059 2778 L.
1172 2739 1198 2777 6
1231 2734 1386 2791 iuquit
1416 2747 1504 2777 om.
1532 2732 1604 2776 ed.
1716 2737 1739 2776 7
1772 2745 1877 2777 eou-
1945 2738 1986 2798 ᾗ

180 2794 281 2839 silii
311 2794 420 2838 edF.
449 2795 456 2850 Ι
481 2793 626 2838 socios
648 2793 736 2836 LR
767 2807 865 2838 -um
894 2809 930 2837 1.
1026 2797 1051 2837 9
1083 2794 1254 2846 videret
1275 2792 1363 2836 LR
1386 2806 1500 2836 corr.
1518 2806 1554 2836 r.
1649 2796 1704 2835 15
1734 2791 1879 2836 retine
1979 2790 1986 2802 ”

181 2853 270 2896 LR
290 2853 362 2898 ed.
380 2853 530 2898 obtine
554 2854 783 2909 expectes.
879 2857 934 2896 16
960 2854 1260 2898 insuarentur
1281 2852 1324 2895 R
1348 2852 1589 2896 iusum-eut
1611 2850 1647 2893 L
1673 2864 1785 2894 corr.
1804 2849 1877 2894 ed.
1978 2853 1985 2891 i

275 2916 328 2956 19
361 2926 456 2956 eece
485 2925 631 2956 uuum
654 2911 742 2954 LR
765 2911 836 2956 ed..
856 2917 963 2967 post
993 2912 1215 2968 interpos.
1240 2925 1276 2956 r.
1372 2915 1427 2954 23
1445 2910 1654 2978 tylon-iam
1686 2909 1756 2953 ed.

184 2975 240 3015 25
271 2971 386 3016 seire
416 2970 503 3014 LR
532 2971 575 3015 si
605 2985 629 3013 r
657 2971 700 3015 si
729 2971 796 3015 ire
827 2970 898 3014 ed.
1022 2975 1077 3014 27
1109 2971 1181 3015 his
1211 2969 1299 3013 LR
1329 2969 1401 3014 ed.
1433 2969 1494 3014 iis
1524 2982 1622 3013 nos.
