2014 3226
786 191 1088 235 AENEIDOS
1121 192 1162 235 Π
1719 195 1743 243 1
1754 193 1818 244 81

135 335 335 380 vertere.
414 334 465 379 in
512 333 622 392 ipsa
669 333 800 378 enim
847 334 994 393 porta
1033 334 1082 379 et
1120 332 1404 394 frequenter
1443 332 1686 392 substitit,
1735 332 1825 378 hoc

134 411 208 454 est
254 406 421 466 lapsus
470 407 573 453 eius
622 405 833 467 inpediti
880 408 1017 466 sunt,
1065 407 1115 452 et
1163 407 1390 467 quotiens
1434 406 1484 453 id
1524 407 1712 453 factum
1753 410 1827 453 est

134 482 315 527 totiens
356 495 413 526 ex
453 482 557 527 eius
597 482 737 527 utero
779 495 1029 526 armorum
1069 481 1258 527 sonitus
1291 480 1396 528 dati
1429 483 1556 527 sunt.
1617 495 1826 540 cumque

134 553 254 601 haec
292 552 466 601 fierent
504 557 554 600 et
591 569 668 600 res
708 553 974 600 manifesta
1013 569 1102 600 nec
1138 557 1301 601 mente
1334 555 1706 617 intellegeretur
1737 568 1826 600 nec

89 644 108 676 5
132 628 383 675 videretur
423 627 594 687 oculis,
631 627 746 675 inde
784 628 946 688 magis
978 627 1215 690 gliscente
1248 629 1466 675 amentia
1498 628 1630 675 unde
1660 628 1828 689 potuit

132 701 425 748 insidiarum
465 701 610 763 prodi
650 703 994 761 commentum,
1034 702 1221 748 factum
1262 704 1336 749 est
1374 704 1431 749 ut
1469 704 1521 748 in
1561 701 1673 750 sede
1712 701 1826 748 reli-

133 775 283 837 giosa·
311 775 523 824 crudelis
566 775 780 823 fabricae
820 775 1040 822 latebrae
1081 775 1418 823 conderentur.
1488 775 1619 836 quod
1659 777 1826 823 autem

134 851 206 895 ait
246 865 273 896 o
312 843 500 910 patria,
551 865 579 896 0
620 849 789 896 divum
830 850 1001 896 domus
1041 848 1204 910 Ilium,
1235 849 1327 896 hoc
1363 849 1620 897 adstruere
1651 849 1825 909 voluit,

132 923 274 969 illam
308 924 561 971 civitatem
593 939 692 970 non
724 925 825 969 iam
856 923 1077 984 plurima
1106 923 1293 983 templa
1325 924 1598 972 multorum
1623 923 1826 971 deorum

69 1014 110 1044 10
134 996 378 1056 habuisse,
418 997 512 1044 sed>
541 999 826 1044 universam
864 997 1107 1057 templum
1147 998 1299 1045 fuisse
1338 1000 1644 1046 cunctorum.
1715 1000 1827 1043 twnc

135 1073 278 1118 eiiam
330 1072 449 1130 fatis
502 1073 659 1130 aperit
707 1070 994 1118 Cassandra
1047 1073 1232 1131 futuris
1282 1085 1371 1118 ora
1423 1072 1514 1118 det·
1543 1074 1683 1119 iussu
1728 1085 1827 1118 non-

132 1159 364 1203 umquam
395 1145 577 1193 credita
603 1145 826 1192 Teucris:
859 1145 1078 1205 accessit,
1109 1146 1288 1206 inquit,
1320 1146 1384 1192 iis
1417 1145 1642 1192 omnibus
1675 1145 1826 1192 etiam

134 1219 444 1266 denuntiatio
494 1217 820 1278 Cassandrae,
869 1235 996 1280 quae
1044 1222 1251 1280 accepta
1295 1235 1395 1267 non
1442 1222 1539 1279 est,
1588 1219 1707 1280 quia
1752 1234 1825 1265 re-

133 1299 314 1354 sponsa
362 1295 464 1340 eius
514 1294 729 1341 fuerant·
751 1293 1000 1354 Apollinis
1038 1295 1256 1341 iussione
1297 1293 1544 1341 damnata.
1583 1338 1585 1341 ,
1622 1307 1710 1340 nos
1749 1292 1826 1340 de-

69 1383 110 1414 15
134 1367 282 1414 lubra·
326 1368 468 1415 deum
517 1369 702 1422 miseri,
756 1368 928 1426 quibus
978 1367 1179 1415 ultimus
1213 1371 1349 1415 -esset
1396 1368 1478 1421 ille
1524 1368 1649 1421 dies,
1701 1368 1827 1426 festa

131 1441 350 1488 velamus
387 1443 559 1501 fronde
589 1457 682 1501 per
726 1442 918 1488 urbem:
978 1443 1154 1500 tanta,
1191 1441 1379 1503 inquit,
1424 1456 1513 1489 nos
1561 1456 1648 1503 per
1693 1441 1824 1488 idem

131 1517 327 1576 tempus
375 1515 626 1565 dementia
673 1518 942 1577 presserat,
989 1518 1047 1562 ut
1091 1517 1365 1563 inminente
1408 1518 1581 1566 nostro,
1619 1517 1669 1562 et
1707 1515 1825 1562 civi-

132 1590 251 1636 tatis
292 1591 441 1637 exitio
482 1590 627 1637 laetis
661 1589 920 1637 frondibus
952 1590 1142 1651 templa
1174 1591 1341 1637 omnia
1372 1591 1664 1653 tegeremus.
1727 1603 1826 1636 non

133 1662 258 1710 dixit
319 1665 663 1711 coronavimus
724 1664 935 1725 templa,
999 1663 1083 1711 sed
1137 1665 1372 1724 teximus,
1433 1667 1490 1710 ut
1515 1696 1518 1700 -
1547 1662 1829 1711 ostenderet

67 1753 110 1784 ‘20
133 1738 253 1784 satis
302 1737 546 1786 officiosos
600 1737 754 1785 fuisse
807 1739 949 1785 iuxta
995 1737 1111 1785 deos
1161 1737 1246 1799 qui
1292 1739 1347 1784 in
1392 1737 1482 1784 illa
1531 1737 1667 1785 clade
1716 1751 1827 1784 oum

134 1812 256 1872 ipsis
297 1814 458 1860 essent
497 1811 770 1860 cultoribus
810 1813 1035 1873 perituri.
1508 1827 1510 1830 ’

260 1887 468 1934 Vertitur
511 1888 696 1934 intcrea
742 1886 928 1933 caelum
974 1890 1018 1934 et
1061 1887 1164 1934 ruit
1204 1885 1390 1933 Occasno
1429 1899 1525 1932 noa:
1563 1885 1811 1932 involvens
1830 1888 1916 1927 250

131 1960 306 2007 umbra
343 1975 526 2019 mamm
564 1963 836 2020 terramque
866 1961 1130 2020 polumque
1168 1960 1631 2019 Myrmidonumque
1669 1958 1827 2005 dolos:

60 2067 70 2076 .
131 2034 344 2081 vertitur
398 2035 589 2082 caelum
643 2037 693 2081 et
744 2035 850 2082 ruit
901 2049 1010 2081 nox.
1088 2034 1181 2082 hoc
1226 2034 1338 2082 vult
1385 2032 1640 2093 adludere„
1696 2032 1828 2094 quod

66 2121 110 2154 26
132 2109 330 2155 versata
385 2109 555 2170 aliqua
608 2124 660 2155 re
716 2108 864 2156 cadat
918 2123 975 2155 ex
1031 2124 1088 2155 ea
1143 2107 1276 2169 quod
1329 2108 1627 2162 intrinsecus
1674 2108 1827 2154 tenet.

132 2183 328 2229 versato
377 2198 494 2246 ergo
544 2183 680 2230 caelo
721 2181 854 2244 quod
891 2181 1163 2243 praebebat
1200 2182 1360 2229 lucem
1400 2181 1633 2229 tenebrae
1673 2196 1731 2227 ex
1770 2196 1826 2228 eo

133 2255 366 2303 continuo
406 2256 688 2304 ceciderunt
724 2256 819 2304 hoe
858 2258 934 2303 est
971 2271 1068 2304 nox
1107 2255 1206 2303 diei
1245 2256 1494 2315 successit,
1533 2257 1592 2302 ut
1627 2253 1824 2302 insidiis

77 2350 80 2354 ⁴
133 2325 431 2378 Graecorum
463 2329 753 2394 suffragium
786 2346 983 2391 quoque
1006 2331 1237 2378 nocturni
1260 2329 1498 2391 temporis
1521 2330 1823 2392 iungeretur.

133 2402 390 2452 involvens
422 2403 597 2451 umbra
627 2419 811 2467 magna
836 2407 1119 2466 terramque
1143 2404 1412 2466 polumque
1435 2402 1826 2465 Myrmidonum-

67 2490 111 2522 ³0
136 2491 230 2537 que
262 2476 413 2526 dolos.
468 2478 748 2526 involutum
781 2477 991 2526 dicimus
1023 2477 1170 2540 quod,
1202 2493 1315 2526 cum
1346 2479 1557 2539 apparet
1578 2477 1826 2539 primitus,

134 2547 329 2599 dehinc
355 2553 583 2615 opertum
628 2553 829 2613 penitus
869 2552 1125 2600 oculorum
1169 2551 1511 2614 conspectibus
1551 2550 1825 2609 abiuratur,

133 2623 359 2672 involuta
403 2625 560 2691 igitur
605 2624 732 2673 dixit
777 2626 966 2687 omnia,
1013 2628 1189 2688 utpote
1236 2641 1363 2687 quae
1400 2641 1501 2673 non
1526 2612 1827 2672 viderentur

133 2695 486 2748 obsistentibus
524 2699 755 2748 tenebris.
831 2700 936 2759 susi
964 2714 1060 2759 per
1097 2701 1288 2748 moenia
1329 2699 1505 2747 Teucri
1545 2699 1823 2751 conticuere,

132 2809 261 2816 ᾖ

250 2886 279 2927 4
307 2885 556 2939 manifesta
587 2883 674 2928 LR
703 2884 976 2939 manifestae
1007 2884 1138 2941 011.Ι
1186 2884 1626 2942 intellegerentur—
1642 2886 1669 2925 5
1699 2881 1822 2926 vide-

131 2944 291 2985 rentur
318 2941 407 2986 LR
438 2943 509 2987 ed.
542 2947 688 2989 -rebur
717 2956 815 2988 nos.
925 2947 979 2987 11
1013 2946 1159 3000 operit
1187 2943 1230 2987 R
1261 2956 1374 2987 corr.
1408 2957 1443 2985 1·
1560 2945 1615 2984 12
1648 2941 1707 3014 iuss
1736 2937 1836 2983 ΒΚ

41 3004 81 3226 ἱ
132 2997 204 3042 his
234 2999 305 3044 ed.
429 3005 483 3046 31
517 3002 763 3049 abiuratwr
791 3001 876 3046 LR
910 3003 1192 3048 abstrahitur
1223 3001 1332 3046 edF.
