2014 3226
175 1938 228 1976 15

258 246 360 297 148
720 239 952 284 DONATI
981 238 1261 282 INTERPR.
1296 237 1474 280 VERG.

253 386 402 432 duras
460 398 596 429 amas
653 380 844 440 audire,
907 378 1226 426 multiformis
1281 378 1442 424 luctus
1498 391 1631 423 meos
1687 374 1944 422 relationis

254 459 496 505 brevitate
546 456 904 518 constringam3
968 452 1100 514 quod
1148 452 1278 498 enim
1325 452 1494 498 horret
1541 450 1734 496 animus
1775 450 1945 496 memi-

255 534 384 579 nisse
433 531 590 577 veloci
636 528 780 575 debet
829 542 1051 575 sermone
1091 525 1320 573 transiri..v
1386 524 1566 584 incipit
1604 524 1707 570 iam
1743 537 1947 583 respon·

255 607 366 652 dere
406 605 596 665 primae
637 601 970 664 propositioni
1009 603 1058 647 et
1097 599 1257 646 dicere
1296 597 1504 645 insidias
1545 597 1788 644 Danaum.

368 679 538 724 Fractz'
579 677 695 723 bello
734 677 943 734 fatisque
981 675 1166 733 repulsi
1203 674 1422 719 ductores
1459 671 1700 718 Danaum
1744 674 1810 717 tot
1845 672 1947 716 iam
1993 687 2001 717 1

256 753 523 799 labentibus
571 752 742 797 annis:
797 749 919 796 satis
968 747 1164 795 subtilis
1205 749 1254 793 et
1293 745 1562 792 artificiosa
1602 744 1822 791 narratio
1861 743 1947 790 ho-

254 826 400 872 minis
434 824 622 872 scilicet
651 824 775 871 victi
807 825 856 870 et
888 823 992 869 eius
1026 821 1111 882 qui
1142 821 1373 868 videatur
1404 818 1514 877 sibi,
1539 819 1640 865 suis
1674 819 1724 864 et
1753 818 1947 878 patriae

257 900 426 947 adesse
490 899 740 958 nequisse,
804 898 908 944 eius
972 897 1109 942 cuius
1166 894 1408 940 auxilium
1461 891 1645 939 Didoni
1706 891 1948 938 metuenti

256 975 420 1021 omnia
469 971 659 1035 debuit·
686 971 847 1018 videri
892 970 1248 1027 necessarium,
1301 966 1432 1029 quod
1477 967 1531 1012 in
1579 981 1715 1026 spem
1762 967 1949 1012 certam

255 1049 423 1094 venire
455 1063 554 1093 non
586 1046 769 1107 potuit,
800 1044 897 1091 nisi
928 1043 1122 1090 Aeneas
1155 1042 1316 1104 primo
1349 1054 1611 1102 personam
1644 1055 1786 1087 suam
1815 1039 1950 1085 iusta
1992 1075 1993 1078 ι

256 1122 539 1169 defensione
570 1120 847 1181 purgasset.
911 1117 996 1164 sed
1027 1117 1148 1164 haec
1181 1131 1210 1162 a
1241 1115 1433 1162 ratione
1465 1114 1705 1174 temporis
1737 1111 1950 1160 sumitur

256 1199 405 1256 atque
444 1209 705 1255 personae,
744 1207 856 1252 nos,
895 1191 1080 1251 inquit,
1130 1189 1259 1250 quod
1306 1188 1465 1252 magis
1510 1187 1669 1234 dolori
1709 1189 1805 1246 est,
1850 1201 1949 1233 non

257 1271 409 1316 fortes
457 1268 681 1315 vicerunt
727 1282 816 1313 nec
861 1265 991 1313 bello
1039 1265 1239 1311 strenui.
1319 1261 1450 1324 quod
1496 1262 1660 1322 ipsum
1706 1262 1763 1307 ut
1799 1259 1949 1307 citius

257 1342 536 1390 ostenderet
576 1344 625 1388 et
663 1340 917 1402 probaret,
965 1337 1227 1386 subnexuit
1267 1338 1616 1399 argumentum
1656 1350 1686 1382 a
1722 1349 1950 1395 persona,

256 1418 313 1463 ut
351 1416 539 1463 dictum
579 1417 674 1474 est,
715 1417 763 1461 et
800 1416 1038 1474 tempore.
1117 1427 1147 1458 a
1191 1426 1403 1472 persona
1449 1410 1540 1457 sic:
1602 1409 1751 1455 fracti
1794 1407 1988 1468 bello;1

257 1491 422 1537 nullus
463 1491 595 1536 enim
632 1489 764 1535 bello
805 1487 1056 1549 fiangitur
1085 1485 1181 1532 nisi
1215 1484 1426 1543 inbellis,
1458 1483 1624 1530 nullus
1655 1482 1787 1528 bello
1807 1481 1951 1528 fran-

258 1566 392 1627 gitur
430 1564 529 1611 nisi
567 1562 751 1609 virtute
790 1561 1078 1608 resistentis.
1158 1575 1187 1605 a
1225 1562 1448 1619 tempore
1490 1558 1580 1604 sic:
1623 1558 1700 1603 tot
1738 1555 1841 1602 iam
1879 1555 1950 1602 la·

256 1637 486 1685 bentibus
528 1636 685 1696 annis,
711 1636 946 1697 quoniam
986 1634 1039 1680 in
1078 1633 1423 1696 congressione
1462 1631 1636 1692 aperta
1673 1644 1763 1691 per
1793 1628 1974 1676 annos'f

257 1713 501 1774 plurimos
543 1711 765 1759 obtinere
805 1724 904 1756 non
942 1709 1227 1769 potuerunt.
1279 1707 1496 1767 fatisque
1527 1704 1735 1766 repulsi:
1777 1704 1975 1765 quami&

259 1785 366 1846 diu,
411 1785 600 1846 inquit,
649 1784 826 1831 Troiae
873 1783 1138 1843 imperium
1183 1781 1302 1828 fatis
1349 1777 1768 1827 consentientibus
1819 1761 1980 1831 staress

258 1861 446 1921 potuit,
514 1858 703 1919 repulsi
764 1859 880 1904 sunt
940 1857 1125 1903 virtute
1187 1857 1357 1901 nostra
1419 1853 1645 1900 ductores
1707 1835 1976 1919 Danaumfg'

259 1935 420 1981 instar
458 1934 632 1980 montis
673 1946 845 1991 equum
884 1930 1053 1977 divina
1093 1928 1317 1976 Palladis
1355 1931 1459 1974 arte
1498 1925 1761 1984 aedificant
1803 1923 1973 1978 secta-5}

261 2021 351 2067 que
387 2007 607 2054 intexunt
644 2006 794 2053 abiete
833 2008 1011 2053 costas:
1062 2017 1172 2050 ecce
1209 2002 1469 2049 inbellium
1507 1999 1718 2047 factum!
1795 2000 1971 2046 verte*

261 2083 377 2127 runt
416 2095 467 2128 se
506 2080 569 2126 ad
607 2079 829 2138 insidias,
861 2082 918 2125 ut
957 2077 1271 2138 desperatam
1308 2076 1361 2122 in
1401 2076 1574 2136 aperto
1607 2075 1766 2120 marte
1789 2063 1971 2138 victos}

260 2155 388 2202 riam
434 2153 734 2200 adminiculo
782 2152 972 2200 fraudis
1017 2150 1236 2198 obtinere
1274 2149 1565 2212 potuissent.
1643 2146 1849 2208 proinde
1889 2143 1963 2197 ads

261 2229 420 2276 instar
465 2227 648 2275 montis
696 2243 876 2287 equum
921 2225 1145 2272 Palladis
1201 2222 1465 2271 aedificant
1520 2223 1570 2268 et
1623 2220 1796 2268 divina
1845 2234 1875 2266 a

263 2305 425 2350 costas
473 2302 577 2348 eius
623 2301 864 2347 intexunt.
942 2315 1029 2346 cur
1055 2300 1242 2346 ‘autem
1279 2295 1501 2344 Palladis
1546 2295 1746 2343 nomine
1785 2265 1976 2353 aedifiss'

263 2377 402 2423 catus
442 2375 508 2422 sit
546 2374 694 2421 datur
732 2374 867 2421 color
906 2388 1002 2434 quo
1040 2374 1242 2434 possent
1278 2371 1503 2418 homines
1550 2369 1611 2416 ab
1657 2367 1840 2416 insidia
1915 2360 1958 2433 ιζ

262 2449 542 2510 suspicione
586 2447 863 2495 transduci:
917 2450 1101 2502 votum,
1146 2444 1335 2507 inquit,
1359 2475 1364 2478 -
1373 2458 1469 2504 pro
1507 2443 1666 2491 reditu
1703 2443 1830 2489 simu
1858 2461 1869 2484 ι
1912 2466 1920 2479 ,-
1947 2436 1962 2470 1·

263 2537 321 2571 ea
358 2523 498 2582 fama
536 2524 755 2581 vayatur.
833 2535 1006 2582 sparsa
1045 2521 1121 2567 est
1158 2520 1308 2582 plena
1346 2517 1536 2565 fraudis
1577 2515 1759 2578 opinio,
1806 2515 1865 2562 ut
1894 2547 1920 2556 .
1964 2517 1971 2576 J

262 2596 376 2644 illos
424 2594 588 2643 studio
634 2593 855 2642 bellandi
901 2594 1126 2655 deposito
1172 2592 1418 2640 redituros
1458 2589 1660 2638 Troiani
1699 2588 1885 2636 credor
1909 2610 1927 2628 ι·
1963 2577 1990 2603 ⁸

264 2673 313 2717 et
359 2670 411 2716 in
457 2684 658 2716 munere
714 2667 847 2729 quod
900 2668 1055 2715 veluti
1100 2666 1162 2715 ob
1211 2665 1428 2714 reditum
1481 2665 1679 2711 fuerant
1731 2662 1851 2710 relic
1886 2681 1918 2712 ιι,
1943 2677 1957 2723 j

383 2931 409 2970 9
443 2926 599 2971 omnia
621 2924 708 2968 LR
733 2939 818 2981 per
848 2938 887 2969 ο.
913 2925 986 2971 ed.
1079 2930 1130 2968 11
1158 2938 1244 2981 per
1274 2922 1486 2980 temporis
1509 2921 1595 2964 LR
1621 2934 1706 2977 per
1728 2933 1911 2976 θχρη,

264 2985 578 3091 ἷέρῗξάἔΜ
607 2988 681 3088 62ᾱέ
713 2984 948 3051 inbellium
980 2983 1022 3026 R
1051 2985 1103 3028 in
1134 2984 1298 3028 bellum
1328 2982 1364 3024 L
1389 2981 1469 3075 ed,
1556 3012 1558 3014 -
1585 2984 1639 3024 32
1671 2980 1726 3024 ob
1756 2978 1868 3077 redi
1904 2992 1910 3029 ζ,
