2014 3226
590 721 964 781 AENEIDOS
1004 727 1224 781 LIBER
1264 729 1333 782 II.

227 853 418 900 Memor
454 855 602 913 poeta
642 853 967 914 superiorum,
1007 853 1242 912 quoniam
1282 852 1464 912 dixit(
1462 847 1525 913 '11‚
1552 849 1733 919 725),
1738 855 1805 914 ‚fit

114 927 352 988 strepitus
405 927 551 973 tectis
605 941 874 987 vocemque
928 942 1017 986 per
1064 927 1232 987 ampla
1279 859 1506 974 volutant
1554 927 1711 975 atria“
1759 932 1806 975 et

116 995 190 1067 (1,
219 994 392 1066 740),
398 1000 604 1059 ,eithara
636 1001 843 1047 crinitus
883 999 1030 1061 Iopas
1062 1000 1324 1061 persona&
1359 1005 1407 1048 et
1440 998 1512 1067 (1,
1542 996 1716 1067 747),
1720 1003 1805 1062 ,in-

115 1054 372 1139 geminant
417 1075 596 1135 plausu
644 1074 786 1135 Tyrii
832 1074 1080 1135 Troesque
1128 1079 1419 1135 sequuntur,
1475 1091 1562 1123 nee
1612 1092 1710 1123 non
1759 1080 1806 1123 et

71 1165 90 1197 5
116 1149 254 1197 vario
301 1151 498 1196 noctem
545 1163 769 1196 sermone
814 1147 1047 1195 trahebat
1092 1148 1264 1195 infelix
1304 1147 1477 1210 Dido“,
1526 1150 1687 1211 eoepit
1734 1165 1807 1197 se-

117 1222 331 1270 cundum
370 1222 554 1270 librum
593 1224 860 1269 conticuere
898 1236 1076 1275 omnes,
1109 1222 1250 1283 Tyrii
1290 1222 1476 1270 scilieet
1508 1227 1557 1270 et
1590 1223 1806 1281 Troiani,

117 1297 203 1359 qui
251 1296 539 1358 strepebant
583 1296 788 1344 vocibus
830 1298 879 1343 et
917 1296 1118 1357 plausu,
1167 1296 1314 1357 Iopas
1354 1313 1548 1358 quoque
1590 1300 1637 1344 et
1678 1297 1806 1344 Dido

19 1362 30 1367 ’
81 1427 87 1432 ,
116 1373 240 1433 ipsa.
313 1370 505 1417 addidit
544 1372 697 1418 etiam
735 1371 998 1429 intentique
1036 1384 1125 1418 ora
1163 1371 1407 1418 tenebant:
1446 1375 1494 1418 et
1532 1375 1807 1430 tacuerunt,

117 1445 296 1507 inquit,
330 1448 379 1492 et
410 1444 653 1492 desiderio
686 1444 994 1492 ducebantur
1025 1444 1272 1491 audiendi.
1330 1447 1592 1492 tacuerunt
1622 1446 1808 1506 partim

49 1535 93 1567 10
116 1522 322 1581 propter
361 1520 464 1566 eius
503 1518 933 1566 honorificentiam
972 1520 1060 1580 qui
1098 1519 1261 1565 fuerat
1300 1519 1575 1579 locuturus,
1622 1519 1807 1581 partim

117 1593 236 1655 quia
281 1608 419 1640 mens
464 1592 722 1640 hominum
769 1592 910 1640 novis
955 1592 1239 1639 fabularum
1286 1592 1680 1640 contextionibus
1727 1593 1807 1640 de-

116 1668 331 1715 lectatur
377 1670 427 1714 et
468 1668 642 1731 regina
679 1667 878 1714 volente
919 1667 1088 1714 audim
1127 1666 1364 1714 debuerat
1403 1666 1626 1714 exhiberi
1661 1667 1807 1714 silen-

116 1743 268 1801 tium,
322 1757 383 1788 ne
437 1741 724 1802 loquentem
776 1741 1060 1802 inpedirent
1114 1743 1163 1788 et
1216 1739 1548 1788 desideratum
1598 1740 1807 1787 Didonis

120 1814 346 1862 auditum
392 1815 692 1862 elamoribus
737 1818 1040 1863 revocarent.
1118 1815 1230 1862 inde
1277 1818 1378 1862 toro
1424 1818 1570 1874 pater
1615 1813 1810 1862 Aeneas

52 1906 93 1938 15
117 1891 188 1937 sie
225 1903 368 1936 orsus
405 1890 466 1936 ab
513 1890 611 1936 alto
659 1890 857 1938 silentio
904 1890 1060 1937 facto:
1106 1888 1221 1936 inde
1266 1889 1360 1936 hoe
1400 1893 1473 1936 est
1513 1904 1570 1935 ex
1608 1889 1717 1935 loeo
1757 1890 1807 1934 in

122 1979 216 2025 quo
257 1963 612 2023 discumbebat,
652 1966 802 2025 atque
842 1979 900 2011 ex
940 1962 1204 2011 altitudine
1242 1964 1356 2025 tori,
1395 1963 1524 2010 unde
1564 1965 1613 2009 et
1650 1961 1809 2009 videri

118 2039 363 2099 potuisset
402 2040 452 2084 et
490 2037 667 2085 melius
707 2038 883 2085 audiri.
960 2038 1237 2097 infandum,
1277 2039 1462 2096 reyina,
1500 2037 1637 2084 iubes
1673 2050 1809 2082 ‘reno-

118 2126 236 2159 vare
289 2112 526 2167 dolorem,
585 2111 830 2159 Troianas
882 2116 939 2159 ut
989 2125 1101 2170 opes
1155 2114 1199 2158 et
1249 2111 1555 2158 lamentabile
1606 2124 1810 2170 reynum

121 2187 336 2232 eruerint
378 2185 552 2233 Danai
606 2199 822 2245 quaeque
895 2188 1000 2246 ipse
1044 2186 1320 2232 miserrima
1359 2184 1466 2232 vidi
1513 2187 1557 2231 et
1598 2198 1805 2243 quorum
1828 2188 1853 2226 5

24 2274 26 2276 ’
54 2275 98 2308 20
113 2273 241 2319 pars
277 2274 460 2318 nzayna
489 2260 590 2327 fut}
629 2261 738 2319 quis
769 2260 892 2308 talia
922 2259 1076 2319 fando
1107 2259 1479 2319 Myrmidonum
1509 2258 1811 2317 Dolopumve

121 2337 210 2380 aut
261 2334 376 2380 dwri
426 2334 564 2381 miles
618 2334 754 2382 Ulissi
805 2337 1032 2394 temperet
1078 2348 1112 2380 a
1156 2333 1406 2381 lacrimis?
1482 2336 1525 2380 et
1568 2333 1671 2379 iam
1714 2345 1811 2378 11011

120 2407 291 2455 umida
331 2408 458 2454 eaelo
488 2409 787 2468 praeeipttat
821 2408 1120 2466 suadentque
1158 2407 1381 2454 cadentia
1411 2406 1575 2453 sidera
1603 2419 1809 2452 somnos.

119 2482 205 2528 sed
257 2483 302 2528 st
354 2485 520 2528 tantus
572 2495 712 2530 amor
763 2495 906 2530 casus
959 2494 1236 2542 coynoscere
1286 2483 1475 2528 nostros
1522 2483 1565 2527 et
1609 2479 1812 2526 breviter
1830 2482 1884 2520 10

35 2562 46 2596 .’
126 2555 302 2603 Troiae
339 2569 621 2615 supremum
658 2556 835 2604 audire
872 2555 1100 2610 laborem,
1139 2568 1435 2614 quamquam
1473 2555 1669 2601 aninms
1715 2567 1809 2599 me-

23 2688 41 2770 ‘TU-¹-

23 2635 100 2699 {25
121 2630 320 2677 mmisse
356 2630 518 2677 horret
554 2630 775 2690 luctuque
805 2645 833 2676 1·
836 2630 998 2690 efuqit,
1029 2630 1276 2688 incipiam.
1335 2627 1635 2676 narrationis
1666 2625 1810 2673 istius

245 2789 267 2828 1
295 2789 434 2840 poeta
464 2798 554 2828 om
579 2785 690 2830 edF.
813 2789 841 2827 4
869 2785 1086 2840 plausum
1118 2783 1227 2837 LR,
1259 2786 1310 2827 at
1339 2783 1389 2826 in
1421 2782 1441 2824 I
1466 2783 1654 2838 plausu,
1685 2779 1812 2837 quod

122 2842 256 2887 nulla
285 2839 674 2900 interpretatione
706 2843 924 2888 obstante
955 2843 1278 2900 recipiendum
1307 2841 1484 2899 putavi
1620 2844 1672 2883 11
1706 2852 1810 2883 con-

123 2903 390 2947 tectiondms
419 2902 473 2948 R.
568 2907 623 2947 19
656 2917 830 2961 quoque
851 2902 893 2945 R
923 2915 1038 2946 corr.
1062 2917 1098 2946 r.
1192 2906 1246 2945 21
1281 2901 1368 2959 my
1368 2901 1434 2945 ssi
1463 2898 1534 2943 ed.
1562 2900 1571 2955 Ι
1597 2902 1814 2955 temperat

70 2971 76 2975 ⁴
123 2961 224 3015 LR,
256 2963 308 3005 at
335 2961 462 3006 infra
492 2963 541 3006 et
571 2965 656 3006 361
690 2966 922 3018 temperet
944 2961 1071 3018 quod
1101 2961 1179 3004 hie
1210 2972 1398 3017 quoque
1427 2952 1573 3002 habet
1602 2972 1637 3000 r.

214 3043 311 3076 Don.
333 3045 492 3084 intenrp
515 3044 789 3085 Ver..g.ov11
1402 3035 1456 3076 10
