2014 3226
239 188 348 240 210
705 186 937 230 DONATI
966 186 1247 229 INTERPR.
1280 185 1459 230 VERG.

150 334 237 372 445
257 330 491 390 quoniam
530 328 773 388 paulatim
815 325 1156 373 ascendebant.
1222 327 1551 374 Dardanidae
1583 331 1749 374 contra
1780 329 1933 374 turris

240 417 297 450 ae
335 406 432 449 tota
471 402 723 448 domorum
763 401 977 447 culmina
1016 399 1308 447 convellunt:
1346 402 1518 461 nostri,
1557 402 1736 461 inquit,
1769 400 1929 448 dirue-

238 476 361 522 bant
399 475 550 522 turris
591 477 639 521 et
680 474 937 521 domorum
974 473 1131 520 ruinis
1169 489 1258 535 pro
1290 474 1403 521 telis
1437 474 1717 521 utebantur.
1782 489 1931 523 causa

239 552 405 596 autem
446 548 674 595 diruendi
713 548 833 594 haec
874 547 1174 608 ostenditur3
1223 548 1481 595 constabat
1521 549 1651 595 enim
1691 548 1929 596 Troianos
1991 607 1994 611 Ι

238 639 337 670 11011
376 626 506 669 recte
548 638 708 684 agere,
740 624 796 668 ut
834 621 1003 668 domui
1041 623 1172 684 regis
1212 637 1387 668 manus
1426 621 1634 669 infestas
1674 623 1930 683 inferrent,

238 697 420 744 idcirco
470 696 595 742 dixit
640 696 717 743 leis
762 710 833 750 se,
875 696 1068 755 quando
1107 697 1281 742 ultima
1321 699 1541 751 cernunt,
1584 700 1792 744 eoetrema
1829 698 1931 744 iam
1990 707 1995 734 τ

237 773 291 817 in
337 773 485 817 morte
523 773 715 828 parant
759 770 1012 828 defendere
1059 769 1176 816 telis.
1262 771 1481 817 extrema
1527 771 1629 816 iam
1674 771 1727 816 in
1772 772 1932 818 morte
1990 778 1991 781 ’

239 845 520 903 constituti,
568 844 755 905 inquit,
803 843 997 890 nullum
1035 844 1137 890 iam
1177 845 1430 903 sperantes
1468 843 1573 890 fore
1614 845 1932 904 superstitem

239 918 318 965 cui
366 917 600 964 deberent
645 917 735 964 illa
780 918 1024 964 reservari
1071 916 1357 975 diruebant,
1407 932 1467 963 ne
1515 919 1784 965 instantem
1830 917 1932 965 vim

237 994 441 1053 possent
486 992 567 1039 vel
607 992 799 1038 morari
844 991 1070 1038 faciendo
1119 993 1209 1038 aut
1254 991 1496 1039 ultionem
1543 991 1764 1052 aliquam
1819 1006 1930 1039 con-

238 1065 378 1127 sequi
417 1065 475 1112 de
516 1066 763 1113 violentis.
840 1066 1031 1112 interea
1071 1065 1190 1126 quia
1228 1065 1385 1113 scalas
1427 1065 1567 1126 dixit,
1598 1081 1699 1113 non
1732 1067 1932 1113 tantum

237 1140 395 1201 pluris
444 1139 663 1187 adseruit
709 1155 881 1187 verum
930 1140 1080 1186 etiam
1128 1139 1297 1186 docuit
1341 1139 1528 1200 plurali
1574 1154 1779 1187 numero
1833 1139 1933 1186 dici

239 1216 478 1275 oportere.
557 1213 700 1260 docet
737 1213 830 1260 1100
870 1213 1021 1260 etiam
1061 1211 1327 1260 Sallustius
1369 1213 1454 1274 qui
1494 1214 1566 1260 ait
1606 1207 1734 1279 (Iug.
1763 1214 1847 1274 60,
1875 1207 1931 1279 7)

239 1291 535 1349 „postquam
581 1303 708 1334 unae
756 1290 906 1348 atque
954 1287 1140 1334 alterae
1187 1287 1348 1335 scalae
1397 1289 1733 1335 comminutae
1773 1286 1931 1335 sunt“.
1988 1298 1991 1347 ξ

237 1362 359 1408 11300
399 1377 515 1425 ergo
549 1359 726 1408 Graeci
765 1361 1030 1421 faciebant,
1070 1360 1199 1408 redit
1239 1361 1300 1407 ad
1334 1361 1596 1409 Troianos:
1637 1365 1934 1421 auratasque
1988 1356 1991 1365 ’

238 1437 410 1491 trabes,
451 1439 662 1483 veterum
701 1436 874 1483 deeora
911 1436 1002 1483 ula
1023 1438 1291 1494 parentum
1322 1434 1592 1482 devolvunt.
1655 1435 1793 1482 nulla
1823 1436 1931 1496 pul—

239 1509 466 1558 chritudo
505 1510 741 1569 locorum,
773 1509 913 1556 nulla
952 1508 1161 1556 firmitas
1202 1509 1367 1556 fuerat
1404 1511 1682 1557 necessaria
1719 1510 1935 1557 turrium

240 1585 391 1645 atque
439 1585 685 1631 tectorum
731 1583 821 1630 ubi
869 1582 1156 1630 occurrebat
1203 1583 1379 1630 salutis
1419 1583 1598 1630 ultima
1637 1583 1934 1644 desperatio.

238 1658 330 1705 hoc
378 1658 677 1706 extrinsecus
727 1659 777 1705 et
822 1659 875 1704 in
922 1656 1259 1718 superioribus
1300 1656 1563 1720 agebatur,
1602 1656 1733 1704 redit
1772 1657 1836 1704 ad
1875 1673 1934 1705 ea

241 1747 367 1793 quae
400 1733 539 1779 extra
577 1732 706 1780 fores
745 1731 826 1779 vel
865 1732 1160 1778 intrinsecus
1202 1730 1491 1793 agebantur.
1561 1732 1634 1778 ait
1673 1732 1805 1778 0111111
1844 1731 1934 1780 alii

151 1810 238 1849 450
255 1808 435 1854 strictis
469 1807 780 1854 mucronibus
811 1807 940 1853 imas
970 1806 1190 1853 obsedere
1220 1807 1364 1865 foreS,
1395 1806 1486 1852 has
1515 1809 1713 1852 servant
1742 1807 1934 1865 aymine

242 1881 413 1928 denso:
474 1881 561 1941 qui
606 1881 660 1926 in
708 1879 1042 1941 superioribus
1090 1879 1290 1926 fuerant
1333 1878 1583 1926 iaciebant
1630 1878 1934 1940 ponderosos

239 1955 383 2015 ictus,
421 1956 481 2001 ut
520 1956 771 2002 scutorum
809 1953 1108 2002 testudinem
1147 1955 1450 2014 rumperent,
1483 1954 1571 2014 qui
1602 1955 1772 2001 autem
1802 1953 1933 2001 fores

239 2029 448 2075 interius
496 2027 790 2075 obsederant
833 2027 1162 2076 observabant
1201 2028 1392 2088 paratis
1433 2027 1496 2073 ad
1533 2041 1703 2074 necem
1741 2042 1932 2076 mucro-

240 2101 402 2162 nibus,
440 2102 512 2160 ut,
552 2102 594 2149 si
633 2101 797 2149 hostes
839 2101 1030 2149 aditum
1066 2102 1417 2162 perforassent,
1456 2101 1510 2149 in
1547 2100 1668 2162 ipsis
1700 2102 1974 2164 ingressi-s

241 2175 332 2224 bus
371 2177 722 2223 mactarentur.

352 2249 632 2298 Instaurati
663 2251 819 2298 animi
847 2251 974 2309 reqis
1005 2263 1286 2298 succurrere
1318 2250 1450 2296 tectis
1473 2249 1750 2308 auoeilioque
1774 2249 1934 2297 levare

241 2324 373 2371 viros
410 2325 601 2382 vimque
640 2324 818 2371 addere
855 2325 1016 2374 victis:
1054 2323 1367 2383 constitutae,
1404 2323 1584 2384 inquit,
1622 2322 1675 2369 in
1712 2321 1935 2384 periculo

241 2395 505 2444 manifesto
546 2395 716 2444 debuit
754 2396 923 2444 domui
961 2398 1128 2460 regiae
1169 2395 1420 2444 subveniri
1458 2398 1522 2456 et,
1552 2396 1671 2444 licet
1708 2395 1838 2444 vires
1874 2411 1934 2444 ex
1971 2455 1977 2466 Ι

362 2527 387 2564 2
419 2527 534 2566 tecta
564 2535 648 2579 pro
681 2527 775 2567 tota
808 2523 878 2567 ed.
977 2526 1001 2564 3
1030 2536 1117 2578 pro
1148 2523 1248 2567 telis
1272 2536 1360 2566 om.
1378 2522 1420 2564 R
1444 2522 1550 2566 add.
1576 2522 1626 2564 111
1649 2534 1844 2579 marga

243 2585 270 2624 8
302 2581 559 2625 constitutis
589 2581 675 2624 LR
706 2583 940 2626 constituti
969 2581 1005 2624 L
1031 2581 1074 2624 11
1096 2595 1220 2625 man.
1253 2596 1288 2624 1.
1434 2585 1459 2624 9
1490 2596 1547 2626 ne
1578 2580 1664 2624 LR
1695 2581 1766 2625 0(1.
1797 2585 1851 2624 ut
1878 2578 1921 2624 1
1919 2579 1979 2639 ,111

243 2640 326 2684 sed
356 2639 472 2683 Don.
505 2654 562 2684 ne
590 2639 681 2684 hac
710 2641 894 2684 ratione
925 2640 1134 2697 positum
1166 2641 1439 2697 saepissime
1470 2640 1828 2684 habet-..10
1857 2615 1972 2708 fagi,
1949 2625 1978 2676 ’ἔὲ

242 2700 399 2744 ciendo
431 2698 518 2742 LR
549 2699 618 2743 ed.
652 2700 862 2744 iaciendo
891 2714 917 2743 r
945 2701 1000 2743 ut
1031 2713 1182 2756 supra.
1278 2705 1330 2744 11
1363 2701 1483 2744 inter
1483 2713 1537 2744 ea
1559 2699 1646 2742 LR
1668 2713 1822 2744 verum
1849 2713 1886 2743 r.
1921 2679 1974 2760 142³·

244 2759 355 2814 quia
385 2757 472 2800 LR
501 2758 623 2815 quod
653 2758 759 2816 0(1.Ι
786 2759 924 2803 scalis
952 2759 994 2801 R
1024 2759 1174 2804 scalas
1203 2773 1227 2801 r
1249 2781 1306 2796 =
1330 2759 1379 2802 L.
1516 2762 1570 2801 13
1602 2758 1684 2814 qui
1713 2757 1800 2801 LR
1829 2748 1963 2802 eund

243 2817 314 2860 ed.
439 2820 496 2860 14
526 2823 823 2862 commutatae
855 2817 925 2862 ed.
1050 2822 1105 2862 16
1136 2818 1222 2862 illa
1251 2818 1338 2862 LR
1369 2818 1466 2862 alta
1497 2817 1568 2862 0(1.
1699 2820 1752 2860 17
1786 2817 1953 2861 locum.

243 2876 329 2919 LR
360 2877 559 2920 locorum
579 2891 604 2921 1·
628 2876 699 2921 ed.
801 2880 856 2920 20
888 2882 1018 2921 extra
1041 2877 1128 2920 LR
1151 2877 1244 2920 0(1.·
1276 2890 1336 2921 ne
1360 2876 1465 2934 quis
1490 2877 1759 2933 corruptum
1781 2876 1942 2932 putet,

245 2935 307 2978 ad
323 2933 524 2980 Graecos
541 2935 725 2979 aditum
747 2937 1034 2992 temptantes
1050 2935 1346 2980 referendum
1362 2948 1463 2979 esse
1478 2948 1658 2979 moneo,
1752 2938 1806 2978 27
1831 2946 1959 2999 suc-„5

243 2994 417 3039 cuvrire
447 2994 545 3038 LR.
639 2999 694 3038 29
727 2995 963 3049 manifeste
995 2995 1102 3052 0(1.Ι
1129 2996 1242 3040 viris
1268 2994 1310 3038 R
1339 2995 1457 3039 vires
1486 3008 1509 3037 1·
1533 3016 1588 3031 =
1613 2993 1661 3038 L.
