2014 3226
811 150 1113 194 AENEIDOS
1146 151 1166 194 I
1765 151 1833 202 89

143 309 311 342 versae
360 307 494 340 arces
541 292 654 339 inde
702 291 1011 352 apparebant
1058 291 1149 339 hoc
1197 293 1271 338 est
1318 291 1538 338 obiectae
1587 291 1743 339 oculis
1787 295 1837 339 et

145 370 314 415 contra
351 368 545 428 positae
582 366 636 412 in
676 366 815 412 collis
856 366 989 412 edito
1034 366 1201 412 stanti.
1275 365 1388 412 inde
1421 365 1613 412 Aeneas
1654 381 1836 428 magna

144 457 253 490 cuni
279 441 608 488 admiratione
641 439 872 487 cernebat
905 440 1155 500 operantis
1189 439 1428 501 plurimos
1460 441 1513 486 in
1546 455 1604 487 ea
1635 441 1835 503 regione

142 517 194 562 in
235 530 332 575 qua
371 530 471 562 non
509 514 720 575 putabat
761 514 978 574 aliquem
1019 515 1326 560 commorari.
1393 513 1576 560 idcirco
1617 515 1836 575 positum

99 606 117 637 5
143 592 218 637 est
268 591 479 635 miratur
532 589 702 636 molem»
756 587 972 642 Aeneas,
1027 589 1245 646 massalia
1300 588 1569 646 quondam,
1625 589 1838 635 miratur

134 666 306 723 portas
337 662 682 722 strepitumque
714 666 756 709 et
785 665 942 709 strata
974 662 1181 709 viarum.
1235 661 1355 708 haec
1387 662 1688 725 generaliter
1720 663 1838 709 sunt

141 738 327 798 posita,
368 752 535 784 omnes
577 738 708 782 enim
748 735 858 783 viae
899 735 1179 795 fervebant,
1221 738 1397 796 portae
1438 751 1604 783 omnes
1646 739 1695 783 et
1734 751 1835 783 om-

141 812 278 858 nium
312 826 437 871 quae
470 811 601 857 inter
632 812 890 858 universos
923 810 1225 873 gerebantur
1257 812 1494 871 strepitus
1519 809 1834 871 personabat.

141 886 243 932 itur
287 886 391 932 iam
439 901 527 946 per
566 884 751 946 species
792 900 998 946 operum
1038 887 1087 931 et
1127 885 1461 945 operantium:
1523 886 1710 932 instant
1756 899 1837 931 ar-

78 975 119 1008 10
142 960 301 1007 dentes
343 959 388 1004 Τ
384 960 505 1019 urii:
558 958 830 1006 laudantur
869 958 956 1020 qui
996 975 1096 1006 non
1135 958 1285 1006 inviti
1331 958 1640 1005 laborabant.
1709 972 1838 1017 pars

142 1033 311 1080 ducsre
349 1048 514 1080 muros
553 1034 805 1092 molirique
844 1047 1028 1079 arcem:
1087 1032 1342 1095 curabant,
1382 1033 1563 1094 inquit,
1602 1033 1835 1094 primitus

143 1122 266 1168 quae
313 1107 549 1155 adversus
596 1108 753 1155 hostis
802 1108 1167 1155 conservationi
1213 1107 1390 1154 salutis
1436 1107 1636 1154 fuerant
1673 1122 1836 1154 neces-

143 1183 287 1230 saria.
345 1183 574 1229 manibus
604 1182 882 1228 subvolvere
913 1196 1060 1228 saxa:
1099 1196 1189 1228 nec
1219 1181 1535 1228 terrebantur
1567 1182 1836 1242 asperitate

142 1255 378 1317 operandi
425 1258 476 1303 et
521 1255 748 1303 manibus
797 1257 898 1303 suis
947 1271 1066 1302 saxa
1104 1255 1373 1303 volvebant
1412 1255 1570 1316 quieti
1608 1254 1836 1316 publicae

77 1346 118 1379 15
141 1329 419 1391 profutura.
487 1344 617 1389 pars
666 1333 833 1389 optare
882 1330 1038 1376 locum
1088 1333 1200 1377 tecto
1249 1332 1293 1377 et
1337 1329 1616 1377 concludere
1668 1329 1926 1376 sulca-425

142 1403 355 1451 secundo
394 1404 502 1451 loco
542 1405 741 1466 privata
782 1403 1008 1451 aedificia
1048 1404 1362 1452 curabantur.
1428 1406 1541 1451 iura
1580 1405 1838 1463 mayistra-

141 1482 309 1538 tusque
348 1479 511 1538 legyunt
547 1483 861 1537 sanctumque
899 1482 1144 1525 senatum:
1184 1471 1577 1540 disponebantur
1613 1478 1748 1540 leges
1789 1479 1838 1524 et

141 1553 350 1600 honores
398 1552 607 1600 curiales
656 1555 706 1599 et
751 1554 861 1613 ipsa
902 1554 1053 1599 curia.
1131 1553 1207 1600 hic
1236 1556 1413 1612 portus
1453 1553 1543 1600 alii
1582 1552 1838 1611 effodiunt:

142 1629 192 1674 et
228 1626 321 1674 hoc
358 1628 577 1688 pertinet
617 1627 679 1674 ad
720 1627 934 1675 salutem
967 1627 1241 1687 salutisque
1274 1626 1565 1675 subsidium.
1628 1627 1704 1674 hic
1736 1626 1838 1673 alta

77 1716 120 1748 2⁰
143 1702 314 1748 theatri
360 1702 684 1761 fundamenta
730 1702 891 1749 locant
936 1701 1048 1748 alii:
1100 1702 1216 1762 post
1262 1702 1430 1749 omnia
1470 1715 1596 1762 quae
1635 1702 1839 1761 possent

144 1776 301 1835 quieti
330 1775 558 1836 publicae
592 1776 671 1823 vel
703 1775 856 1823 saluti
887 1774 967 1822 vel
997 1774 1266 1823 honoribus
1299 1775 1569 1822 curialibus
1601 1773 1837 1836 proficere

143 1848 200 1895 de
240 1849 584 1910 voluptatibus
625 1850 776 1896 etiam
817 1852 867 1896 et
906 1849 965 1896 de
1005 1848 1243 1897 scaenicis
1292 1849 1483 1896 deliciis
1532 1848 1838 1911 cogitabant,

145 1923 275 1984 quod
311 1939 412 1971 non
450 1923 507 1970 fit
546 1925 644 1972 nisi
681 1925 735 1971 in
775 1939 832 1971 ea
865 1924 1068 1971 civitate
1099 1925 1154 1969 in
1186 1939 1285 1984 qua
1318 1925 1478 1972 otiosa
1509 1924 1625 1971 sunt
1657 1924 1838 1980 omnia,

143 1997 273 2058 quod
312 1997 509 2044 Aeneae
556 1999 724 2045 fuerat
769 1997 1114 2045 necessarium.
1193 1997 1298 2045 alta
1342 1998 1669 2045 fundamenta
1711 1996 1838 2055 ideo,

78 2085 120 2118 25
144 2071 263 2132 quia
290 2073 462 2134 magni
494 2071 655 2134 operis
686 2073 841 2120 moles
875 2073 1064 2134 coeptis
1096 2071 1243 2119 debet
1272 2073 1557 2121 fortissimis
1591 2071 1837 2119 sustineri.

146 2146 448 2205 inmanisque
487 2147 737 2194 columnas
776 2147 983 2206 rupibus
1023 2146 1260 2200 ewaldum-t,
1300 2148 1490 2194 scaenis
1528 2146 1701 2194 deeora
1737 2146 1839 2193 alta

76 2223 79 2226 ’
142 2219 339 2278 futuris,
377 2222 435 2267 ut
471 2236 571 2268 non
608 2223 807 2268 tantum
844 2220 1032 2268 theatri
1070 2222 1210 2283 gesta
1248 2222 1482 2269 iuvarent
1511 2235 1837 2280 unumquem-

146 2309 239 2354 que
284 2310 457 2341 verum
504 2293 656 2342 etiam
704 2296 932 2356 aspectus
979 2294 1303 2356 pulcherrimi
1350 2296 1513 2356 operis
1553 2294 1836 2341 delectaret.

144 2367 303 2426 qualis
349 2383 465 2427 apes
510 2372 688 2416 aestate
732 2383 861 2416 nova
898 2383 993 2428 per
1030 2371 1180 2427 florea
1219 2383 1343 2417 rura
1382 2372 1562 2417 exercet
1598 2368 1688 2416 sub
1725 2366 1824 2415 sole
1841 2367 1929 2407 430

78 2454 124 2490 ω
145 2441 294 2495 labor,
341 2457 451 2490 eum
493 2445 650 2503 ycntis
689 2442 881 2490 adultos
921 2443 1130 2491 educunt
1164 2443 1293 2502 fetus
1332 2447 1420 2492 aut
1457 2458 1566 2490 ewm
1605 2443 1839 2502 liquentia

263 2615 289 2654 ·2
321 2617 491 2657 stantes
523 2613 594 2656 ed.
699 2618 724 2656 3
757 2627 943 2658 cernens
974 2614 1045 2658 ed.
1147 2619 1173 2657 5
1207 2613 1446 2672 maynalia
1475 2612 1564 2656 LR
1595 2626 1708 2656 corr.
1742 2627 1776 2656 r.

149 2673 203 2713 10
234 2672 314 2727 qui
336 2671 423 2714 LR
454 2673 566 2728 quia
597 2673 669 2716 ed.
764 2677 819 2716 13
850 2674 1065 2717 manibus
1087 2672 1174 2715 LR
1205 2678 1247 2717 et
1277 2687 1333 2716 m.
1361 2672 1433 2716 ed.
1529 2676 1584 2714 14
1615 2672 1841 2728 operandi

146 2728 232 2772 LR
255 2730 500 2775 laborandi
531 2731 602 2776 ed.
698 2737 750 2775 17
785 2731 1088 2788 disponebant
1119 2732 1190 2776 ed.
1285 2735 1340 2776 18
1373 2732 1523 2788 ipsam
1552 2732 1733 2776 curiam
1765 2731 1837 2775 ed.

235 2793 290 2832 21
324 2791 486 2845 quietis
517 2791 589 2834 ed.
618 2791 625 2849 1
651 2791 891 2835 honor-ales
922 2791 965 2834 R
994 2792 1235 2835 honorules
1257 2790 1293 2833 L
1325 2791 1573 2836 honoribus
1603 2790 1676 2835 ed.
1700 2791 1838 2835 hono-

147 2847 274 2892 ribus
302 2850 556 2894 curialibus
586 2863 684 2894 nos.
778 2854 833 2893 22
865 2850 1003 2894 etiam
1026 2850 1116 2893 LR
1146 2852 1242 2894 iam
1273 2849 1345 2894 ed.
1374 2852 1380 2907 1
1409 2850 1628 2894 scaenicis
1658 2863 1747 2893 om.
1765 2850 1838 2893 ed.

237 2911 292 2950 25
323 2913 502 2964 coeptu-3
533 2908 620 2952 LR
645 2909 932 2965 pedamentis
963 2909 1033 2953 ed.
1067 2911 1234 2966 coeptis
1264 2924 1287 2952 r
1316 2923 1401 2953 nos
1434 2907 1492 2952 cf.
1528 2913 1568 2963 7,
1595 2913 1694 2952 125.
1723 2911 1730 2966 Ι
1765 2910 1839 2953 de-

148 2964 251 3009 bent
280 2967 351 3010 ed.
473 2972 529 3012 26
561 2969 771 3013 excamis
799 2967 855 3013 R.

35 2566 81 3226 ΜΜΜσ-οςὲ4
