2014 3226
159 224 262 274 158
621 220 852 263 DONATI
882 216 1162 262 INTERPR.
1195 219 1372 263 VERG.

156 379 294 415 suam
334 361 617 423 plenissime
659 360 1033 406 demonstraret.
1096 360 1188 406 hoe
1227 361 1518 421 argumento
1563 358 1694 420 quod
1733 374 1843 405 sua-

155 435 302 483 debat
355 435 588 495 inplevit,
643 437 698 480 ut
754 433 959 479 Troiani
1013 433 1267 480 crederent
1321 432 1514 494 reliqua
1566 448 1685 479 vera
1740 448 1844 480 esse

155 511 413 556 dicturum.
491 508 669 568 incipit
709 522 880 554 causas
921 506 1176 554 ostendere
1221 508 1509 554 cessationis
1557 521 1674 554 suae
1722 499 1844 571 (non

155 584 285 629 enim
325 598 535 629 vacuum
574 581 673 627 fuit
710 583 769 627 ut
806 579 1148 627 recedentibus
1189 580 1415 627 omnibus
1457 578 1659 627 Graecis
1708 580 1842 627 solus

154 660 257 717 ipse
311 658 413 703 sine
470 656 638 715 aliqua
692 655 885 701 ratione
940 647 1225 718 mansisset)
1282 655 1332 700 et
1386 653 1448 700 ad
1501 653 1630 700 hane
1682 655 1843 714 ipsam
1889 671 1911 703 5

154 735 343 791 partem
392 730 527 775 ducit
575 745 631 775 ex
672 728 774 775 alto
814 728 1136 790 principium⁷
1173 729 1227 774 -in
1268 743 1367 789 quo
1408 728 1513 775 sine
1554 727 1702 775 dubio
1746 728 1844 774 fuit

153 804 323 850 fabula
372 802 596 850 omnibus
645 804 764 849 nota
810 801 1115 862 perindeque
1154 817 1285 850 vera.
1365 801 1448 848 sed
1486 801 1579 848 hae
1619 803 1843 862 exposita

152 880 202 923 in
257 879 420 938 prima
474 879 615 937 parte
671 875 925 922 subiunxit
978 875 1129 935 falsa,
1185 891 1282 937 quo
1338 875 1484 922 facile
1532 875 1662 921 illud
1709 875 1842 935 quod

153 953 410 1012 conposito
451 949 785 997 mentiebatur
823 950 956 996 credi
995 949 1251 1010 potuisset.
1314 950 1485 1010 itaque
1527 950 1843 1011 coniungitur

152 1024 303 1083 fando
366 1024 563 1083 aliquod
623 1025 666 1070 si
725 1025 848 1082 forte
888 1027 998 1071 tuas
1047 1025 1270 1082 pervenit
1322 1025 1389 1070 ad
1442 1025 1583 1070 auris
1636 1022 1842 1070 Belidae
1869 1042 1910 1072 ιο

154 1114 323 1144 nomen
359 1098 640 1145 Palamedis
687 1101 730 1145 et
773 1098 940 1144 inc-lita·
986 1098 1124 1156 fama
1167 1098 1348 1157 storia,
1398 1112 1536 1156 quem
1581 1098 1715 1156 falsa
1753 1098 1841 1144 sub

144 1173 417 1231 proditione
455 1172 650 1231 Pelasyi
686 1173 922 1218 <insontem
961 1172 1168 1230 ‘infando
1206 1172 1398 1226 indicio,
1440 1172 1556 1230 quia
1597 1171 1720 1218 Bella
1766 1185 1840 1217 ve-

65 1252 119 1289 85
154 1248 298 1301 tabat,
333 1246 562 1293 demisere
591 1247 709 1300 neeis.
742 1260 871 1292 mmo
903 1260 1096 1292 cassum
1127 1246 1308 1292 lumine
1339 1245 1523 1304 luyent:
1562 1243 1842 1291 Palamedis

151 1336 270 1367 vera
307 1320 405 1365 fuit
435 1319 631 1380 fabula;
671 1334 786 1366 nam
817 1321 949 1366 inter
979 1320 1141 1380 ipsum
1177 1322 1226 1365 et
1259 1318 1438 1366 Ulixen
1470 1334 1646 1381 graves
1677 1318 1841 1365 inimi-

152 1395 298 1440 citiae
340 1394 622 1455 extiterant,
653 1408 811 1454 usque
852 1408 908 1440 eo
940 1395 997 1440 ut
1030 1393 1332 1455 argumentis
1364 1392 1526 1439 Ulixis
1559 1393 1699 1439 velut
1728 1408 1839 1453 pro·
1867 1410 1908 1441 15

152 1468 362 1515 ‹lit-orem
402 1469 593 1515 constet
633 1468 849 1514 occisum
890 1482 946 1514 ea
986 1467 1065 1514 vel
1105 1468 1318 1513 maxime
1359 1468 1664 1526 coniectura,
1710 1466 1841 1527 quod

153 1541 364 1589 Graecos
403 1543 658 1589 revocaret
698 1540 759 1587 ab
801 1541 1001 1587 adfectu
1039 1540 1259 1587 bellandi
1300 1541 1348 1587 et
1386 1542 1439 1586 in
1478 1542 1695 1588 tentorio
1737 1541 1840 1586 eius

152 1618 280 1662 esset
325 1617 583 1662 inventum
639 1630 837 1674 aurum⁷
886 1614 1016 1676 quod
1058 1614 1264 1662 eundem
1304 1614 1484 1662 Ulixen
1522 1614 1690 1661 ferunt
1728 1629 1840 1675 sup-

150 1688 388 1749 posuisse.
441 1689 533 1736 hoe
566 1704 682 1751 ergo
715 1688 850 1750 quod
880 1689 1045 1735 fuerat
1076 1705 1248 1736 verum
1279 1688 1338 1734 de
1371 1687 1651 1735 Palamedis
1682 1690 1840 1736 morte

150 1763 286 1810 dedit
325 1764 632 1811 occasionem
670 1762 966 1822 mentiendi,
1006 1765 1063 1809 ut
1103 1762 1287 1809 diceret
1324 1762 1399 1809 illi
1437 1777 1510 1809 me
1549 1763 1762 1809 comitem
1801 1766 1844 1809 et
1866 1779 1908 1810 20

151 1838 564 1896 consanyuinitate
601 1837 935 1896 propinquam
971 1851 1169 1895 pauper
1213 1838 1268 1883 in
1314 1850 1457 1883 arma
1486 1840 1634 1895 pater
1661 1837 1841 1894 primis

150 1911 241 1958 huc
277 1912 409 1958 misit
446 1911 506 1958 ab
540 1912 698 1958 armis.
758 1910 875 1957 dum
911 1911 1073 1958 stabat
1108 1924 1254 1970 remeo
1294 1910 1545 1957 incolumis
1583 1924 1841 1970 reyumque

63 1989 118 2026 90
149 1984 337 2043 viyebat
374 1985 602 2039 conciliis,
641 1982 716 2044 [et
751 1998 840 2031 nos
879 1984 1077 2044 aliquod
1114 1998 1380 2043 *nomenque
1417 1984 1654 2045 decusque
1689 1985 1836 2043 yessz‘-

152 2056 302 2118 mztsj
376 2060 538 2119 pater,
594 2059 782 2119 inquit,
837 2074 974 2106 meus
1026 2074 1085 2105 ex
1131 2073 1189 2105 ea
1237 2073 1387 2105 causa
1434 2056 1566 2119 quod
1613 2059 1743 2105 esset
1787 2057 1838 2104 in

150 2147 290 2178 arma
326 2147 518 2193 pauper
554 2132 646 2179 hoo
686 2135 760 2179 est
797 2131 998 2179 inbellis
1038 2133 1219 2179 aetatis
1259 2134 1410 2192 atque
1444 2147 1503 2179 ea
1534 2132 1835 2193 contempla·
1862 2147 1905 2180 25

149 2207 283 2252 tione
330 2205 462 2266 quod
501 2204 759 2252 Palamedi
805 2209 934 2253 esset
982 2205 1158 2253 adfinis
1206 2221 1284 2252 me
1333 2205 1379 2251 ei
1426 2207 1615 2253 socium
1654 2207 1838 2265 iunxit3

150 2278 463 2326 deferebatur
509 2280 640 2325 enim
686 2278 820 2339 patri
861 2294 991 2340 meo,
1041 2281 1160 2340 quia
1198 2280 1250 2326 in
1287 2295 1491 2326 numero
1530 2295 1703 2341 regum
1740 2279 1839 2326 fuit

151 2355 200 2399 et
245 2352 515 2414 plurimum
559 2353 737 2415 viguit.
813 2353 935 2401 haee
982 2353 1220 2401 nobilitas
1266 2354 1458 2415 generis
1501 2352 1685 2400 ideireo
1726 2368 1837 2400 eon-

148 2427 314 2487 posita
351 2429 439 2486 est,
478 2429 534 2473 ut
573 2425 900 2473 Troianorum
938 2427 1327 2475 misericordiam
1369 2427 1428 2473 de
1469 2428 1742 2487 praeterita
1788 2430 1837 2474 et

148 2501 398 2560 praesenti
434 2500 636 2547 fortuna
674 2503 969 2561 provocaret
1007 2500 1071 2548 ad
1110 2501 1388 2560 lenitatem3
1429 2501 1542 2562 plus
1583 2502 1715 2547 enirn
1754 2501 1835 2548 do-
1861 2516 1905 2548 30

270 2673 296 2710 5
327 2669 614 2713 remansisset
644 2669 715 2712 ed.
820 2675 845 2712 6
864 2670 1014 2714 'duxit
1045 2671 1114 2714 ed.
1218 2675 1242 2712 7
1274 2671 1382 2714 haec
1411 2670 1453 2712 R
1481 2671 1568 2714 hae
1598 2685 1622 2712 r
1644 2691 1701 2706 =
1726 2670 1774 2713 L.

152 2731 177 2770 9
209 2728 505 2784 comssunyitur
535 2727 621 2770 LR
650 2729 947 2786 subiunyitur
976 2743 1011 2771 r.
1108 2733 1162 2773 10
1195 2729 1383 2785 aliquod
1412 2729 1448 2771 L
1481 2729 1661 2784 aliquid
1690 2728 1732 2771 R
1763 2729 1832 2772 ed..

241 2790 294 2830 17
328 2787 486 2841 effectu
515 2801 550 2830 r.
705 2791 759 2831 18
791 2801 881 2832 esse
911 2787 997 2830 LR
1028 2794 1135 2832 esset
1165 2803 1188 2830 1·
1219 2788 1290 2832 ed..
1341 2787 1348 2847 Ι
1405 2789 1638 2831 inventum
1668 2802 1836 2831 aurum
1964 2843 1966 2846 Ι

151 2844 238 2887 LR
267 2859 433 2890 (aarum
465 2847 555 2890 inv.
587 2860 623 2888 r.
748 2850 802 2888 19
834 2859 938 2903 eryo
968 2846 1004 2889 L
1034 2861 1137 2891 vero
1167 2847 1209 2889 R
1239 2861 1262 2890 r
1287 2869 1342 2883 =
1367 2846 1415 2890 L.
1539 2851 1595 2889 22
1626 2860 1834 2903 regnum·
1935 2853 1986 2889 «μὶ

151 2918 234 2958 que
265 2904 335 2946 ed.
481 2909 537 2948 23
569 2905 772 2949 consiliis
802 2905 872 2948 ed.
925 2906 931 2961 Ι
987 2907 1333 2963 et--yessimus
1363 2906 1495 2950 deest
1526 2905 1577 2948 in
1607 2905 1714 2960 LR,
1753 2903 1835 2948 sed

150 2961 411 3065 explieagur
448 2975 531 3019 per
569 2963 864 3018 deferebatur.
1016 2968 1073 3007 30
1108 2966 1216 3021 plus
1230 2991 1286 2998 -
1305 2963 1514 3009 dolentur
1543 2963 1631 3006 LR
1660 2966 1855 3008 temere.

148 3024 262 3066 mut.
295 3034 321 3065 e
357 3055 368 3067 .
