2014 3226
196 173 306 225 336
667 169 899 214 DONATI
929 168 1208 213 INTERPR.
1242 168 1420 212 VERG.

198 316 396 374 portare
445 314 493 359 et
539 312 679 358 frena
727 309 1034 357 concorditer
1080 310 1230 357 ferre:
1293 325 1390 370 quo
1438 325 1615 372 genere
1661 310 1891 358 reductus
1960 319 1971 337 ⁵

198 389 250 433 in
292 386 439 433 aliam
479 388 672 446 partem
711 398 818 442 spes
852 386 895 430 ct
914 385 1059 443 pacis
1091 385 1172 431 ait.
1237 383 1499 444 quomodo,
1530 384 1708 447 inquit,
1741 383 1893 446 signi-

198 461 350 508 ficant
402 459 590 506 bellum
644 472 817 519 pacem
871 473 1070 519 quoque
1125 457 1403 520 significare
1457 460 1678 519 possunt.
1767 457 1895 504 dixit

201 533 615 595 quemadmodum
653 532 854 579 valeant
894 531 1047 578 etiam
1087 547 1223 592 spem
1261 532 1400 592 pacis
1434 531 1703 592 ostendere,
1738 547 1892 592 quon-

199 609 299 654 iam
347 609 490 670 signa
535 607 672 667 pacis
721 608 838 652 sunt
887 621 1011 666 quae
1061 605 1119 652 de
1166 620 1394 666 numero,
1442 605 1501 652 de
1549 621 1694 653 curru
1742 607 1792 652 et
1834 605 1894 654 de

199 683 351 728 frenis
393 680 623 740 ostendit,
655 679 1062 740 pronuntiatione
1093 682 1262 726 tamen
1295 679 1484 739 duplici
1515 680 1666 741 atque
1698 679 1894 727 diversa
1980 741 1982 743 Ι

200 759 463 815 utramque
512 754 630 801 fecit
676 753 930 800 incertam.
1008 757 1110 801 tum
1154 755 1362 800 numina
1413 755 1584 801 sancta
1629 768 1896 813 precamur

199 829 424 876 Palladis
463 830 754 882 armisonae,
796 842 919 886 quae
948 829 1121 886 prima
1161 829 1339 886 accepit
1378 828 1591 875 ovantis:
1631 827 1896 875 accedebat

200 903 276 950 his
318 902 543 950 omnibus
578 901 731 964 signis
765 900 1218 950 demonstrantibus
1249 917 1338 963 per
1370 902 1677 948 coniecturas
1709 901 1896 948 bellum

202 976 333 1037 quod
378 976 624 1037 templum
671 978 892 1022 armatae
931 975 1151 1024 Palladis
1201 977 1503 1035 occurrerat,
1553 990 1678 1036 quae
1716 976 1894 1023 merito
1921 991 1983 1033 ιο

199 1049 470 1113 rogabatur
524 1052 580 1097 ut
625 1065 916 1111 prosperum
961 1050 1167 1110 faceret,
1224 1050 1267 1096 si
1314 1049 1434 1110 quid
1481 1049 1609 1097 forte
1654 1050 1896 1097 inminere
1983 1096 1985 1098 .

200 1124 358 1186 possit
390 1124 599 1184 adversi,
625 1126 675 1171 et
707 1125 903 1171 ovantis
936 1124 1209 1171 dimitteret
1242 1138 1364 1184 quos
1397 1123 1594 1171 ovantis
1623 1126 1894 1185 exceperat.
1972 1172 1974 1174 ,

111 1202 197 1241 545
218 1202 260 1245 et
297 1200 457 1258 capita
496 1202 607 1245 ante
653 1213 772 1246 aras
809 1198 1019 1258 Plzryyio
1061 1199 1282 1246 velamur
1328 1199 1532 1245 amictu:
1583 1197 1896 1261 rogabamus,
1968 1259 1970 1261 ‚

199 1274 387 1333 inquit,
440 1272 619 1319 velatis
667 1271 914 1334 capitibus
962 1274 1077 1319 ante
1125 1286 1238 1319 aras
1288 1287 1424 1318 more
1471 1271 1637 1334 patrio
1693 1273 1895 1319 stantes.
1974 1325 1983 1338 ¹

202 1348 316 1393 ante
371 1359 482 1394 aras
537 1346 685 1406 dixit,
740 1348 799 1392 ut
853 1346 1134 1394 ostenderet
1187 1361 1286 1392 non
1341 1345 1472 1394 solas
1523 1360 1692 1407 preces
1742 1346 1896 1393 fuisse
1922 1343 1987 1393 1⁵2*

201 1435 372 1466 verum
411 1421 565 1467 etiam
604 1435 822 1467 munera.
886 1435 997 1468 aras
1034 1420 1160 1467 dixit
1197 1419 1350 1467 fuisse
1380 1420 1435 1466 in
1466 1420 1600 1479 navi,
1633 1435 1758 1480 quae
1796 1435 1896 1467 non
1971 1409 1988 1422 ”

203 1497 359 1554 erant,
383 1496 440 1541 ut
465 1494 744 1542 ostenderet
769 1509 909 1542 aram
933 1494 1032 1542 dici
1063 1509 1206 1557 posse
1239 1493 1542 1555 ubicumque
1574 1493 1895 1541 sacrificatur.

194 1570 560 1628 praeceptisque
605 1569 804 1624 Heleni,
860 1568 1059 1616 dederat
1111 1581 1235 1628 quae
1278 1569 1519 1622 maxima,
1574 1569 1666 1615 rite
1710 1568 1898 1615 lumeni

205 1641 419 1702 Aryivae
455 1644 616 1690 iussos
654 1643 904 1690 adolemus
940 1643 1165 1690 honores:
1215 1657 1456 1690 memores
1497 1641 1570 1689 ait
1607 1643 1895 1704 praecepto-

201 1732 312 1763 rum
357 1716 558 1776 Heleni,
606 1732 732 1778 quae
778 1717 992 1764 maxime
1038 1716 1258 1765 curanda
1304 1718 1354 1764 et
1399 1731 1593 1778 semper
1636 1715 1898 1764 retinenda
1921 1730 1971 1763 2⁰2

202 1789 540 1837 mandaverat.
605 1790 787 1838 Iunoni
823 1790 1057 1854 Argivae,
1095 1791 1190 1838 hoc
1229 1791 1304 1837 est
1343 1804 1470 1851 quae
1511 1789 1644 1852 apud
1684 1788 1896 1838 Graecos
1968 1782 1973 1826 ἶ

202 1863 465 1925 praecipue
506 1864 760 1912 colebatur
797 1865 878 1912 vel
918 1863 1119 1913 Graecis
1159 1863 1376 1912 favebat.
1451 1865 1635 1912 iussos:
1679 1863 1898 1912 ostendit

203 1939 549 1986 necessitatem
586 1938 803 1986 faciendi
840 1938 1006 2000 fuisse,
1045 1955 1144 1986 non
1182 1938 1505 1987 voluntatem.

316 2012 459 2060 Haut
493 2026 647 2068 mora,
680 2015 905 2061 contiuuo
933 2014 1166 2073 perfectis
1199 2012 1371 2060 ordine
1399 2013 1521 2060 votis
1552 2025 1738 2059 cornua
1767 2010 1896 2060 vela-
1971 2006 1974 2010 ’

206 2089 368 2133 tarum
405 2087 694 2134 obvertimus
733 2091 1100 2135 amtewmarum:
1151 2087 1388 2149 perfectO,
1427 2086 1514 2147 ait,
1551 2087 1783 2134 votorum
1822 2100 1897 2133 or·
1921 2098 1969 2136 π’

206 2159 320 2206 dine
367 2159 595 2207 submota
642 2161 777 2208 omni
822 2176 964 2208 mora
1010 2161 1314 2210 obvertimus
1367 2160 1559 2208 velatas
1622 2161 1897 2220 antemnas»,

206 2235 263 2280 ut
317 2247 513 2281 cursum
565 2234 775 2282 navibus
829 2237 1148 2283 mutaremus.
1225 2235 1416 2283 velatas
1469 2236 1725 2282 antemnas
1771 2233 1898 2280 dixit

208 2321 334 2368 quae
372 2309 600 2354 tenerent
636 2309 762 2357 vela.
825 2309 947 2358 dicit
986 2324 1188 2358 causam
1225 2310 1430 2371 propter
1468 2323 1619 2369 quam
1649 2308 1742 2356 hoc
1771 2307 1897 2356 fece·
1957 2336 1982 2375 ³..-

117 2387 204 2428 550
221 2383 358 2428 runt:
417 2379 846 2443 Graiuyeuwmque
890 2384 1056 2431 domos
1104 2386 1417 2443 suspectaque
1454 2382 1721 2441 timuimus
1759 2396 1896 2430 arva.
1967 2377 1969 2379 ’

328 2571 350 2609 1
383 2567 592 2611 seductus
623 2566 694 2610 ed.
877 2573 902 2611 2
933 2582 1034 2624 spes
1063 2573 1105 2613 et
1133 2567 1221 2611 LR
1257 2581 1323 2624 sp.
1356 2572 1420 2612 est
1449 2565 1495 2610 r'
1533 2568 1592 2624 (et
1622 2566 1899 2623 confinxiant
1985 2571 1995 2588 ‘⁶

206 2639 380 2682 quoque
418 2627 467 2669 et
503 2626 640 2670 etiam
676 2624 727 2668 in
757 2625 982 2684 interpr).
1164 2630 1191 2670 5
1223 2639 1410 2671 numero
1441 2625 1530 2669 LR
1565 2631 1779 2671 munere?
1951 2671 1953 2674 .

207 2690 234 2729 8
266 2685 502 2730 accedebat
529 2684 618 2728 LR
649 2698 738 2728 om.
765 2685 836 2728 ed.
976 2690 1030 2730 13
1069 2699 1203 2730 aram
1239 2685 1327 2729 LR
1364 2685 1458 2740 ed.,
1497 2684 1579 2730 sed
1617 2684 1667 2728 in
1704 2684 1895 2741 interpr.

208 2758 331 2799 aras,
363 2756 508 2799 quare
540 2743 731 2788 correxi.
775 2746 781 2800 Ι
823 2746 922 2790 vela
951 2745 994 2788 R
1024 2746 1230 2790 velamur
1256 2743 1296 2788 r'
1326 2745 1528 2789 velamus
1556 2742 1623 2787 r''.
1659 2744 1665 2802 Ι
1707 2743 1900 2788 amictui

195 2803 250 2846 -R
282 2816 394 2847 corr.
426 2801 478 2846 r'.
628 2806 683 2846 16
715 2817 826 2848 aras
855 2803 942 2847 LR
971 2818 1146 2861 quoque
1175 2803 1336 2860 inepte
1368 2802 1475 2847 add.
1508 2802 1580 2846 ed.
1726 2807 1781 2846 19
1813 2802 1896 2849 ad·
1997 2859 1999 2863 .

206 2863 405 2906 holemus
434 2861 534 2905 LR.
656 2865 711 2904 22
744 2863 892 2908 iussos
921 2863 1008 2906 LR
1045 2863 1278 2908 adolemus
1305 2864 1496 2908 honores
1525 2867 1568 2906 et
1595 2863 1677 2906 hoc
1707 2861 1897 2907 dicendo
1952 2867 1953 2870 ’
1997 2870 1999 2914 3

209 2934 380 3023 ,pigere
402 2920 453 2965 in
475 2934 623 2978 marg.
650 2919 808 2966 adnot.
834 2920 891 2966 r‘:
924 2922 1045 2967 nihil
1069 2921 1375 2969 desideratur.
1479 2925 1535 2964 24
1566 2921 1899 2983 velatammum

210 3006 244 3022 .,
326 2994 438 3024 corr.
471 2993 508 3023 r.
