<?xml version="1.0" encoding="UTF-8"?>
<!DOCTYPE html PUBLIC "-//W3C//DTD XHTML 1.0 Transitional//EN"
    "http://www.w3.org/TR/xhtml1/DTD/xhtml1-transitional.dtd">
<html xmlns="http://www.w3.org/1999/xhtml" xml:lang="en" lang="en">
 <head>
  <title>
</title>
<meta http-equiv="Content-Type" content="text/html;charset=utf-8" />
  <meta name='ocr-system' content='tesseract 3.04.00' />
  <meta name='ocr-capabilities' content='ocr_page ocr_carea ocr_par ocr_line ocrx_word'/>
</head>
<body>
  <div class='ocr_page' id='page_1' title='image "./interpretationes01donauoft_0329.png"; bbox 0 0 2014 3226; ppageno 0'>
   <div class='ocr_carea' id='block_1_1' title="bbox 784 136 1836 189">
    <p class='ocr_par' dir='ltr' id='par_1_1' title="bbox 784 136 1836 189">
     <span class='ocr_line' id='line_1_1' title="bbox 784 136 1836 189; baseline -0.002 -11"><span class='ocrx_word' id='word_1_1' title='bbox 784 136 1087 180; x_wconf 72' lang='lat' dir='ltr'>AENEIDos</span> <span class='ocrx_word' id='word_1_2' title='bbox 1119 136 1182 179; x_wconf 82' lang='lat'>111</span> <span class='ocrx_word' id='word_1_3' title='bbox 1729 139 1836 189; x_wconf 72' lang='lat'>279</span> 
     </span>
    </p>
   </div>
   <div class='ocr_carea' id='block_1_2' title="bbox 0 270 1872 2560">
    <p class='ocr_par' dir='ltr' id='par_1_2' title="bbox 57 270 1837 412">
     <span class='ocr_line' id='line_1_2' title="bbox 57 270 1836 342; baseline 0 -18"><span class='ocrx_word' id='word_1_4' title='bbox 57 324 61 331; x_wconf 74' lang='grc'><strong>,</strong></span> <span class='ocrx_word' id='word_1_5' title='bbox 145 277 407 325; x_wconf 90' lang='lat' dir='ltr'>meliorum</span> <span class='ocrx_word' id='word_1_6' title='bbox 445 276 627 324; x_wconf 82' lang='lat' dir='ltr'>hilares</span> <span class='ocrx_word' id='word_1_7' title='bbox 660 276 860 323; x_wconf 76' lang='lat' dir='ltr'>fecerat.</span> <span class='ocrx_word' id='word_1_8' title='bbox 922 275 1052 323; x_wconf 91' lang='lat' dir='ltr'>idem</span> <span class='ocrx_word' id='word_1_9' title='bbox 1085 278 1268 338; x_wconf 87' lang='lat' dir='ltr'>quippe</span> <span class='ocrx_word' id='word_1_10' title='bbox 1302 277 1494 324; x_wconf 87' lang='lat' dir='ltr'>dixerat</span> <span class='ocrx_word' id='word_1_11' title='bbox 1528 270 1646 342; x_wconf 71' lang='lat'>(94)</span> <span class='ocrx_word' id='word_1_12' title='bbox 1682 294 1836 339; x_wconf 78' lang='lat' dir='ltr'>„quae</span> 
     </span>
     <span class='ocr_line' id='line_1_3' title="bbox 146 349 1837 412; baseline 0 -14"><span class='ocrx_word' id='word_1_13' title='bbox 146 366 231 399; x_wconf 88' lang='lat' dir='ltr'>vos</span> <span class='ocrx_word' id='word_1_14' title='bbox 273 367 301 398; x_wconf 91' lang='lat' dir='ltr'>a</span> <span class='ocrx_word' id='word_1_15' title='bbox 339 351 494 412; x_wconf 88' lang='lat' dir='ltr'>stirpe</span> <span class='ocrx_word' id='word_1_16' title='bbox 532 352 794 411; x_wconf 90' lang='lat' dir='ltr'>parentum</span> <span class='ocrx_word' id='word_1_17' title='bbox 834 349 996 410; x_wconf 87' lang='lat' dir='ltr'>prima</span> <span class='ocrx_word' id='word_1_18' title='bbox 1035 350 1154 397; x_wconf 89' lang='lat' dir='ltr'>tulit</span> <span class='ocrx_word' id='word_1_19' title='bbox 1185 351 1333 398; x_wconf 88' lang='lat' dir='ltr'>tellus</span> <span class='ocrx_word' id='word_1_20' title='bbox 1367 351 1538 398; x_wconf 89' lang='lat' dir='ltr'>eadem</span> <span class='ocrx_word' id='word_1_21' title='bbox 1571 367 1656 398; x_wconf 84' lang='lat' dir='ltr'>vos</span> <span class='ocrx_word' id='word_1_22' title='bbox 1690 351 1837 398; x_wconf 90' lang='lat' dir='ltr'>ubere</span> 
     </span>
    </p>

    <p class='ocr_par' dir='ltr' id='par_1_3' title="bbox 67 422 1838 559">
     <span class='ocr_line' id='line_1_4' title="bbox 67 422 1838 486; baseline -0.002 -11"><span class='ocrx_word' id='word_1_23' title='bbox 67 473 69 475; x_wconf 84' lang='lat'>.</span> <span class='ocrx_word' id='word_1_24' title='bbox 144 425 276 472; x_wconf 89' lang='lat' dir='ltr'>laeto</span> <span class='ocrx_word' id='word_1_25' title='bbox 317 424 525 486; x_wconf 72' lang='lat' dir='ltr'>accipiet</span> <span class='ocrx_word' id='word_1_26' title='bbox 562 423 780 483; x_wconf 85' lang='lat' dir='ltr'>reduces,</span> <span class='ocrx_word' id='word_1_27' title='bbox 821 424 1083 484; x_wconf 87' lang='lat' dir='ltr'>antiquam</span> <span class='ocrx_word' id='word_1_28' title='bbox 1123 426 1366 485; x_wconf 79' lang='lat' dir='ltr'>exquirite</span> <span class='ocrx_word' id='word_1_29' title='bbox 1414 422 1668 472; x_wconf 81' lang='lat' dir='ltr'>matrem“.</span> <span class='ocrx_word' id='word_1_30' title='bbox 1747 425 1838 472; x_wconf 90' lang='lat' dir='ltr'>hoc</span> 
     </span>
     <span class='ocr_line' id='line_1_5' title="bbox 145 497 1837 559; baseline -0.001 -13"><span class='ocrx_word' id='word_1_31' title='bbox 145 498 277 546; x_wconf 88' lang='lat' dir='ltr'>dicto</span> <span class='ocrx_word' id='word_1_32' title='bbox 317 498 504 545; x_wconf 86' lang='lat' dir='ltr'>ademit</span> <span class='ocrx_word' id='word_1_33' title='bbox 543 497 769 545; x_wconf 90' lang='lat' dir='ltr'>omnibus</span> <span class='ocrx_word' id='word_1_34' title='bbox 807 498 997 544; x_wconf 89' lang='lat' dir='ltr'>luctum</span> <span class='ocrx_word' id='word_1_35' title='bbox 1037 498 1260 559; x_wconf 73' lang='lat' dir='ltr'>perditae</span> <span class='ocrx_word' id='word_1_36' title='bbox 1294 500 1535 558; x_wconf 71' lang='lat' dir='ltr'>civitatis,</span> <span class='ocrx_word' id='word_1_37' title='bbox 1575 515 1673 546; x_wconf 92' lang='lat' dir='ltr'>non</span> <span class='ocrx_word' id='word_1_38' title='bbox 1707 498 1837 545; x_wconf 90' lang='lat' dir='ltr'>enim</span> 
     </span>
    </p>

    <p class='ocr_par' dir='ltr' id='par_1_4' title="bbox 98 570 1839 856">
     <span class='ocr_line' id='line_1_6' title="bbox 98 570 1838 635; baseline -0.001 -14"><span class='ocrx_word' id='word_1_39' title='bbox 98 590 119 621; x_wconf 88' lang='lat'><strong>5</strong></span> <span class='ocrx_word' id='word_1_40' title='bbox 144 588 352 635; x_wconf 88' lang='lat' dir='ltr'>magnus</span> <span class='ocrx_word' id='word_1_41' title='bbox 408 572 548 619; x_wconf 92' lang='lat' dir='ltr'>dolor</span> <span class='ocrx_word' id='word_1_42' title='bbox 610 586 713 619; x_wconf 88' lang='lat' dir='ltr'>esse</span> <span class='ocrx_word' id='word_1_43' title='bbox 776 570 945 618; x_wconf 85' lang='lat' dir='ltr'>debuit</span> <span class='ocrx_word' id='word_1_44' title='bbox 1007 571 1339 619; x_wconf 76' lang='lat' dir='ltr'>obventiciam</span> <span class='ocrx_word' id='word_1_45' title='bbox 1400 572 1695 633; x_wconf 85' lang='lat' dir='ltr'>perdidisse,</span> <span class='ocrx_word' id='word_1_46' title='bbox 1758 573 1838 621; x_wconf 86' lang='lat' dir='ltr'>vel</span> 
     </span>
     <span class='ocr_line' id='line_1_7' title="bbox 143 644 1836 708; baseline 0.001 -15"><span class='ocrx_word' id='word_1_47' title='bbox 143 647 356 694; x_wconf 85' lang='lat' dir='ltr'>maxime</span> <span class='ocrx_word' id='word_1_48' title='bbox 404 661 515 692; x_wconf 87' lang='lat' dir='ltr'>cum</span> <span class='ocrx_word' id='word_1_49' title='bbox 562 645 821 708; x_wconf 89' lang='lat' dir='ltr'>originalis</span> <span class='ocrx_word' id='word_1_50' title='bbox 864 644 1005 692; x_wconf 90' lang='lat' dir='ltr'>salva</span> <span class='ocrx_word' id='word_1_51' title='bbox 1043 645 1406 708; x_wconf 88' lang='lat' dir='ltr'>incolumisque</span> <span class='ocrx_word' id='word_1_52' title='bbox 1446 648 1836 707; x_wconf 83' lang='lat' dir='ltr'>promitteretur.</span> 
     </span>
     <span class='ocr_line' id='line_1_8' title="bbox 142 719 1839 783; baseline 0.001 -16"><span class='ocrx_word' id='word_1_53' title='bbox 142 723 275 767; x_wconf 88' lang='lat' dir='ltr'>certe</span> <span class='ocrx_word' id='word_1_54' title='bbox 314 735 468 782; x_wconf 82' lang='lat' dir='ltr'>quam</span> <span class='ocrx_word' id='word_1_55' title='bbox 506 719 793 781; x_wconf 90' lang='lat' dir='ltr'>pulchrum,</span> <span class='ocrx_word' id='word_1_56' title='bbox 834 735 983 780; x_wconf 90' lang='lat' dir='ltr'>quam</span> <span class='ocrx_word' id='word_1_57' title='bbox 1025 719 1313 779; x_wconf 89' lang='lat' dir='ltr'>honestum,</span> <span class='ocrx_word' id='word_1_58' title='bbox 1361 736 1511 781; x_wconf 85' lang='lat' dir='ltr'>quam</span> <span class='ocrx_word' id='word_1_59' title='bbox 1550 721 1839 783; x_wconf 87' lang='lat' dir='ltr'>religiosum</span> 
     </span>
     <span class='ocr_line' id='line_1_9' title="bbox 141 793 1835 856; baseline 0.001 -16"><span class='ocrx_word' id='word_1_60' title='bbox 141 795 241 841; x_wconf 85' lang='lat' dir='ltr'>fuit</span> <span class='ocrx_word' id='word_1_61' title='bbox 279 794 356 842; x_wconf 92' lang='lat' dir='ltr'>his</span> <span class='ocrx_word' id='word_1_62' title='bbox 394 794 540 841; x_wconf 89' lang='lat' dir='ltr'>terris</span> <span class='ocrx_word' id='word_1_63' title='bbox 579 793 720 841; x_wconf 91' lang='lat' dir='ltr'>reddi</span> <span class='ocrx_word' id='word_1_64' title='bbox 760 808 887 854; x_wconf 87' lang='lat' dir='ltr'>quae</span> <span class='ocrx_word' id='word_1_65' title='bbox 925 795 1155 854; x_wconf 86' lang='lat' dir='ltr'>parentes</span> <span class='ocrx_word' id='word_1_66' title='bbox 1194 794 1246 839; x_wconf 92' lang='lat' dir='ltr'>in</span> <span class='ocrx_word' id='word_1_67' title='bbox 1287 794 1476 856; x_wconf 85' lang='lat' dir='ltr'>origine</span> <span class='ocrx_word' id='word_1_68' title='bbox 1508 795 1835 855; x_wconf 87' lang='lat' dir='ltr'>protulerunt.</span> 
     </span>
    </p>

    <p class='ocr_par' dir='ltr' id='par_1_5' title="bbox 143 866 1836 932">
     <span class='ocr_line' id='line_1_10' title="bbox 143 866 1836 932; baseline -0.001 -17"><span class='ocrx_word' id='word_1_69' title='bbox 143 870 194 915; x_wconf 88' lang='lat' dir='ltr'>et</span> <span class='ocrx_word' id='word_1_70' title='bbox 225 869 343 929; x_wconf 89' lang='lat' dir='ltr'>quia</span> <span class='ocrx_word' id='word_1_71' title='bbox 374 869 541 929; x_wconf 88' lang='lat' dir='ltr'>potuit</span> <span class='ocrx_word' id='word_1_72' title='bbox 571 867 678 914; x_wconf 90' lang='lat' dir='ltr'>fieri</span> <span class='ocrx_word' id='word_1_73' title='bbox 709 869 767 914; x_wconf 92' lang='lat' dir='ltr'>ut</span> <span class='ocrx_word' id='word_1_74' title='bbox 799 882 828 913; x_wconf 88' lang='lat' dir='ltr'>a</span> <span class='ocrx_word' id='word_1_75' title='bbox 859 866 1146 915; x_wconf 88' lang='lat' dir='ltr'>melioribus</span> <span class='ocrx_word' id='word_1_76' title='bbox 1180 867 1242 914; x_wconf 92' lang='lat' dir='ltr'>ad</span> <span class='ocrx_word' id='word_1_77' title='bbox 1265 869 1505 915; x_wconf 88' lang='lat' dir='ltr'>inferiora</span> <span class='ocrx_word' id='word_1_78' title='bbox 1531 871 1836 932; x_wconf 85' lang='lat' dir='ltr'>cogerentur,</span> 
     </span>
    </p>

    <p class='ocr_par' dir='ltr' id='par_1_6' title="bbox 75 941 1837 1298">
     <span class='ocr_line' id='line_1_11' title="bbox 75 941 1835 990; baseline -0.001 0"><span class='ocrx_word' id='word_1_79' title='bbox 75 959 118 990; x_wconf 83' lang='lat'>10</span> <span class='ocrx_word' id='word_1_80' title='bbox 144 941 337 989; x_wconf 86' lang='lat' dir='ltr'>addidit</span> <span class='ocrx_word' id='word_1_81' title='bbox 381 941 529 990; x_wconf 89' lang='lat' dir='ltr'>ubere</span> <span class='ocrx_word' id='word_1_82' title='bbox 576 942 731 988; x_wconf 90' lang='lat' dir='ltr'>laeto:</span> <span class='ocrx_word' id='word_1_83' title='bbox 787 955 896 988; x_wconf 87' lang='lat' dir='ltr'>ecee</span> <span class='ocrx_word' id='word_1_84' title='bbox 945 941 1162 989; x_wconf 90' lang='lat' dir='ltr'>ostendit</span> <span class='ocrx_word' id='word_1_85' title='bbox 1202 943 1251 988; x_wconf 89' lang='lat' dir='ltr'>et</span> <span class='ocrx_word' id='word_1_86' title='bbox 1290 942 1610 990; x_wconf 85' lang='lat' dir='ltr'>commodam.</span> <span class='ocrx_word' id='word_1_87' title='bbox 1688 942 1835 990; x_wconf 90' lang='lat' dir='ltr'>ubere</span> 
     </span>
     <span class='ocr_line' id='line_1_12' title="bbox 143 1015 1836 1078; baseline 0.001 -16"><span class='ocrx_word' id='word_1_88' title='bbox 143 1016 275 1077; x_wconf 91' lang='lat' dir='ltr'>quod</span> <span class='ocrx_word' id='word_1_89' title='bbox 330 1015 475 1075; x_wconf 83' lang='lat' dir='ltr'>dixit,</span> <span class='ocrx_word' id='word_1_90' title='bbox 531 1015 763 1063; x_wconf 86' lang='lat' dir='ltr'>adludere</span> <span class='ocrx_word' id='word_1_91' title='bbox 817 1015 1000 1075; x_wconf 86' lang='lat' dir='ltr'>voluit,</span> <span class='ocrx_word' id='word_1_92' title='bbox 1060 1016 1179 1076; x_wconf 90' lang='lat' dir='ltr'>quia</span> <span class='ocrx_word' id='word_1_93' title='bbox 1233 1031 1382 1076; x_wconf 86' lang='lat' dir='ltr'>supra</span> <span class='ocrx_word' id='word_1_94' title='bbox 1435 1019 1620 1063; x_wconf 88' lang='lat' dir='ltr'>terram</span> <span class='ocrx_word' id='word_1_95' title='bbox 1673 1018 1836 1078; x_wconf 88' lang='lat' dir='ltr'>ipsam</span> 
     </span>
     <span class='ocr_line' id='line_1_13' title="bbox 140 1088 1835 1151; baseline 0.001 -14"><span class='ocrx_word' id='word_1_96' title='bbox 140 1093 351 1137; x_wconf 91' lang='lat' dir='ltr'>matrem</span> <span class='ocrx_word' id='word_1_97' title='bbox 406 1090 694 1151; x_wconf 85' lang='lat' dir='ltr'>appellavit.</span> <span class='ocrx_word' id='word_1_98' title='bbox 780 1089 912 1136; x_wconf 90' lang='lat' dir='ltr'>laeto</span> <span class='ocrx_word' id='word_1_99' title='bbox 969 1092 1135 1136; x_wconf 88' lang='lat' dir='ltr'>autem</span> <span class='ocrx_word' id='word_1_100' title='bbox 1188 1088 1372 1137; x_wconf 86' lang='lat' dir='ltr'>idcirco</span> <span class='ocrx_word' id='word_1_101' title='bbox 1425 1091 1615 1150; x_wconf 90' lang='lat' dir='ltr'>posuit,</span> <span class='ocrx_word' id='word_1_102' title='bbox 1670 1107 1729 1137; x_wconf 89' lang='lat' dir='ltr'>ne</span> <span class='ocrx_word' id='word_1_103' title='bbox 1785 1106 1835 1138; x_wconf 91' lang='lat' dir='ltr'>se</span> 
     </span>
     <span class='ocr_line' id='line_1_14' title="bbox 141 1163 1835 1227; baseline 0.001 -17"><span class='ocrx_word' id='word_1_104' title='bbox 141 1164 335 1212; x_wconf 89' lang='lat' dir='ltr'>odiosos</span> <span class='ocrx_word' id='word_1_105' title='bbox 375 1163 455 1211; x_wconf 89' lang='lat' dir='ltr'>vel</span> <span class='ocrx_word' id='word_1_106' title='bbox 495 1163 662 1227; x_wconf 85' lang='lat' dir='ltr'>gravis</span> <span class='ocrx_word' id='word_1_107' title='bbox 700 1163 781 1211; x_wconf 84' lang='lat' dir='ltr'>vel</span> <span class='ocrx_word' id='word_1_108' title='bbox 813 1166 942 1210; x_wconf 89' lang='lat' dir='ltr'>certe</span> <span class='ocrx_word' id='word_1_109' title='bbox 974 1164 1268 1225; x_wconf 89' lang='lat' dir='ltr'>inportunos</span> <span class='ocrx_word' id='word_1_110' title='bbox 1302 1166 1535 1211; x_wconf 86' lang='lat' dir='ltr'>venturos</span> <span class='ocrx_word' id='word_1_111' title='bbox 1569 1179 1671 1212; x_wconf 91' lang='lat' dir='ltr'>esse</span> <span class='ocrx_word' id='word_1_112' title='bbox 1706 1164 1835 1211; x_wconf 87' lang='lat' dir='ltr'>arbi-</span> 
     </span>
     <span class='ocr_line' id='line_1_15' title="bbox 138 1237 1837 1298; baseline 0 -14"><span class='ocrx_word' id='word_1_113' title='bbox 138 1240 404 1285; x_wconf 90' lang='lat' dir='ltr'>trarentur.</span> <span class='ocrx_word' id='word_1_114' title='bbox 482 1237 675 1285; x_wconf 84' lang='lat' dir='ltr'>addidit</span> <span class='ocrx_word' id='word_1_115' title='bbox 713 1237 938 1298; x_wconf 85' lang='lat' dir='ltr'>reduces,</span> <span class='ocrx_word' id='word_1_116' title='bbox 984 1240 1042 1284; x_wconf 91' lang='lat' dir='ltr'>ut</span> <span class='ocrx_word' id='word_1_117' title='bbox 1081 1238 1288 1284; x_wconf 88' lang='lat' dir='ltr'>satiaret</span> <span class='ocrx_word' id='word_1_118' title='bbox 1326 1253 1426 1285; x_wconf 88' lang='lat' dir='ltr'>non</span> <span class='ocrx_word' id='word_1_119' title='bbox 1464 1238 1658 1286; x_wconf 85' lang='lat' dir='ltr'>futuros</span> <span class='ocrx_word' id='word_1_120' title='bbox 1699 1239 1837 1286; x_wconf 90' lang='lat' dir='ltr'>oneri</span> 
     </span>
    </p>

    <p class='ocr_par' dir='ltr' id='par_1_7' title="bbox 20 1298 1835 1670">
     <span class='ocr_line' id='line_1_16' title="bbox 20 1298 1834 1373; baseline -0.002 -10"><span class='ocrx_word' id='word_1_121' title='bbox 20 1298 39 1364; x_wconf 69' lang='lat' dir='ltr'>‘J</span> <span class='ocrx_word' id='word_1_122' title='bbox 73 1328 115 1362; x_wconf 88' lang='lat'>15</span> <span class='ocrx_word' id='word_1_123' title='bbox 139 1312 216 1359; x_wconf 87' lang='lat' dir='ltr'>his</span> <span class='ocrx_word' id='word_1_124' title='bbox 255 1314 425 1372; x_wconf 86' lang='lat' dir='ltr'>terris,</span> <span class='ocrx_word' id='word_1_125' title='bbox 465 1327 592 1373; x_wconf 90' lang='lat' dir='ltr'>quae</span> <span class='ocrx_word' id='word_1_126' title='bbox 631 1327 731 1359; x_wconf 91' lang='lat' dir='ltr'>non</span> <span class='ocrx_word' id='word_1_127' title='bbox 771 1310 1009 1372; x_wconf 86' lang='lat' dir='ltr'>advenas,</span> <span class='ocrx_word' id='word_1_128' title='bbox 1049 1311 1134 1359; x_wconf 89' lang='lat' dir='ltr'>sed</span> <span class='ocrx_word' id='word_1_129' title='bbox 1174 1326 1286 1359; x_wconf 90' lang='lat' dir='ltr'>suos</span> <span class='ocrx_word' id='word_1_130' title='bbox 1328 1314 1491 1359; x_wconf 88' lang='lat' dir='ltr'>essent</span> <span class='ocrx_word' id='word_1_131' title='bbox 1528 1311 1721 1359; x_wconf 83' lang='lat' dir='ltr'>felicius</span> <span class='ocrx_word' id='word_1_132' title='bbox 1760 1327 1834 1359; x_wconf 90' lang='lat' dir='ltr'>re-</span> 
     </span>
     <span class='ocr_line' id='line_1_17' title="bbox 30 1375 1835 1448; baseline 0.001 -15"><span class='ocrx_word' id='word_1_133' title='bbox 30 1375 36 1393; x_wconf 68' lang='lat'>²</span> <span class='ocrx_word' id='word_1_134' title='bbox 140 1389 384 1447; x_wconf 85' lang='lat' dir='ltr'>cepturae.</span> <span class='ocrx_word' id='word_1_135' title='bbox 462 1385 703 1434; x_wconf 74' lang='lat' dir='ltr'>Anchises</span> <span class='ocrx_word' id='word_1_136' title='bbox 749 1386 907 1448; x_wconf 90' lang='lat' dir='ltr'>igitur</span> <span class='ocrx_word' id='word_1_137' title='bbox 951 1385 1044 1433; x_wconf 85' lang='lat' dir='ltr'>hoc</span> <span class='ocrx_word' id='word_1_138' title='bbox 1097 1400 1386 1447; x_wconf 91' lang='lat' dir='ltr'>responsum</span> <span class='ocrx_word' id='word_1_139' title='bbox 1441 1402 1492 1434; x_wconf 90' lang='lat' dir='ltr'>se</span> <span class='ocrx_word' id='word_1_140' title='bbox 1547 1387 1835 1434; x_wconf 85' lang='lat' dir='ltr'>existimans</span> 
     </span>
     <span class='ocr_line' id='line_1_18' title="bbox 140 1459 1835 1521; baseline 0.001 -15"><span class='ocrx_word' id='word_1_141' title='bbox 140 1460 584 1521; x_wconf 88' lang='lat' dir='ltr'>interpretaturum</span> <span class='ocrx_word' id='word_1_142' title='bbox 624 1459 878 1508; x_wconf 88' lang='lat' dir='ltr'>evidenter</span> <span class='ocrx_word' id='word_1_143' title='bbox 917 1459 1050 1521; x_wconf 92' lang='lat' dir='ltr'>quod</span> <span class='ocrx_word' id='word_1_144' title='bbox 1088 1459 1245 1507; x_wconf 89' lang='lat' dir='ltr'>veluti</span> <span class='ocrx_word' id='word_1_145' title='bbox 1285 1459 1488 1507; x_wconf 90' lang='lat' dir='ltr'>dubium</span> <span class='ocrx_word' id='word_1_146' title='bbox 1528 1460 1625 1507; x_wconf 84' lang='lat' dir='ltr'>fuit</span> <span class='ocrx_word' id='word_1_147' title='bbox 1655 1460 1835 1521; x_wconf 88' lang='lat' dir='ltr'>incipit</span> 
     </span>
     <span class='ocr_line' id='line_1_19' title="bbox 139 1533 1835 1595; baseline -0.001 -13"><span class='ocrx_word' id='word_1_148' title='bbox 139 1535 354 1595; x_wconf 89' lang='lat' dir='ltr'>aperire,</span> <span class='ocrx_word' id='word_1_149' title='bbox 401 1534 471 1582; x_wconf 88' lang='lat' dir='ltr'>sic</span> <span class='ocrx_word' id='word_1_150' title='bbox 509 1535 702 1594; x_wconf 83' lang='lat' dir='ltr'>tamen,</span> <span class='ocrx_word' id='word_1_151' title='bbox 749 1537 808 1581; x_wconf 93' lang='lat' dir='ltr'>ut</span> <span class='ocrx_word' id='word_1_152' title='bbox 847 1550 945 1582; x_wconf 90' lang='lat' dir='ltr'>non</span> <span class='ocrx_word' id='word_1_153' title='bbox 985 1535 1185 1581; x_wconf 88' lang='lat' dir='ltr'>tantum</span> <span class='ocrx_word' id='word_1_154' title='bbox 1224 1533 1360 1581; x_wconf 85' lang='lat' dir='ltr'>dicat</span> <span class='ocrx_word' id='word_1_155' title='bbox 1399 1533 1519 1595; x_wconf 86' lang='lat' dir='ltr'>quid</span> <span class='ocrx_word' id='word_1_156' title='bbox 1558 1536 1623 1582; x_wconf 90' lang='lat' dir='ltr'>sit</span> <span class='ocrx_word' id='word_1_157' title='bbox 1661 1550 1835 1581; x_wconf 85' lang='lat' dir='ltr'>verum</span> 
     </span>
     <span class='ocr_line' id='line_1_20' title="bbox 139 1607 1834 1670; baseline 0 -15"><span class='ocrx_word' id='word_1_158' title='bbox 139 1610 291 1656; x_wconf 85' lang='lat' dir='ltr'>etiam</span> <span class='ocrx_word' id='word_1_159' title='bbox 332 1607 584 1670; x_wconf 89' lang='lat' dir='ltr'>Apollinis</span> <span class='ocrx_word' id='word_1_160' title='bbox 630 1609 876 1669; x_wconf 91' lang='lat' dir='ltr'>promissa</span> <span class='ocrx_word' id='word_1_161' title='bbox 921 1607 1208 1655; x_wconf 87' lang='lat' dir='ltr'>multifariis</span> <span class='ocrx_word' id='word_1_162' title='bbox 1256 1607 1526 1655; x_wconf 89' lang='lat' dir='ltr'>commodis</span> <span class='ocrx_word' id='word_1_163' title='bbox 1573 1623 1738 1655; x_wconf 91' lang='lat' dir='ltr'>rerum</span> <span class='ocrx_word' id='word_1_164' title='bbox 1786 1611 1834 1655; x_wconf 89' lang='lat' dir='ltr'>et</span> 
     </span>
    </p>

    <p class='ocr_par' dir='ltr' id='par_1_8' title="bbox 35 1680 1872 2262">
     <span class='ocr_line' id='line_1_21' title="bbox 35 1680 1872 1744; baseline -0.002 -13"><span class='ocrx_word' id='word_1_165' title='bbox 35 1703 38 1706; x_wconf 91' lang='lat'>·</span> <span class='ocrx_word' id='word_1_166' title='bbox 69 1698 115 1731; x_wconf 58' lang='grc' dir='ltr'>πο</span> <span class='ocrx_word' id='word_1_167' title='bbox 138 1682 356 1731; x_wconf 90' lang='lat' dir='ltr'>honestis</span> <span class='ocrx_word' id='word_1_168' title='bbox 404 1682 701 1730; x_wconf 89' lang='lat' dir='ltr'>adcumulet.</span> <span class='ocrx_word' id='word_1_169' title='bbox 781 1680 928 1730; x_wconf 84' lang='lat' dir='ltr'>Creta</span> <span class='ocrx_word' id='word_1_170' title='bbox 974 1682 1108 1730; x_wconf 80' lang='lat' dir='ltr'>Iovis</span> <span class='ocrx_word' id='word_1_171' title='bbox 1154 1682 1347 1744; x_wconf 88' lang='lat' dir='ltr'>magni:</span> <span class='ocrx_word' id='word_1_172' title='bbox 1402 1681 1528 1728; x_wconf 85' lang='lat' dir='ltr'>dixit</span> <span class='ocrx_word' id='word_1_173' title='bbox 1567 1685 1615 1728; x_wconf 88' lang='lat' dir='ltr'>et</span> <span class='ocrx_word' id='word_1_174' title='bbox 1654 1697 1834 1729; x_wconf 91' lang='lat' dir='ltr'>nomen</span> <span class='ocrx_word' id='word_1_175' title='bbox 1859 1705 1872 1719; x_wconf 92' lang='lat'><strong>·</strong></span> 
     </span>
     <span class='ocr_line' id='line_1_22' title="bbox 137 1755 1832 1817; baseline -0.001 -13"><span class='ocrx_word' id='word_1_176' title='bbox 137 1756 248 1817; x_wconf 89' lang='lat' dir='ltr'>loci,</span> <span class='ocrx_word' id='word_1_177' title='bbox 288 1756 414 1804; x_wconf 86' lang='lat' dir='ltr'>dixit</span> <span class='ocrx_word' id='word_1_178' title='bbox 453 1759 502 1804; x_wconf 90' lang='lat' dir='ltr'>et</span> <span class='ocrx_word' id='word_1_179' title='bbox 540 1756 691 1804; x_wconf 91' lang='lat' dir='ltr'>deum</span> <span class='ocrx_word' id='word_1_180' title='bbox 731 1757 818 1817; x_wconf 90' lang='lat' dir='ltr'>qui</span> <span class='ocrx_word' id='word_1_181' title='bbox 856 1756 961 1804; x_wconf 87' lang='lat' dir='ltr'>illic</span> <span class='ocrx_word' id='word_1_182' title='bbox 1001 1756 1245 1804; x_wconf 90' lang='lat' dir='ltr'>coleretur</span> <span class='ocrx_word' id='word_1_183' title='bbox 1283 1758 1332 1803; x_wconf 90' lang='lat' dir='ltr'>et</span> <span class='ocrx_word' id='word_1_184' title='bbox 1371 1755 1435 1803; x_wconf 86' lang='lat' dir='ltr'>ad</span> <span class='ocrx_word' id='word_1_185' title='bbox 1467 1771 1614 1816; x_wconf 87' lang='lat' dir='ltr'>quem</span> <span class='ocrx_word' id='word_1_186' title='bbox 1645 1757 1832 1817; x_wconf 86' lang='lat' dir='ltr'>specia-</span> 
     </span>
     <span class='ocr_line' id='line_1_23' title="bbox 136 1829 1832 1893; baseline -0.001 -16"><span class='ocrx_word' id='word_1_187' title='bbox 136 1830 253 1878; x_wconf 89' lang='lat' dir='ltr'>liter</span> <span class='ocrx_word' id='word_1_188' title='bbox 274 1831 441 1878; x_wconf 90' lang='lat' dir='ltr'>insula</span> <span class='ocrx_word' id='word_1_189' title='bbox 464 1832 576 1892; x_wconf 90' lang='lat' dir='ltr'>ipsa</span> <span class='ocrx_word' id='word_1_190' title='bbox 599 1831 886 1893; x_wconf 88' lang='lat' dir='ltr'>pertineret,</span> <span class='ocrx_word' id='word_1_191' title='bbox 909 1830 1172 1892; x_wconf 89' lang='lat' dir='ltr'>ipsumque</span> <span class='ocrx_word' id='word_1_192' title='bbox 1203 1845 1442 1893; x_wconf 90' lang='lat' dir='ltr'>magnum</span> <span class='ocrx_word' id='word_1_193' title='bbox 1473 1845 1577 1877; x_wconf 89' lang='lat' dir='ltr'>esse</span> <span class='ocrx_word' id='word_1_194' title='bbox 1608 1829 1832 1890; x_wconf 88' lang='lat' dir='ltr'>perinde-</span> 
     </span>
     <span class='ocr_line' id='line_1_24' title="bbox 137 1904 1831 1968; baseline -0.001 -16"><span class='ocrx_word' id='word_1_195' title='bbox 137 1921 231 1967; x_wconf 90' lang='lat' dir='ltr'>que</span> <span class='ocrx_word' id='word_1_196' title='bbox 269 1906 320 1952; x_wconf 90' lang='lat' dir='ltr'>in</span> <span class='ocrx_word' id='word_1_197' title='bbox 361 1921 543 1967; x_wconf 86' lang='lat' dir='ltr'>magno</span> <span class='ocrx_word' id='word_1_198' title='bbox 583 1906 785 1952; x_wconf 88' lang='lat' dir='ltr'>numine</span> <span class='ocrx_word' id='word_1_199' title='bbox 823 1920 1059 1968; x_wconf 89' lang='lat' dir='ltr'>magnam</span> <span class='ocrx_word' id='word_1_200' title='bbox 1095 1904 1281 1951; x_wconf 84' lang='lat' dir='ltr'>favoris</span> <span class='ocrx_word' id='word_1_201' title='bbox 1318 1919 1436 1966; x_wconf 89' lang='lat' dir='ltr'>erga</span> <span class='ocrx_word' id='word_1_202' title='bbox 1467 1904 1656 1951; x_wconf 88' lang='lat' dir='ltr'>incolas</span> <span class='ocrx_word' id='word_1_203' title='bbox 1687 1919 1831 1965; x_wconf 89' lang='lat' dir='ltr'>posse</span> 
     </span>
     <span class='ocr_line' id='line_1_25' title="bbox 136 1978 1831 2043; baseline 0 -17"><span class='ocrx_word' id='word_1_204' title='bbox 136 1980 398 2040; x_wconf 88' lang='lat' dir='ltr'>provenire</span> <span class='ocrx_word' id='word_1_205' title='bbox 431 1978 778 2039; x_wconf 84' lang='lat' dir='ltr'>substantiam,</span> <span class='ocrx_word' id='word_1_206' title='bbox 802 1978 1007 2043; x_wconf 86' lang='lat' dir='ltr'>dignam</span> <span class='ocrx_word' id='word_1_207' title='bbox 1038 1993 1154 2026; x_wconf 89' lang='lat' dir='ltr'>vero</span> <span class='ocrx_word' id='word_1_208' title='bbox 1186 1978 1416 2038; x_wconf 88' lang='lat' dir='ltr'>insulam,</span> <span class='ocrx_word' id='word_1_209' title='bbox 1440 1979 1494 2023; x_wconf 91' lang='lat' dir='ltr'>in</span> <span class='ocrx_word' id='word_1_210' title='bbox 1527 1992 1625 2039; x_wconf 88' lang='lat' dir='ltr'>qua</span> <span class='ocrx_word' id='word_1_211' title='bbox 1660 1979 1831 2026; x_wconf 91' lang='lat' dir='ltr'>tantus</span> 
     </span>
     <span class='ocr_line' id='line_1_26' title="bbox 68 2051 1832 2115; baseline -0.001 -15"><span class='ocrx_word' id='word_1_212' title='bbox 68 2068 113 2101; x_wconf 76' lang='lat'>25</span> <span class='ocrx_word' id='word_1_213' title='bbox 137 2052 255 2100; x_wconf 89' lang='lat' dir='ltr'>deus</span> <span class='ocrx_word' id='word_1_214' title='bbox 295 2055 346 2101; x_wconf 88' lang='lat' dir='ltr'>et</span> <span class='ocrx_word' id='word_1_215' title='bbox 383 2056 511 2102; x_wconf 90' lang='lat' dir='ltr'>esset</span> <span class='ocrx_word' id='word_1_216' title='bbox 550 2056 600 2101; x_wconf 89' lang='lat' dir='ltr'>et</span> <span class='ocrx_word' id='word_1_217' title='bbox 637 2053 904 2115; x_wconf 88' lang='lat' dir='ltr'>praecipue</span> <span class='ocrx_word' id='word_1_218' title='bbox 948 2053 1204 2100; x_wconf 90' lang='lat' dir='ltr'>coleretur.</span> <span class='ocrx_word' id='word_1_219' title='bbox 1280 2051 1444 2100; x_wconf 88' lang='lat' dir='ltr'>medio</span> <span class='ocrx_word' id='word_1_220' title='bbox 1491 2052 1623 2098; x_wconf 84' lang='lat' dir='ltr'>iacet</span> <span class='ocrx_word' id='word_1_221' title='bbox 1667 2052 1832 2099; x_wconf 89' lang='lat' dir='ltr'>insula</span> 
     </span>
     <span class='ocr_line' id='line_1_27' title="bbox 136 2123 1831 2189; baseline -0.001 -15"><span class='ocrx_word' id='word_1_222' title='bbox 136 2129 312 2189; x_wconf 89' lang='lat' dir='ltr'>ponto:</span> <span class='ocrx_word' id='word_1_223' title='bbox 375 2142 485 2175; x_wconf 87' lang='lat' dir='ltr'>ecce</span> <span class='ocrx_word' id='word_1_224' title='bbox 532 2127 658 2174; x_wconf 90' lang='lat' dir='ltr'>dixit</span> <span class='ocrx_word' id='word_1_225' title='bbox 705 2130 755 2174; x_wconf 92' lang='lat' dir='ltr'>et</span> <span class='ocrx_word' id='word_1_226' title='bbox 801 2129 952 2175; x_wconf 91' lang='lat' dir='ltr'>situm</span> <span class='ocrx_word' id='word_1_227' title='bbox 1000 2126 1128 2186; x_wconf 91' lang='lat' dir='ltr'>eius,</span> <span class='ocrx_word' id='word_1_228' title='bbox 1173 2127 1232 2172; x_wconf 91' lang='lat' dir='ltr'>ut</span> <span class='ocrx_word' id='word_1_229' title='bbox 1274 2123 1554 2174; x_wconf 88' lang='lat' dir='ltr'>ostenderet</span> <span class='ocrx_word' id='word_1_230' title='bbox 1599 2124 1831 2173; x_wconf 88' lang='lat' dir='ltr'>fluctibus</span> 
     </span>
     <span class='ocr_line' id='line_1_28' title="bbox 137 2198 1831 2262; baseline -0.002 -13"><span class='ocrx_word' id='word_1_231' title='bbox 137 2201 357 2249; x_wconf 88' lang='lat' dir='ltr'>clausam</span> <span class='ocrx_word' id='word_1_232' title='bbox 389 2216 447 2249; x_wconf 88' lang='lat' dir='ltr'>ac</span> <span class='ocrx_word' id='word_1_233' title='bbox 476 2218 568 2262; x_wconf 91' lang='lat' dir='ltr'>per</span> <span class='ocrx_word' id='word_1_234' title='bbox 597 2200 690 2249; x_wconf 89' lang='lat' dir='ltr'>hoc</span> <span class='ocrx_word' id='word_1_235' title='bbox 722 2200 960 2249; x_wconf 84' lang='lat' dir='ltr'>adversus</span> <span class='ocrx_word' id='word_1_236' title='bbox 992 2200 1199 2247; x_wconf 87' lang='lat' dir='ltr'>insidias</span> <span class='ocrx_word' id='word_1_237' title='bbox 1230 2201 1408 2260; x_wconf 88' lang='lat' dir='ltr'>tutam,</span> <span class='ocrx_word' id='word_1_238' title='bbox 1431 2198 1631 2246; x_wconf 89' lang='lat' dir='ltr'>facilem</span> <span class='ocrx_word' id='word_1_239' title='bbox 1664 2201 1831 2246; x_wconf 86' lang='lat' dir='ltr'>autem</span> 
     </span>
    </p>

    <p class='ocr_par' dir='ltr' id='par_1_9' title="bbox 0 2272 1831 2560">
     <span class='ocr_line' id='line_1_29' title="bbox 0 2272 1831 2341; baseline -0.002 -19"><span class='ocrx_word' id='word_1_240' title='bbox 0 2332 1 2341; x_wconf 11' lang='grc' dir='ltr'>ἵ</span> <span class='ocrx_word' id='word_1_241' title='bbox 60 2314 62 2317; x_wconf 64' lang='grc'>,</span> <span class='ocrx_word' id='word_1_242' title='bbox 135 2276 272 2322; x_wconf 80' lang='lat' dir='ltr'>victu</span> <span class='ocrx_word' id='word_1_243' title='bbox 318 2277 369 2323; x_wconf 89' lang='lat' dir='ltr'>et</span> <span class='ocrx_word' id='word_1_244' title='bbox 416 2275 682 2324; x_wconf 86' lang='lat' dir='ltr'>alimoniae</span> <span class='ocrx_word' id='word_1_245' title='bbox 729 2276 960 2336; x_wconf 86' lang='lat' dir='ltr'>propriae</span> <span class='ocrx_word' id='word_1_246' title='bbox 1007 2273 1329 2322; x_wconf 85' lang='lat' dir='ltr'>commodam.</span> <span class='ocrx_word' id='word_1_247' title='bbox 1415 2272 1548 2334; x_wconf 93' lang='lat' dir='ltr'>quod</span> <span class='ocrx_word' id='word_1_248' title='bbox 1592 2288 1710 2320; x_wconf 85' lang='lat' dir='ltr'>vero</span> <span class='ocrx_word' id='word_1_249' title='bbox 1757 2273 1831 2320; x_wconf 86' lang='lat' dir='ltr'>ait</span> 
     </span>
     <span class='ocr_line' id='line_1_30' title="bbox 27 2345 1829 2411; baseline -0.001 -15"><span class='ocrx_word' id='word_1_250' title='bbox 27 2408 29 2410; x_wconf 21' lang='grc' dir='ltr'>Ι</span> <span class='ocrx_word' id='word_1_251' title='bbox 135 2350 277 2411; x_wconf 86' lang='lat' dir='ltr'>iacet,</span> <span class='ocrx_word' id='word_1_252' title='bbox 330 2349 534 2397; x_wconf 89' lang='lat' dir='ltr'>modum</span> <span class='ocrx_word' id='word_1_253' title='bbox 588 2350 695 2397; x_wconf 90' lang='lat' dir='ltr'>eius</span> <span class='ocrx_word' id='word_1_254' title='bbox 750 2351 801 2396; x_wconf 90' lang='lat' dir='ltr'>et</span> <span class='ocrx_word' id='word_1_255' title='bbox 853 2349 1128 2396; x_wconf 91' lang='lat' dir='ltr'>inmensam</span> <span class='ocrx_word' id='word_1_256' title='bbox 1178 2346 1496 2395; x_wconf 86' lang='lat' dir='ltr'>latitudinem</span> <span class='ocrx_word' id='word_1_257' title='bbox 1541 2347 1702 2395; x_wconf 81' lang='lat' dir='ltr'>voluit</span> <span class='ocrx_word' id='word_1_258' title='bbox 1747 2345 1829 2394; x_wconf 88' lang='lat' dir='ltr'>de-</span> 
     </span>
     <span class='ocr_line' id='line_1_31' title="bbox 0 2419 1830 2485; baseline -0.002 -13"><span class='ocrx_word' id='word_1_259' title='bbox 0 2445 1 2455; x_wconf 52' lang='lat'><em>*</em></span> <span class='ocrx_word' id='word_1_260' title='bbox 68 2438 113 2472; x_wconf 74' lang='grc' dir='ltr'>ω</span> <span class='ocrx_word' id='word_1_261' title='bbox 136 2426 425 2472; x_wconf 78' lang='lat' dir='ltr'>monstrare.</span> <span class='ocrx_word' id='word_1_262' title='bbox 510 2424 650 2471; x_wconf 83' lang='lat' dir='ltr'>venit</span> <span class='ocrx_word' id='word_1_263' title='bbox 701 2424 805 2470; x_wconf 85' lang='lat' dir='ltr'>iam</span> <span class='ocrx_word' id='word_1_264' title='bbox 858 2421 925 2470; x_wconf 85' lang='lat' dir='ltr'>ad</span> <span class='ocrx_word' id='word_1_265' title='bbox 978 2423 1142 2485; x_wconf 87' lang='lat' dir='ltr'>signa:</span> <span class='ocrx_word' id='word_1_266' title='bbox 1202 2436 1346 2468; x_wconf 91' lang='lat' dir='ltr'>mons</span> <span class='ocrx_word' id='word_1_267' title='bbox 1399 2420 1579 2468; x_wconf 86' lang='lat' dir='ltr'>Idaeus</span> <span class='ocrx_word' id='word_1_268' title='bbox 1641 2419 1726 2468; x_wconf 91' lang='lat' dir='ltr'>ubi</span> <span class='ocrx_word' id='word_1_269' title='bbox 1781 2423 1830 2468; x_wconf 90' lang='lat' dir='ltr'>et</span> 
     </span>
     <span class='ocr_line' id='line_1_32' title="bbox 0 2488 1829 2560; baseline -0.002 -16"><span class='ocrx_word' id='word_1_270' title='bbox 0 2488 1 2493; x_wconf 32' lang='lat'>¹</span> <span class='ocrx_word' id='word_1_271' title='bbox 136 2497 299 2560; x_wconf 87' lang='lat' dir='ltr'>gentis</span> <span class='ocrx_word' id='word_1_272' title='bbox 340 2496 587 2545; x_wconf 89' lang='lat' dir='ltr'>cunabula</span> <span class='ocrx_word' id='word_1_273' title='bbox 632 2500 846 2545; x_wconf 85' lang='lat' dir='ltr'>nostrae.</span> <span class='ocrx_word' id='word_1_274' title='bbox 924 2495 1057 2558; x_wconf 91' lang='lat' dir='ltr'>quod</span> <span class='ocrx_word' id='word_1_275' title='bbox 1093 2495 1175 2543; x_wconf 87' lang='lat' dir='ltr'>hic</span> <span class='ocrx_word' id='word_1_276' title='bbox 1214 2494 1341 2543; x_wconf 84' lang='lat' dir='ltr'>dixit</span> <span class='ocrx_word' id='word_1_277' title='bbox 1379 2494 1542 2559; x_wconf 88' lang='lat' dir='ltr'>gentis</span> <span class='ocrx_word' id='word_1_278' title='bbox 1582 2493 1829 2542; x_wconf 81' lang='lat' dir='ltr'>cunabula</span> 
     </span>
    </p>
   </div>
   <div class='ocr_carea' id='block_1_3' title="bbox 135 2597 493 2605">
    <p class='ocr_par' dir='ltr' id='par_1_10' title="bbox 135 2597 493 2605">
     <span class='ocr_line' id='line_1_33' title="bbox 135 2597 493 2605; baseline 0 0"><span class='ocrx_word' id='word_1_279' title='bbox 135 2597 493 2605; x_wconf 95' lang='lat' dir='ltr'> </span> 
     </span>
    </p>
   </div>
   <div class='ocr_carea' id='block_1_4' title="bbox 131 2648 1827 3004">
    <p class='ocr_par' dir='ltr' id='par_1_11' title="bbox 131 2648 1827 2945">
     <span class='ocr_line' id='line_1_34' title="bbox 255 2648 1827 2710; baseline -0.003 -14"><span class='ocrx_word' id='word_1_280' title='bbox 255 2657 280 2696; x_wconf 83' lang='lat'>2</span> <span class='ocrx_word' id='word_1_281' title='bbox 303 2667 344 2696; x_wconf 90' lang='lat' dir='ltr'>-a</span> <span class='ocrx_word' id='word_1_282' title='bbox 374 2654 536 2710; x_wconf 82' lang='lat' dir='ltr'>(supra</span> <span class='ocrx_word' id='word_1_283' title='bbox 566 2653 642 2709; x_wconf 88' lang='lat' dir='ltr'>ab)</span> <span class='ocrx_word' id='word_1_284' title='bbox 674 2652 774 2696; x_wconf 89' lang='lat' dir='ltr'>LR.</span> <span class='ocrx_word' id='word_1_285' title='bbox 952 2655 978 2693; x_wconf 88' lang='grc'><strong>9</strong></span> <span class='ocrx_word' id='word_1_286' title='bbox 1010 2651 1234 2695; x_wconf 79' lang='lat' dir='ltr'>interiora</span> <span class='ocrx_word' id='word_1_287' title='bbox 1263 2650 1350 2693; x_wconf 86' lang='lat' dir='ltr'>LR</span> <span class='ocrx_word' id='word_1_288' title='bbox 1381 2651 1606 2705; x_wconf 80' lang='lat' dir='ltr'>inferiora</span> <span class='ocrx_word' id='word_1_289' title='bbox 1636 2663 1721 2693; x_wconf 83' lang='lat' dir='ltr'>nos</span> <span class='ocrx_word' id='word_1_290' title='bbox 1753 2648 1827 2693; x_wconf 81' lang='lat' dir='ltr'>de·</span> 
     </span>
     <span class='ocr_line' id='line_1_35' title="bbox 131 2707 1825 2769; baseline -0.002 -13"><span class='ocrx_word' id='word_1_291' title='bbox 131 2713 308 2756; x_wconf 78' lang='lat' dir='ltr'>teriora</span> <span class='ocrx_word' id='word_1_292' title='bbox 337 2712 410 2755; x_wconf 84' lang='lat' dir='ltr'>ed.</span> <span class='ocrx_word' id='word_1_293' title='bbox 527 2715 582 2755; x_wconf 92' lang='grc'>10</span> <span class='ocrx_word' id='word_1_294' title='bbox 613 2711 891 2769; x_wconf 61' lang='lat' dir='ltr'>commodum</span> <span class='ocrx_word' id='word_1_295' title='bbox 924 2710 996 2755; x_wconf 87' lang='lat' dir='ltr'>ed.</span> <span class='ocrx_word' id='word_1_296' title='bbox 1106 2714 1161 2753; x_wconf 84' lang='lat'>15</span> <span class='ocrx_word' id='word_1_297' title='bbox 1193 2723 1283 2754; x_wconf 79' lang='lat' dir='ltr'>esse</span> <span class='ocrx_word' id='word_1_298' title='bbox 1313 2710 1383 2754; x_wconf 78' lang='lat' dir='ltr'>ait</span> <span class='ocrx_word' id='word_1_299' title='bbox 1412 2709 1498 2753; x_wconf 84' lang='lat' dir='ltr'>LR</span> <span class='ocrx_word' id='word_1_300' title='bbox 1529 2713 1670 2752; x_wconf 73' lang='lat' dir='ltr'>essent</span> <span class='ocrx_word' id='word_1_301' title='bbox 1700 2723 1723 2751; x_wconf 92' lang='lat' dir='ltr'>r</span> <span class='ocrx_word' id='word_1_302' title='bbox 1753 2707 1825 2752; x_wconf 87' lang='lat' dir='ltr'>ed.</span> 
     </span>
     <span class='ocr_line' id='line_1_36' title="bbox 134 2768 1825 2828; baseline -0.002 -14"><span class='ocrx_word' id='word_1_303' title='bbox 134 2771 344 2828; x_wconf 85' lang='lat' dir='ltr'>&lt;propter</span> <span class='ocrx_word' id='word_1_304' title='bbox 372 2785 488 2828; x_wconf 75' lang='lat' dir='ltr'>quae</span> <span class='ocrx_word' id='word_1_305' title='bbox 519 2772 568 2815; x_wconf 85' lang='lat' dir='ltr'>et</span> <span class='ocrx_word' id='word_1_306' title='bbox 596 2771 887 2827; x_wconf 78' lang='lat' dir='ltr'>recepturae).</span> <span class='ocrx_word' id='word_1_307' title='bbox 1016 2772 1074 2812; x_wconf 86' lang='grc'>23</span> <span class='ocrx_word' id='word_1_308' title='bbox 1104 2769 1288 2814; x_wconf 73' lang='lat' dir='ltr'>nomine</span> <span class='ocrx_word' id='word_1_309' title='bbox 1318 2768 1406 2812; x_wconf 88' lang='lat' dir='ltr'>LR</span> <span class='ocrx_word' id='word_1_310' title='bbox 1437 2768 1509 2812; x_wconf 89' lang='lat' dir='ltr'>ed.</span> <span class='ocrx_word' id='word_1_311' title='bbox 1638 2771 1695 2810; x_wconf 81' lang='lat'>24</span> <span class='ocrx_word' id='word_1_312' title='bbox 1720 2781 1825 2823; x_wconf 81' lang='lat' dir='ltr'>per-</span> 
     </span>
     <span class='ocr_line' id='line_1_37' title="bbox 132 2825 1822 2887; baseline -0.002 -14"><span class='ocrx_word' id='word_1_313' title='bbox 132 2830 286 2874; x_wconf 76' lang='lat' dir='ltr'>venire</span> <span class='ocrx_word' id='word_1_314' title='bbox 314 2829 358 2873; x_wconf 81' lang='lat' dir='ltr'><strong>R</strong></span> <span class='ocrx_word' id='word_1_315' title='bbox 381 2843 511 2887; x_wconf 77' lang='lat' dir='ltr'>prov.</span> <span class='ocrx_word' id='word_1_316' title='bbox 537 2844 572 2873; x_wconf 92' lang='lat' dir='ltr'>r.</span> <span class='ocrx_word' id='word_1_317' title='bbox 665 2834 722 2873; x_wconf 82' lang='lat'>26</span> <span class='ocrx_word' id='word_1_318' title='bbox 754 2835 796 2874; x_wconf 80' lang='lat' dir='ltr'>et</span> <span class='ocrx_word' id='word_1_319' title='bbox 825 2830 965 2874; x_wconf 79' lang='lat' dir='ltr'>situm</span> <span class='ocrx_word' id='word_1_320' title='bbox 987 2827 1076 2872; x_wconf 84' lang='lat' dir='ltr'>LR.</span> <span class='ocrx_word' id='word_1_321' title='bbox 1105 2833 1148 2873; x_wconf 85' lang='lat' dir='ltr'>et</span> <span class='ocrx_word' id='word_1_322' title='bbox 1176 2841 1264 2872; x_wconf 90' lang='lat' dir='ltr'>om.</span> <span class='ocrx_word' id='word_1_323' title='bbox 1284 2827 1356 2871; x_wconf 85' lang='lat' dir='ltr'>ed.</span> <span class='ocrx_word' id='word_1_324' title='bbox 1450 2830 1506 2871; x_wconf 89' lang='grc'>28</span> <span class='ocrx_word' id='word_1_325' title='bbox 1533 2827 1721 2882; x_wconf 79' lang='lat' dir='ltr'>proprie</span> <span class='ocrx_word' id='word_1_326' title='bbox 1750 2840 1786 2869; x_wconf 87' lang='lat' dir='ltr'>r.</span> <span class='ocrx_word' id='word_1_327' title='bbox 1814 2825 1822 2884; x_wconf 87' lang='grc' dir='ltr'>Ι</span> 
     </span>
     <span class='ocr_line' id='line_1_38' title="bbox 133 2885 1734 2945; baseline -0.002 -13"><span class='ocrx_word' id='word_1_328' title='bbox 133 2889 414 2933; x_wconf 74' lang='lat' dir='ltr'>commodum</span> <span class='ocrx_word' id='word_1_329' title='bbox 445 2889 518 2933; x_wconf 86' lang='lat' dir='ltr'>ed.</span> <span class='ocrx_word' id='word_1_330' title='bbox 568 2891 575 2945; x_wconf 87' lang='grc' dir='ltr'>Ι</span> <span class='ocrx_word' id='word_1_331' title='bbox 623 2902 733 2933; x_wconf 79' lang='lat' dir='ltr'>vera</span> <span class='ocrx_word' id='word_1_332' title='bbox 763 2887 851 2931; x_wconf 88' lang='lat' dir='ltr'>LR</span> <span class='ocrx_word' id='word_1_333' title='bbox 879 2901 983 2932; x_wconf 85' lang='lat' dir='ltr'>vero</span> <span class='ocrx_word' id='word_1_334' title='bbox 1013 2902 1038 2930; x_wconf 86' lang='lat' dir='ltr'>r</span> <span class='ocrx_word' id='word_1_335' title='bbox 1073 2900 1177 2931; x_wconf 82' lang='lat' dir='ltr'>vero</span> <span class='ocrx_word' id='word_1_336' title='bbox 1208 2887 1332 2932; x_wconf 66' lang='lat' dir='ltr'>discit</span> <span class='ocrx_word' id='word_1_337' title='bbox 1361 2886 1433 2930; x_wconf 87' lang='lat' dir='ltr'>ed.</span> <span class='ocrx_word' id='word_1_338' title='bbox 1465 2899 1505 2930; x_wconf 80' lang='grc' dir='ltr'>υ.</span> <span class='ocrx_word' id='word_1_339' title='bbox 1538 2885 1607 2929; x_wconf 77' lang='lat' dir='ltr'>ait</span> <span class='ocrx_word' id='word_1_340' title='bbox 1636 2897 1734 2928; x_wconf 79' lang='lat' dir='ltr'>nos.</span> 
     </span>
    </p>

    <p class='ocr_par' dir='ltr' id='par_1_12' title="bbox 136 2942 1557 3004">
     <span class='ocr_line' id='line_1_39' title="bbox 136 2942 1557 3004; baseline -0.001 -14"><span class='ocrx_word' id='word_1_341' title='bbox 136 2950 190 2990; x_wconf 81' lang='lat'>31</span> <span class='ocrx_word' id='word_1_342' title='bbox 225 2947 417 3004; x_wconf 74' lang='lat' dir='ltr'>qwod—</span> <span class='ocrx_word' id='word_1_343' title='bbox 437 2952 538 3003; x_wconf 83' lang='lat'>280,</span> <span class='ocrx_word' id='word_1_344' title='bbox 557 2952 580 2990; x_wconf 94' lang='lat'><strong>1</strong></span> <span class='ocrx_word' id='word_1_345' title='bbox 614 2952 656 2992; x_wconf 85' lang='lat' dir='ltr'>et</span> <span class='ocrx_word' id='word_1_346' title='bbox 685 2946 759 2991; x_wconf 82' lang='lat' dir='ltr'>bis</span> <span class='ocrx_word' id='word_1_347' title='bbox 791 2961 876 2991; x_wconf 88' lang='lat' dir='ltr'>scr.</span> <span class='ocrx_word' id='word_1_348' title='bbox 903 2946 989 2990; x_wconf 84' lang='lat' dir='ltr'>LR</span> <span class='ocrx_word' id='word_1_349' title='bbox 1020 2945 1224 2990; x_wconf 81' lang='lat' dir='ltr'>secundo</span> <span class='ocrx_word' id='word_1_350' title='bbox 1255 2945 1359 2990; x_wconf 88' lang='lat' dir='ltr'>loco</span> <span class='ocrx_word' id='word_1_351' title='bbox 1391 2943 1481 2989; x_wconf 88' lang='lat' dir='ltr'>del.</span> <span class='ocrx_word' id='word_1_352' title='bbox 1506 2942 1557 2988; x_wconf 87' lang='lat' dir='ltr'>r‘.</span> 
     </span>
    </p>
   </div>
   <div class='ocr_carea' id='block_1_5' title="bbox 0 1710 50 3226">
    <p class='ocr_par' dir='ltr' id='par_1_13' title="bbox 0 1710 50 3226">
     <span class='ocr_line' id='line_1_40' title="bbox 0 1710 50 3226; baseline 0 0"><span class='ocrx_word' id='word_1_353' title='bbox 0 1710 50 3226; x_wconf 95' lang='lat' dir='ltr'> </span> 
     </span>
    </p>
   </div>
  </div>
 </body>
</html>
