<?xml version="1.0" encoding="UTF-8"?>
<!DOCTYPE html PUBLIC "-//W3C//DTD XHTML 1.0 Transitional//EN"
    "http://www.w3.org/TR/xhtml1/DTD/xhtml1-transitional.dtd">
<html xmlns="http://www.w3.org/1999/xhtml" xml:lang="en" lang="en">
 <head>
  <title>
</title>
<meta http-equiv="Content-Type" content="text/html;charset=utf-8" />
  <meta name='ocr-system' content='tesseract 3.04.00' />
  <meta name='ocr-capabilities' content='ocr_page ocr_carea ocr_par ocr_line ocrx_word'/>
</head>
<body>
  <div class='ocr_page' id='page_1' title='image "./interpretationes01donauoft_0643.png"; bbox 0 0 2014 3226; ppageno 0'>
   <div class='ocr_carea' id='block_1_1' title="bbox 781 168 1816 227">
    <p class='ocr_par' dir='ltr' id='par_1_1' title="bbox 781 168 1816 227">
     <span class='ocr_line' id='line_1_1' title="bbox 781 168 1816 227; baseline -0.003 -16"><span class='ocrx_word' id='word_1_1' title='bbox 781 168 1083 214; x_wconf 75' lang='lat' dir='ltr'>AENEIDos</span> <span class='ocrx_word' id='word_1_2' title='bbox 1116 170 1178 213; x_wconf 82' lang='lat' dir='ltr'>Vl</span> <span class='ocrx_word' id='word_1_3' title='bbox 1711 177 1816 227; x_wconf 65' lang='lat'>:393</span> 
     </span>
    </p>
   </div>
   <div class='ocr_carea' id='block_1_2' title="bbox 0 308 1903 2515">
    <p class='ocr_par' dir='ltr' id='par_1_2' title="bbox 86 308 1816 960">
     <span class='ocr_line' id='line_1_2' title="bbox 131 308 1815 374; baseline 0.002 -19"><span class='ocrx_word' id='word_1_4' title='bbox 131 309 191 356; x_wconf 89' lang='lat' dir='ltr'>de</span> <span class='ocrx_word' id='word_1_5' title='bbox 231 308 504 370; x_wconf 87' lang='lat' dir='ltr'>priscorum</span> <span class='ocrx_word' id='word_1_6' title='bbox 543 308 779 355; x_wconf 89' lang='lat' dir='ltr'>memoria</span> <span class='ocrx_word' id='word_1_7' title='bbox 819 309 1127 370; x_wconf 73' lang='lat' dir='ltr'>loquebatur,</span> <span class='ocrx_word' id='word_1_8' title='bbox 1168 325 1276 357; x_wconf 91' lang='lat' dir='ltr'>cum</span> <span class='ocrx_word' id='word_1_9' title='bbox 1317 327 1397 359; x_wconf 89' lang='lat' dir='ltr'>eos</span> <span class='ocrx_word' id='word_1_10' title='bbox 1438 314 1658 360; x_wconf 83' lang='lat' dir='ltr'>nominat</span> <span class='ocrx_word' id='word_1_11' title='bbox 1695 331 1815 374; x_wconf 74' lang='lat' dir='ltr'>quos</span> 
     </span>
     <span class='ocr_line' id='line_1_3' title="bbox 131 383 1816 442; baseline 0.004 -14"><span class='ocrx_word' id='word_1_12' title='bbox 131 383 325 429; x_wconf 81' lang='lat' dir='ltr'><strong>Aeneas</strong></span> <span class='ocrx_word' id='word_1_13' title='bbox 380 383 485 442; x_wconf 90' lang='lat' dir='ltr'>ipse</span> <span class='ocrx_word' id='word_1_14' title='bbox 540 396 637 428; x_wconf 91' lang='lat' dir='ltr'>non</span> <span class='ocrx_word' id='word_1_15' title='bbox 692 386 910 429; x_wconf 83' lang='lat' dir='ltr'>noverat.</span> <span class='ocrx_word' id='word_1_16' title='bbox 987 386 1117 430; x_wconf 88' lang='lat' dir='ltr'>recte</span> <span class='ocrx_word' id='word_1_17' title='bbox 1174 387 1359 432; x_wconf 85' lang='lat' dir='ltr'>veteres</span> <span class='ocrx_word' id='word_1_18' title='bbox 1408 385 1645 434; x_wconf 86' lang='lat' dir='ltr'>Troianos</span> <span class='ocrx_word' id='word_1_19' title='bbox 1694 388 1816 434; x_wconf 79' lang='lat' dir='ltr'>dixit</span> 
     </span>
     <span class='ocr_line' id='line_1_4' title="bbox 131 454 1814 521; baseline 0.003 -19"><span class='ocrx_word' id='word_1_20' title='bbox 131 457 274 504; x_wconf 88' lang='lat' dir='ltr'>natos</span> <span class='ocrx_word' id='word_1_21' title='bbox 324 455 465 502; x_wconf 92' lang='lat' dir='ltr'>annis</span> <span class='ocrx_word' id='word_1_22' title='bbox 513 454 821 515; x_wconf 88' lang='lat' dir='ltr'>melioribus,</span> <span class='ocrx_word' id='word_1_23' title='bbox 871 458 1104 516; x_wconf 90' lang='lat' dir='ltr'>quoniam</span> <span class='ocrx_word' id='word_1_24' title='bbox 1143 459 1431 518; x_wconf 83' lang='lat' dir='ltr'>posterioris</span> <span class='ocrx_word' id='word_1_25' title='bbox 1473 460 1580 505; x_wconf 84' lang='lat' dir='ltr'>aevi</span> <span class='ocrx_word' id='word_1_26' title='bbox 1622 464 1670 507; x_wconf 82' lang='lat' dir='ltr'>et</span> <span class='ocrx_word' id='word_1_27' title='bbox 1709 477 1814 521; x_wconf 87' lang='lat' dir='ltr'>per-</span> 
     </span>
     <span class='ocr_line' id='line_1_5' title="bbox 131 529 1815 592; baseline 0.002 -16"><span class='ocrx_word' id='word_1_28' title='bbox 131 529 360 576; x_wconf 86' lang='lat' dir='ltr'>diderant</span> <span class='ocrx_word' id='word_1_29' title='bbox 399 543 512 575; x_wconf 92' lang='lat' dir='ltr'>cum</span> <span class='ocrx_word' id='word_1_30' title='bbox 551 529 717 589; x_wconf 88' lang='lat' dir='ltr'>patria</span> <span class='ocrx_word' id='word_1_31' title='bbox 756 529 1019 590; x_wconf 87' lang='lat' dir='ltr'>imperium</span> <span class='ocrx_word' id='word_1_32' title='bbox 1059 533 1108 577; x_wconf 85' lang='lat' dir='ltr'>et</span> <span class='ocrx_word' id='word_1_33' title='bbox 1147 531 1291 578; x_wconf 83' lang='lat' dir='ltr'>multi</span> <span class='ocrx_word' id='word_1_34' title='bbox 1331 534 1585 592; x_wconf 87' lang='lat' dir='ltr'>perierunt</span> <span class='ocrx_word' id='word_1_35' title='bbox 1625 534 1815 582; x_wconf 80' lang='lat' dir='ltr'><strong>casibus</strong></span> 
     </span>
     <span class='ocr_line' id='line_1_6' title="bbox 86 602 1815 665; baseline 0.002 -14"><span class='ocrx_word' id='word_1_36' title='bbox 86 620 105 652; x_wconf 75' lang='grc'>5</span> <span class='ocrx_word' id='word_1_37' title='bbox 131 602 337 650; x_wconf 82' lang='lat' dir='ltr'>diversis</span> <span class='ocrx_word' id='word_1_38' title='bbox 401 605 450 649; x_wconf 90' lang='lat' dir='ltr'>et</span> <span class='ocrx_word' id='word_1_39' title='bbox 509 602 691 663; x_wconf 78' lang='lat' dir='ltr'>reliqui</span> <span class='ocrx_word' id='word_1_40' title='bbox 753 605 1057 665; x_wconf 86' lang='lat' dir='ltr'>gravissimis</span> <span class='ocrx_word' id='word_1_41' title='bbox 1119 604 1439 654; x_wconf 84' lang='lat' dir='ltr'>incommodis</span> <span class='ocrx_word' id='word_1_42' title='bbox 1509 606 1815 655; x_wconf 83' lang='lat' dir='ltr'>tenebantur.</span> 
     </span>
     <span class='ocr_line' id='line_1_7' title="bbox 130 676 1815 736; baseline 0.002 -12"><span class='ocrx_word' id='word_1_43' title='bbox 130 691 273 724; x_wconf 81' lang='lat' dir='ltr'>arma</span> <span class='ocrx_word' id='word_1_44' title='bbox 303 676 479 736; x_wconf 78' lang='lat' dir='ltr'>procul</span> <span class='ocrx_word' id='word_1_45' title='bbox 516 690 782 735; x_wconf 78' lang='lat' dir='ltr'>currusque</span> <span class='ocrx_word' id='word_1_46' title='bbox 820 678 980 723; x_wconf 81' lang='lat' dir='ltr'>virum</span> <span class='ocrx_word' id='word_1_47' title='bbox 1010 679 1254 726; x_wconf 74' lang='lat' dir='ltr'>mirantur</span> <span class='ocrx_word' id='word_1_48' title='bbox 1284 681 1463 726; x_wconf 76' lang='lat' dir='ltr'>inanis.</span> <span class='ocrx_word' id='word_1_49' title='bbox 1525 683 1654 727; x_wconf 75' lang='lat' dir='ltr'>stant</span> <span class='ocrx_word' id='word_1_50' title='bbox 1686 685 1815 728; x_wconf 81' lang='lat' dir='ltr'>ter-ra</span> 
     </span>
     <span class='ocr_line' id='line_1_8' title="bbox 129 750 1816 813; baseline 0.002 -16"><span class='ocrx_word' id='word_1_51' title='bbox 129 751 318 808; x_wconf 73' lang='lat' dir='ltr'>defixae</span> <span class='ocrx_word' id='word_1_52' title='bbox 347 750 516 798; x_wconf 79' lang='lat' dir='ltr'><em>hastae</em></span> <span class='ocrx_word' id='word_1_53' title='bbox 537 752 821 809; x_wconf 75' lang='lat' dir='ltr'><strong><em>passimque</em></strong></span> <span class='ocrx_word' id='word_1_54' title='bbox 852 750 995 797; x_wconf 73' lang='lat' dir='ltr'>soluti</span> <span class='ocrx_word' id='word_1_55' title='bbox 1018 766 1111 810; x_wconf 79' lang='lat' dir='ltr'>per</span> <span class='ocrx_word' id='word_1_56' title='bbox 1143 767 1364 810; x_wconf 80' lang='lat' dir='ltr'>campum</span> <span class='ocrx_word' id='word_1_57' title='bbox 1389 757 1662 811; x_wconf 80' lang='lat' dir='ltr'>pascuntur</span> <span class='ocrx_word' id='word_1_58' title='bbox 1686 756 1816 813; x_wconf 83' lang='lat' dir='ltr'>equi:</span> 
     </span>
     <span class='ocr_line' id='line_1_9' title="bbox 129 823 1815 888; baseline 0.002 -17"><span class='ocrx_word' id='word_1_59' title='bbox 129 823 443 872; x_wconf 80' lang='lat' dir='ltr'>mirabantur</span> <span class='ocrx_word' id='word_1_60' title='bbox 482 823 676 885; x_wconf 85' lang='lat' dir='ltr'>Sibylla</span> <span class='ocrx_word' id='word_1_61' title='bbox 716 827 766 871; x_wconf 88' lang='lat' dir='ltr'>et</span> <span class='ocrx_word' id='word_1_62' title='bbox 803 823 996 872; x_wconf 84' lang='lat' dir='ltr'><strong>Aeneas</strong></span> <span class='ocrx_word' id='word_1_63' title='bbox 1035 824 1214 872; x_wconf 88' lang='lat' dir='ltr'>habere</span> <span class='ocrx_word' id='word_1_64' title='bbox 1253 829 1472 874; x_wconf 83' lang='lat' dir='ltr'>mortuos</span> <span class='ocrx_word' id='word_1_65' title='bbox 1514 827 1643 888; x_wconf 90' lang='lat' dir='ltr'>quod</span> <span class='ocrx_word' id='word_1_66' title='bbox 1684 828 1815 888; x_wconf 84' lang='lat' dir='ltr'>apud</span> 
     </span>
     <span class='ocr_line' id='line_1_10' title="bbox 129 897 1814 960; baseline 0.001 -14"><span class='ocrx_word' id='word_1_67' title='bbox 129 913 331 960; x_wconf 89' lang='lat' dir='ltr'>superos</span> <span class='ocrx_word' id='word_1_68' title='bbox 370 898 641 945; x_wconf 81' lang='lat' dir='ltr'>incolumes</span> <span class='ocrx_word' id='word_1_69' title='bbox 681 897 877 945; x_wconf 88' lang='lat' dir='ltr'>habent.</span> <span class='ocrx_word' id='word_1_70' title='bbox 938 912 1060 956; x_wconf 78' lang='lat' dir='ltr'>quae</span> <span class='ocrx_word' id='word_1_71' title='bbox 1087 901 1251 958; x_wconf 70' lang='lat' dir='ltr'>qratia</span> <span class='ocrx_word' id='word_1_72' title='bbox 1283 915 1515 947; x_wconf 80' lang='lat' dir='ltr'>curruum</span> <span class='ocrx_word' id='word_1_73' title='bbox 1546 916 1814 948; x_wconf 80' lang='lat' dir='ltr'>armorum·</span> 
     </span>
    </p>

    <p class='ocr_par' dir='ltr' id='par_1_3' title="bbox 0 973 1903 2285">
     <span class='ocr_line' id='line_1_11' title="bbox 63 973 1903 1032; baseline -0.002 -9"><span class='ocrx_word' id='word_1_74' title='bbox 63 991 107 1023; x_wconf 82' lang='grc' dir='ltr'>ιο</span> <span class='ocrx_word' id='word_1_75' title='bbox 131 987 219 1032; x_wconf 80' lang='lat' dir='ltr'>que</span> <span class='ocrx_word' id='word_1_76' title='bbox 256 973 356 1031; x_wconf 73' lang='lat' dir='ltr'>fuit</span> <span class='ocrx_word' id='word_1_77' title='bbox 391 973 530 1027; x_wconf 77' lang='lat' dir='ltr'>vivis,</span> <span class='ocrx_word' id='word_1_78' title='bbox 570 985 694 1032; x_wconf 77' lang='lat' dir='ltr'>quae</span> <span class='ocrx_word' id='word_1_79' title='bbox 732 986 852 1019; x_wconf 82' lang='lat' dir='ltr'>eura</span> <span class='ocrx_word' id='word_1_80' title='bbox 890 973 1086 1019; x_wconf 75' lang='lat' dir='ltr'>nitentis</span> <span class='ocrx_word' id='word_1_81' title='bbox 1116 987 1318 1031; x_wconf 80' lang='lat' dir='ltr'>pascere</span> <span class='ocrx_word' id='word_1_82' title='bbox 1356 988 1496 1032; x_wconf 80' lang='lat' dir='ltr'>equos</span> <span class='ocrx_word' id='word_1_83' title='bbox 1537 974 1699 1021; x_wconf 76' lang='lat' dir='ltr'>eadem</span> <span class='ocrx_word' id='word_1_84' title='bbox 1730 990 1799 1022; x_wconf 86' lang='lat' dir='ltr'>se·</span> <span class='ocrx_word' id='word_1_85' title='bbox 1817 979 1903 1019; x_wconf 80' lang='lat'>655</span> 
     </span>
     <span class='ocr_line' id='line_1_12' title="bbox 130 1046 1816 1110; baseline 0.001 -17"><span class='ocrx_word' id='word_1_86' title='bbox 130 1047 295 1105; x_wconf 79' lang='lat' dir='ltr'>quitur</span> <span class='ocrx_word' id='word_1_87' title='bbox 342 1046 509 1094; x_wconf 74' lang='lat' dir='ltr'>tellure</span> <span class='ocrx_word' id='word_1_88' title='bbox 553 1049 790 1105; x_wconf 79' lang='lat' dir='ltr'>repostos:</span> <span class='ocrx_word' id='word_1_89' title='bbox 843 1046 1048 1093; x_wconf 87' lang='lat' dir='ltr'>nitentis</span> <span class='ocrx_word' id='word_1_90' title='bbox 1096 1061 1244 1107; x_wconf 91' lang='lat' dir='ltr'>equos</span> <span class='ocrx_word' id='word_1_91' title='bbox 1294 1046 1471 1094; x_wconf 90' lang='lat' dir='ltr'>habere</span> <span class='ocrx_word' id='word_1_92' title='bbox 1512 1051 1586 1095; x_wconf 87' lang='lat' dir='ltr'>est</span> <span class='ocrx_word' id='word_1_93' title='bbox 1625 1063 1816 1110; x_wconf 89' lang='lat' dir='ltr'>semper</span> 
     </span>
     <span class='ocr_line' id='line_1_13' title="bbox 129 1119 1813 1183; baseline 0.002 -17"><span class='ocrx_word' id='word_1_94' title='bbox 129 1119 181 1167; x_wconf 89' lang='lat' dir='ltr'>id</span> <span class='ocrx_word' id='word_1_95' title='bbox 229 1135 373 1183; x_wconf 87' lang='lat' dir='ltr'>agere</span> <span class='ocrx_word' id='word_1_96' title='bbox 418 1122 478 1167; x_wconf 89' lang='lat' dir='ltr'>ut</span> <span class='ocrx_word' id='word_1_97' title='bbox 522 1120 709 1182; x_wconf 88' lang='lat' dir='ltr'>iugiter</span> <span class='ocrx_word' id='word_1_98' title='bbox 754 1120 947 1166; x_wconf 87' lang='lat' dir='ltr'>niteant</span> <span class='ocrx_word' id='word_1_99' title='bbox 994 1122 1044 1166; x_wconf 90' lang='lat' dir='ltr'>et</span> <span class='ocrx_word' id='word_1_100' title='bbox 1089 1136 1358 1181; x_wconf 84' lang='lat' dir='ltr'>numquam</span> <span class='ocrx_word' id='word_1_101' title='bbox 1405 1120 1667 1168; x_wconf 87' lang='lat' dir='ltr'>videantur</span> <span class='ocrx_word' id='word_1_102' title='bbox 1712 1137 1813 1169; x_wconf 89' lang='lat' dir='ltr'>esse</span> 
     </span>
     <span class='ocr_line' id='line_1_14' title="bbox 130 1187 1815 1259; baseline 0.002 -19"><span class='ocrx_word' id='word_1_103' title='bbox 130 1193 355 1257; x_wconf 77' lang='lat' dir='ltr'>neglecti.</span> <span class='ocrx_word' id='word_1_104' title='bbox 437 1193 554 1241; x_wconf 88' lang='lat' dir='ltr'>talis</span> <span class='ocrx_word' id='word_1_105' title='bbox 605 1209 774 1242; x_wconf 87' lang='lat' dir='ltr'>sensus</span> <span class='ocrx_word' id='word_1_106' title='bbox 822 1196 896 1241; x_wconf 90' lang='lat' dir='ltr'>est</span> <span class='ocrx_word' id='word_1_107' title='bbox 941 1195 992 1240; x_wconf 91' lang='lat' dir='ltr'>in</span> <span class='ocrx_word' id='word_1_108' title='bbox 1039 1193 1272 1241; x_wconf 88' lang='lat' dir='ltr'>bucolicis</span> <span class='ocrx_word' id='word_1_109' title='bbox 1322 1187 1399 1257; x_wconf 83' lang='lat'>(5,</span> <span class='ocrx_word' id='word_1_110' title='bbox 1436 1187 1528 1259; x_wconf 84' lang='lat'>44)</span> <span class='ocrx_word' id='word_1_111' title='bbox 1575 1196 1815 1254; x_wconf 89' lang='lat' dir='ltr'>„formosi</span> 
     </span>
     <span class='ocr_line' id='line_1_15' title="bbox 129 1266 1812 1330; baseline 0.001 -15"><span class='ocrx_word' id='word_1_112' title='bbox 129 1268 320 1329; x_wconf 87' lang='lat' dir='ltr'>pecoris</span> <span class='ocrx_word' id='word_1_113' title='bbox 362 1270 543 1330; x_wconf 87' lang='lat' dir='ltr'>custos,</span> <span class='ocrx_word' id='word_1_114' title='bbox 585 1267 847 1315; x_wconf 86' lang='lat' dir='ltr'>formosior</span> <span class='ocrx_word' id='word_1_115' title='bbox 885 1266 1035 1328; x_wconf 86' lang='lat' dir='ltr'>ipse“.</span> <span class='ocrx_word' id='word_1_116' title='bbox 1113 1269 1275 1316; x_wconf 86' lang='lat' dir='ltr'>custos</span> <span class='ocrx_word' id='word_1_117' title='bbox 1317 1270 1390 1314; x_wconf 83' lang='lat' dir='ltr'>est</span> <span class='ocrx_word' id='word_1_118' title='bbox 1429 1269 1557 1314; x_wconf 90' lang='lat' dir='ltr'>enim</span> <span class='ocrx_word' id='word_1_119' title='bbox 1600 1269 1812 1329; x_wconf 86' lang='lat' dir='ltr'>pulchri-</span> 
     </span>
     <span class='ocr_line' id='line_1_16' title="bbox 64 1340 1813 1403; baseline -0.002 -11"><span class='ocrx_word' id='word_1_120' title='bbox 64 1360 106 1392; x_wconf 78' lang='lat'>15</span> <span class='ocrx_word' id='word_1_121' title='bbox 130 1340 317 1389; x_wconf 78' lang='lat' dir='ltr'>tudinis</span> <span class='ocrx_word' id='word_1_122' title='bbox 370 1357 603 1403; x_wconf 88' lang='lat' dir='ltr'>pecorum</span> <span class='ocrx_word' id='word_1_123' title='bbox 658 1343 738 1389; x_wconf 87' lang='lat' dir='ltr'>cui</span> <span class='ocrx_word' id='word_1_124' title='bbox 793 1343 866 1389; x_wconf 92' lang='lat' dir='ltr'>est</span> <span class='ocrx_word' id='word_1_125' title='bbox 920 1357 1037 1388; x_wconf 88' lang='lat' dir='ltr'>cura</span> <span class='ocrx_word' id='word_1_126' title='bbox 1091 1344 1148 1388; x_wconf 88' lang='lat' dir='ltr'>ut</span> <span class='ocrx_word' id='word_1_127' title='bbox 1201 1357 1390 1403; x_wconf 89' lang='lat' dir='ltr'>semper</span> <span class='ocrx_word' id='word_1_128' title='bbox 1441 1342 1653 1389; x_wconf 88' lang='lat' dir='ltr'>formosa</span> <span class='ocrx_word' id='word_1_129' title='bbox 1700 1342 1813 1390; x_wconf 88' lang='lat' dir='ltr'>sint.</span> 
     </span>
     <span class='ocr_line' id='line_1_17' title="bbox 130 1417 1815 1478; baseline 0 -15"><span class='ocrx_word' id='word_1_130' title='bbox 130 1431 256 1478; x_wconf 87' lang='lat' dir='ltr'>quae</span> <span class='ocrx_word' id='word_1_131' title='bbox 304 1430 423 1463; x_wconf 83' lang='lat' dir='ltr'>cura</span> <span class='ocrx_word' id='word_1_132' title='bbox 469 1417 674 1464; x_wconf 85' lang='lat' dir='ltr'>nitentis</span> <span class='ocrx_word' id='word_1_133' title='bbox 723 1430 872 1476; x_wconf 91' lang='lat' dir='ltr'>equos</span> <span class='ocrx_word' id='word_1_134' title='bbox 914 1430 1113 1476; x_wconf 86' lang='lat' dir='ltr'>pascere</span> <span class='ocrx_word' id='word_1_135' title='bbox 1154 1417 1203 1462; x_wconf 91' lang='lat' dir='ltr'>et</span> <span class='ocrx_word' id='word_1_136' title='bbox 1241 1417 1403 1478; x_wconf 83' lang='lat' dir='ltr'>gratia</span> <span class='ocrx_word' id='word_1_137' title='bbox 1441 1430 1687 1464; x_wconf 89' lang='lat' dir='ltr'>armorum</span> <span class='ocrx_word' id='word_1_138' title='bbox 1728 1418 1815 1463; x_wconf 83' lang='lat' dir='ltr'>aut</span> 
     </span>
     <span class='ocr_line' id='line_1_18' title="bbox 129 1488 1813 1550; baseline -0.001 -13"><span class='ocrx_word' id='word_1_139' title='bbox 129 1505 364 1537; x_wconf 87' lang='lat' dir='ltr'>curruum</span> <span class='ocrx_word' id='word_1_140' title='bbox 409 1489 507 1536; x_wconf 90' lang='lat' dir='ltr'>fuit</span> <span class='ocrx_word' id='word_1_141' title='bbox 552 1491 680 1538; x_wconf 88' lang='lat' dir='ltr'>vivis</span> <span class='ocrx_word' id='word_1_142' title='bbox 729 1489 900 1537; x_wconf 85' lang='lat' dir='ltr'>eadem</span> <span class='ocrx_word' id='word_1_143' title='bbox 947 1491 1167 1536; x_wconf 89' lang='lat' dir='ltr'>mortuos</span> <span class='ocrx_word' id='word_1_144' title='bbox 1207 1490 1451 1550; x_wconf 88' lang='lat' dir='ltr'>sequitur,</span> <span class='ocrx_word' id='word_1_145' title='bbox 1495 1488 1547 1535; x_wconf 89' lang='lat' dir='ltr'>id</span> <span class='ocrx_word' id='word_1_146' title='bbox 1585 1492 1659 1537; x_wconf 89' lang='lat' dir='ltr'>est</span> <span class='ocrx_word' id='word_1_147' title='bbox 1698 1504 1813 1536; x_wconf 85' lang='lat' dir='ltr'>cura</span> 
     </span>
     <span class='ocr_line' id='line_1_19' title="bbox 129 1562 1811 1627; baseline -0.001 -17"><span class='ocrx_word' id='word_1_148' title='bbox 129 1566 180 1610; x_wconf 86' lang='lat' dir='ltr'>et</span> <span class='ocrx_word' id='word_1_149' title='bbox 233 1564 399 1627; x_wconf 87' lang='lat' dir='ltr'>gratia</span> <span class='ocrx_word' id='word_1_150' title='bbox 452 1564 772 1625; x_wconf 84' lang='lat' dir='ltr'>praecedens3</span> <span class='ocrx_word' id='word_1_151' title='bbox 835 1563 1017 1625; x_wconf 89' lang='lat' dir='ltr'>quippe</span> <span class='ocrx_word' id='word_1_152' title='bbox 1072 1562 1382 1626; x_wconf 81' lang='lat' dir='ltr'>diligentiam</span> <span class='ocrx_word' id='word_1_153' title='bbox 1444 1564 1606 1626; x_wconf 87' lang='lat' dir='ltr'>gratia</span> <span class='ocrx_word' id='word_1_154' title='bbox 1666 1562 1811 1623; x_wconf 87' lang='lat' dir='ltr'>parit.</span> 
     </span>
     <span class='ocr_line' id='line_1_20' title="bbox 128 1636 1815 1701; baseline -0.001 -16"><span class='ocrx_word' id='word_1_155' title='bbox 128 1638 222 1686; x_wconf 88' lang='lat' dir='ltr'>hoc</span> <span class='ocrx_word' id='word_1_156' title='bbox 275 1637 432 1701; x_wconf 89' lang='lat' dir='ltr'>igitur</span> <span class='ocrx_word' id='word_1_157' title='bbox 485 1639 696 1687; x_wconf 80' lang='lat' dir='ltr'>mortuis</span> <span class='ocrx_word' id='word_1_158' title='bbox 757 1637 975 1685; x_wconf 81' lang='lat' dir='ltr'>studium</span> <span class='ocrx_word' id='word_1_159' title='bbox 1030 1637 1128 1684; x_wconf 84' lang='lat' dir='ltr'>fuit</span> <span class='ocrx_word' id='word_1_160' title='bbox 1181 1636 1312 1698; x_wconf 90' lang='lat' dir='ltr'>quod</span> <span class='ocrx_word' id='word_1_161' title='bbox 1364 1636 1506 1683; x_wconf 81' lang='lat' dir='ltr'>viviS.</span> <span class='ocrx_word' id='word_1_162' title='bbox 1588 1637 1815 1695; x_wconf 56' lang='lat' dir='ltr'>conspicit</span> 
     </span>
     <span class='ocr_line' id='line_1_21' title="bbox 14 1709 1814 1776; baseline -0.003 -15"><span class='ocrx_word' id='word_1_163' title='bbox 14 1766 22 1776; x_wconf 41' lang='lat'><em>¹</em></span> <span class='ocrx_word' id='word_1_164' title='bbox 62 1729 107 1762; x_wconf 75' lang='lat'>20</span> <span class='ocrx_word' id='word_1_165' title='bbox 132 1726 230 1760; x_wconf 82' lang='lat' dir='ltr'>ecee</span> <span class='ocrx_word' id='word_1_166' title='bbox 268 1713 391 1760; x_wconf 78' lang='lat' dir='ltr'>alios</span> <span class='ocrx_word' id='word_1_167' title='bbox 430 1713 601 1760; x_wconf 76' lang='lat' dir='ltr'>dextra</span> <span class='ocrx_word' id='word_1_168' title='bbox 638 1713 869 1771; x_wconf 80' lang='lat' dir='ltr'>laevaque</span> <span class='ocrx_word' id='word_1_169' title='bbox 889 1709 892 1714; x_wconf 81' lang='grc'><strong>’</strong></span> <span class='ocrx_word' id='word_1_170' title='bbox 898 1726 993 1771; x_wconf 80' lang='lat' dir='ltr'>per</span> <span class='ocrx_word' id='word_1_171' title='bbox 1035 1711 1231 1758; x_wconf 79' lang='lat' dir='ltr'>herbam</span> <span class='ocrx_word' id='word_1_172' title='bbox 1277 1711 1502 1757; x_wconf 79' lang='lat' dir='ltr'>vescentis</span> <span class='ocrx_word' id='word_1_173' title='bbox 1546 1709 1814 1769; x_wconf 78' lang='lat' dir='ltr'>laetumque</span> 
     </span>
     <span class='ocr_line' id='line_1_22' title="bbox 129 1782 1813 1846; baseline -0.003 -12.325"><span class='ocrx_word' id='word_1_174' title='bbox 129 1786 269 1834; x_wconf 82' lang='lat' dir='ltr'>choro</span> <span class='ocrx_word' id='word_1_175' title='bbox 313 1800 516 1846; x_wconf 76' lang='lat' dir='ltr'>paewna</span> <span class='ocrx_word' id='word_1_176' title='bbox 570 1787 807 1841; x_wconf 52' lang='lat' dir='ltr'>canenti&amp;</span> <span class='ocrx_word' id='word_1_177' title='bbox 863 1785 1050 1833; x_wconf 86' lang='lat' dir='ltr'>scilicet</span> <span class='ocrx_word' id='word_1_178' title='bbox 1096 1785 1379 1832; x_wconf 86' lang='lat' dir='ltr'>convivium</span> <span class='ocrx_word' id='word_1_179' title='bbox 1426 1782 1716 1830; x_wconf 82' lang='lat' dir='ltr'>celebrantis</span> <span class='ocrx_word' id='word_1_180' title='bbox 1765 1787 1813 1830; x_wconf 82' lang='lat' dir='ltr'>et</span> 
     </span>
     <span class='ocr_line' id='line_1_23' title="bbox 11 1856 1808 1924; baseline -0.002 -17"><span class='ocrx_word' id='word_1_181' title='bbox 11 1860 28 1924; x_wconf 89' lang='grc' dir='ltr'><strong><em>Ξ</em></strong></span> <span class='ocrx_word' id='word_1_182' title='bbox 128 1861 329 1923; x_wconf 84' lang='lat' dir='ltr'>praeter</span> <span class='ocrx_word' id='word_1_183' title='bbox 367 1859 627 1922; x_wconf 88' lang='lat' dir='ltr'>epularum</span> <span class='ocrx_word' id='word_1_184' title='bbox 664 1860 912 1908; x_wconf 86' lang='lat' dir='ltr'>laetitiam</span> <span class='ocrx_word' id='word_1_185' title='bbox 950 1858 1254 1907; x_wconf 83' lang='lat' dir='ltr'>hilaritatem</span> <span class='ocrx_word' id='word_1_186' title='bbox 1295 1872 1435 1905; x_wconf 88' lang='lat' dir='ltr'>suam</span> <span class='ocrx_word' id='word_1_187' title='bbox 1475 1857 1613 1905; x_wconf 86' lang='lat' dir='ltr'>festis</span> <span class='ocrx_word' id='word_1_188' title='bbox 1661 1856 1808 1904; x_wconf 87' lang='lat' dir='ltr'>etiam</span> 
     </span>
     <span class='ocr_line' id='line_1_24' title="bbox 15 1930 1814 1996; baseline -0.003 -14"><span class='ocrx_word' id='word_1_189' title='bbox 15 1942 22 1948; x_wconf 82' lang='grc'><em>·</em></span> <span class='ocrx_word' id='word_1_190' title='bbox 129 1933 357 1982; x_wconf 86' lang='lat' dir='ltr'>cantibus</span> <span class='ocrx_word' id='word_1_191' title='bbox 394 1935 735 1996; x_wconf 83' lang='lat' dir='ltr'>protestantis.</span> <span class='ocrx_word' id='word_1_192' title='bbox 812 1935 939 1981; x_wconf 80' lang='lat' dir='ltr'>inter</span> <span class='ocrx_word' id='word_1_193' title='bbox 981 1933 1233 1980; x_wconf 82' lang='lat' dir='ltr'>odoratum</span> <span class='ocrx_word' id='word_1_194' title='bbox 1272 1932 1402 1978; x_wconf 75' lang='lat' dir='ltr'>lauri</span> <span class='ocrx_word' id='word_1_195' title='bbox 1447 1944 1637 1984; x_wconf 76' lang='lat' dir='ltr'>nemus,</span> <span class='ocrx_word' id='word_1_196' title='bbox 1684 1930 1814 1976; x_wconf 77' lang='lat' dir='ltr'>unde</span> 
     </span>
     <span class='ocr_line' id='line_1_25' title="bbox 12 2004 1813 2070; baseline -0.003 -14"><span class='ocrx_word' id='word_1_197' title='bbox 12 2054 20 2070; x_wconf 54' lang='grc'>,</span> <span class='ocrx_word' id='word_1_198' title='bbox 128 2022 338 2068; x_wconf 78' lang='lat' dir='ltr'>superne</span> <span class='ocrx_word' id='word_1_199' title='bbox 389 2009 640 2068; x_wconf 73' lang='lat' dir='ltr'>plwrimus</span> <span class='ocrx_word' id='word_1_200' title='bbox 699 2008 918 2055; x_wconf 78' lang='lat' dir='ltr'>Eridani</span> <span class='ocrx_word' id='word_1_201' title='bbox 969 2021 1063 2066; x_wconf 77' lang='lat' dir='ltr'>per</span> <span class='ocrx_word' id='word_1_202' title='bbox 1122 2006 1296 2052; x_wconf 77' lang='lat' dir='ltr'>silvam</span> <span class='ocrx_word' id='word_1_203' title='bbox 1355 2004 1562 2051; x_wconf 74' lang='lat' dir='ltr'>volvitur</span> <span class='ocrx_word' id='word_1_204' title='bbox 1627 2005 1813 2051; x_wconf 76' lang='lat' dir='ltr'>amnis:</span> 
     </span>
     <span class='ocr_line' id='line_1_26' title="bbox 0 2079 1811 2140; baseline -0.007 -4"><span class='ocrx_word' id='word_1_205' title='bbox 0 2079 25 2136; x_wconf 66' lang='lat'>³}</span> <span class='ocrx_word' id='word_1_206' title='bbox 62 2099 107 2132; x_wconf 71' lang='lat'>25</span> <span class='ocrx_word' id='word_1_207' title='bbox 130 2081 296 2130; x_wconf 88' lang='lat' dir='ltr'>omnia</span> <span class='ocrx_word' id='word_1_208' title='bbox 341 2080 395 2129; x_wconf 88' lang='lat' dir='ltr'>in</span> <span class='ocrx_word' id='word_1_209' title='bbox 440 2098 595 2130; x_wconf 92' lang='lat' dir='ltr'>unum</span> <span class='ocrx_word' id='word_1_210' title='bbox 639 2081 774 2130; x_wconf 88' lang='lat' dir='ltr'>laeta</span> <span class='ocrx_word' id='word_1_211' title='bbox 820 2082 1172 2140; x_wconf 86' lang='lat' dir='ltr'>convenerant,</span> <span class='ocrx_word' id='word_1_212' title='bbox 1217 2079 1532 2126; x_wconf 86' lang='lat' dir='ltr'>honestorum</span> <span class='ocrx_word' id='word_1_213' title='bbox 1575 2092 1811 2139; x_wconf 86' lang='lat' dir='ltr'>personae</span> 
     </span>
     <span class='ocr_line' id='line_1_27' title="bbox 130 2151 1811 2218; baseline -0.004 -14"><span class='ocrx_word' id='word_1_214' title='bbox 130 2158 396 2218; x_wconf 89' lang='lat' dir='ltr'>coetusque</span> <span class='ocrx_word' id='word_1_215' title='bbox 435 2156 702 2216; x_wconf 86' lang='lat' dir='ltr'>iustorum,</span> <span class='ocrx_word' id='word_1_216' title='bbox 742 2157 1011 2218; x_wconf 84' lang='lat' dir='ltr'>apparatus</span> <span class='ocrx_word' id='word_1_217' title='bbox 1052 2153 1342 2211; x_wconf 88' lang='lat' dir='ltr'>adfluentes,</span> <span class='ocrx_word' id='word_1_218' title='bbox 1389 2151 1586 2199; x_wconf 84' lang='lat' dir='ltr'>laetitia</span> <span class='ocrx_word' id='word_1_219' title='bbox 1625 2155 1811 2209; x_wconf 86' lang='lat' dir='ltr'>cantus,</span> 
     </span>
     <span class='ocr_line' id='line_1_28' title="bbox 129 2225 1811 2285; baseline -0.002 -9"><span class='ocrx_word' id='word_1_220' title='bbox 129 2229 266 2278; x_wconf 89' lang='lat' dir='ltr'>locus</span> <span class='ocrx_word' id='word_1_221' title='bbox 303 2229 468 2278; x_wconf 88' lang='lat' dir='ltr'>herbis</span> <span class='ocrx_word' id='word_1_222' title='bbox 506 2229 681 2278; x_wconf 78' lang='lat' dir='ltr'>hilaris</span> <span class='ocrx_word' id='word_1_223' title='bbox 722 2231 772 2277; x_wconf 93' lang='lat' dir='ltr'>et</span> <span class='ocrx_word' id='word_1_224' title='bbox 809 2227 1050 2276; x_wconf 89' lang='lat' dir='ltr'>iucundus</span> <span class='ocrx_word' id='word_1_225' title='bbox 1090 2225 1319 2275; x_wconf 86' lang='lat' dir='ltr'>odoribus</span> <span class='ocrx_word' id='word_1_226' title='bbox 1355 2225 1498 2285; x_wconf 73' lang='lat' dir='ltr'>lam-i,</span> <span class='ocrx_word' id='word_1_227' title='bbox 1530 2238 1811 2272; x_wconf 85' lang='lat' dir='ltr'>nemorosus</span> 
     </span>
    </p>

    <p class='ocr_par' dir='ltr' id='par_1_4' title="bbox 55 2298 1900 2515">
     <span class='ocr_line' id='line_1_29' title="bbox 55 2298 1900 2366; baseline -0.006 -15"><span class='ocrx_word' id='word_1_228' title='bbox 55 2331 58 2333; x_wconf 35' lang='lat' dir='ltr'>v</span> <span class='ocrx_word' id='word_1_229' title='bbox 130 2306 282 2366; x_wconf 86' lang='lat' dir='ltr'>atque</span> <span class='ocrx_word' id='word_1_230' title='bbox 319 2303 566 2352; x_wconf 83' lang='lat' dir='ltr'>undarum</span> <span class='ocrx_word' id='word_1_231' title='bbox 603 2303 894 2366; x_wconf 89' lang='lat' dir='ltr'>perennium</span> <span class='ocrx_word' id='word_1_232' title='bbox 933 2300 1075 2363; x_wconf 89' lang='lat' dir='ltr'>copia</span> <span class='ocrx_word' id='word_1_233' title='bbox 1106 2315 1297 2360; x_wconf 89' lang='lat' dir='ltr'>semper</span> <span class='ocrx_word' id='word_1_234' title='bbox 1327 2300 1534 2360; x_wconf 84' lang='lat' dir='ltr'>apricus.</span> <span class='ocrx_word' id='word_1_235' title='bbox 1590 2298 1666 2344; x_wconf 80' lang='lat' dir='ltr'>hic</span> <span class='ocrx_word' id='word_1_236' title='bbox 1694 2312 1795 2344; x_wconf 84' lang='lat' dir='ltr'>ma-</span> <span class='ocrx_word' id='word_1_237' title='bbox 1813 2299 1900 2340; x_wconf 81' lang='grc'>660</span> 
     </span>
     <span class='ocr_line' id='line_1_30' title="bbox 129 2371 1810 2438; baseline -0.005 -13"><span class='ocrx_word' id='word_1_238' title='bbox 129 2392 226 2425; x_wconf 77' lang='lat' dir='ltr'>nus</span> <span class='ocrx_word' id='word_1_239' title='bbox 264 2377 322 2426; x_wconf 83' lang='lat' dir='ltr'>ob</span> <span class='ocrx_word' id='word_1_240' title='bbox 351 2380 575 2438; x_wconf 77' lang='lat' dir='ltr'>patriam</span> <span class='ocrx_word' id='word_1_241' title='bbox 605 2377 877 2438; x_wconf 73' lang='lat' dir='ltr'>puynando</span> <span class='ocrx_word' id='word_1_242' title='bbox 917 2375 1119 2423; x_wconf 79' lang='lat' dir='ltr'>vulnera</span> <span class='ocrx_word' id='word_1_243' title='bbox 1147 2374 1313 2433; x_wconf 80' lang='lat' dir='ltr'>passi:</span> <span class='ocrx_word' id='word_1_244' title='bbox 1350 2373 1405 2420; x_wconf 87' lang='lat' dir='ltr'>in</span> <span class='ocrx_word' id='word_1_245' title='bbox 1434 2372 1650 2419; x_wconf 83' lang='lat' dir='ltr'>maxima</span> <span class='ocrx_word' id='word_1_246' title='bbox 1680 2371 1810 2418; x_wconf 87' lang='lat' dir='ltr'>enim</span> 
     </span>
     <span class='ocr_line' id='line_1_31' title="bbox 60 2445 1810 2515; baseline -0.006 -14"><span class='ocrx_word' id='word_1_247' title='bbox 60 2469 108 2503; x_wconf 68' lang='lat' dir='ltr'>so</span> <span class='ocrx_word' id='word_1_248' title='bbox 130 2453 247 2500; x_wconf 87' lang='lat' dir='ltr'>sunt</span> <span class='ocrx_word' id='word_1_249' title='bbox 284 2451 447 2515; x_wconf 84' lang='lat' dir='ltr'>gloria</span> <span class='ocrx_word' id='word_1_250' title='bbox 487 2451 574 2514; x_wconf 87' lang='lat' dir='ltr'>qui</span> <span class='ocrx_word' id='word_1_251' title='bbox 610 2467 701 2514; x_wconf 89' lang='lat' dir='ltr'>pro</span> <span class='ocrx_word' id='word_1_252' title='bbox 740 2451 904 2513; x_wconf 83' lang='lat' dir='ltr'>patria</span> <span class='ocrx_word' id='word_1_253' title='bbox 942 2450 1220 2513; x_wconf 82' lang='lat' dir='ltr'>pugnantes</span> <span class='ocrx_word' id='word_1_254' title='bbox 1259 2445 1501 2506; x_wconf 80' lang='lat' dir='ltr'>obierunt,</span> <span class='ocrx_word' id='word_1_255' title='bbox 1540 2447 1595 2492; x_wconf 83' lang='lat' dir='ltr'>ut</span> <span class='ocrx_word' id='word_1_256' title='bbox 1633 2459 1659 2491; x_wconf 89' lang='grc'>6</span> <span class='ocrx_word' id='word_1_257' title='bbox 1697 2458 1810 2491; x_wconf 86' lang='lat' dir='ltr'>con·</span> 
     </span>
    </p>
   </div>
   <div class='ocr_carea' id='block_1_3' title="bbox 0 1471 3 2020">
    <p class='ocr_par' dir='ltr' id='par_1_5' title="bbox 0 1471 3 2020">
     <span class='ocr_line' id='line_1_32' title="bbox 0 1471 3 2020; baseline 0 0"><span class='ocrx_word' id='word_1_258' title='bbox 0 1471 3 2020; x_wconf 95' lang='lat' dir='ltr'> </span> 
     </span>
    </p>
   </div>
   <div class='ocr_carea' id='block_1_4' title="bbox 221 2559 484 2564">
    <p class='ocr_par' dir='ltr' id='par_1_6' title="bbox 221 2559 484 2564">
     <span class='ocr_line' id='line_1_33' title="bbox 221 2559 484 2564; baseline 0 0"><span class='ocrx_word' id='word_1_259' title='bbox 221 2559 484 2564; x_wconf 95' lang='lat' dir='ltr'> </span> 
     </span>
    </p>
   </div>
   <div class='ocr_carea' id='block_1_5' title="bbox 36 2610 1808 3036">
    <p class='ocr_par' dir='ltr' id='par_1_7' title="bbox 111 2610 1808 2857">
     <span class='ocr_line' id='line_1_34' title="bbox 248 2610 1807 2672; baseline -0.007 -6"><span class='ocrx_word' id='word_1_260' title='bbox 248 2627 274 2666; x_wconf 84' lang='lat'>2</span> <span class='ocrx_word' id='word_1_261' title='bbox 306 2627 474 2668; x_wconf 65' lang='lat' dir='ltr'>veteres</span> <span class='ocrx_word' id='word_1_262' title='bbox 503 2621 558 2666; x_wconf 89' lang='lat' dir='ltr'>V.</span> <span class='ocrx_word' id='word_1_263' title='bbox 703 2625 728 2664; x_wconf 89' lang='grc'>6</span> <span class='ocrx_word' id='word_1_264' title='bbox 760 2626 904 2665; x_wconf 83' lang='lat' dir='ltr'>terrae</span> <span class='ocrx_word' id='word_1_265' title='bbox 934 2618 1005 2662; x_wconf 87' lang='lat' dir='ltr'>ed.</span> <span class='ocrx_word' id='word_1_266' title='bbox 1148 2620 1264 2661; x_wconf 83' lang='lat'>8—9</span> <span class='ocrx_word' id='word_1_267' title='bbox 1296 2615 1422 2672; x_wconf 81' lang='lat' dir='ltr'>apud</span> <span class='ocrx_word' id='word_1_268' title='bbox 1450 2626 1635 2669; x_wconf 70' lang='lat' dir='ltr'>superos</span> <span class='ocrx_word' id='word_1_269' title='bbox 1664 2610 1704 2655; x_wconf 89' lang='lat' dir='ltr'><strong>V</strong></span> <span class='ocrx_word' id='word_1_270' title='bbox 1734 2626 1807 2656; x_wconf 76' lang='lat' dir='ltr'>eu·</span> 
     </span>
     <span class='ocr_line' id='line_1_35' title="bbox 121 2669 1748 2739; baseline -0.008 -12"><span class='ocrx_word' id='word_1_271' title='bbox 121 2683 230 2739; x_wconf 78' lang='lat' dir='ltr'>peri</span> <span class='ocrx_word' id='word_1_272' title='bbox 258 2681 331 2727; x_wconf 83' lang='lat' dir='ltr'>ed.</span> <span class='ocrx_word' id='word_1_273' title='bbox 476 2685 502 2724; x_wconf 89' lang='grc'>9</span> <span class='ocrx_word' id='word_1_274' title='bbox 534 2695 728 2727; x_wconf 79' lang='lat' dir='ltr'>curuum</span> <span class='ocrx_word' id='word_1_275' title='bbox 756 2678 799 2723; x_wconf 88' lang='lat' dir='ltr'><strong>V</strong></span> <span class='ocrx_word' id='word_1_276' title='bbox 829 2677 1014 2723; x_wconf 59' lang='lat' dir='ltr'>curram</span> <span class='ocrx_word' id='word_1_277' title='bbox 1045 2675 1117 2720; x_wconf 84' lang='lat' dir='ltr'>ed.</span> <span class='ocrx_word' id='word_1_278' title='bbox 1255 2679 1307 2718; x_wconf 89' lang='lat'>11</span> <span class='ocrx_word' id='word_1_279' title='bbox 1342 2674 1527 2718; x_wconf 68' lang='lat' dir='ltr'>nitentis</span> <span class='ocrx_word' id='word_1_280' title='bbox 1556 2684 1666 2728; x_wconf 65' lang='lat' dir='ltr'>quoe</span> <span class='ocrx_word' id='word_1_281' title='bbox 1694 2669 1748 2714; x_wconf 87' lang='lat' dir='ltr'>V.</span> 
     </span>
     <span class='ocr_line' id='line_1_36' title="bbox 133 2733 1807 2797; baseline -0.009 -10"><span class='ocrx_word' id='word_1_282' title='bbox 133 2746 308 2786; x_wconf 77' lang='lat'><strong>13—14</strong></span> <span class='ocrx_word' id='word_1_283' title='bbox 337 2742 534 2797; x_wconf 74' lang='lat' dir='ltr'>fumosi</span> <span class='ocrx_word' id='word_1_284' title='bbox 556 2754 603 2796; x_wconf 79' lang='lat' dir='ltr'>p.</span> <span class='ocrx_word' id='word_1_285' title='bbox 628 2753 664 2784; x_wconf 84' lang='grc'>6.</span> <span class='ocrx_word' id='word_1_286' title='bbox 688 2737 963 2794; x_wconf 78' lang='lat' dir='ltr'>formonsior</span> <span class='ocrx_word' id='word_1_287' title='bbox 992 2734 1035 2779; x_wconf 91' lang='lat' dir='ltr'><strong>V</strong></span> <span class='ocrx_word' id='word_1_288' title='bbox 1065 2733 1206 2790; x_wconf 81' lang='lat' dir='ltr'>(infra</span> <span class='ocrx_word' id='word_1_289' title='bbox 1235 2733 1463 2789; x_wconf 72' lang='lat' dir='ltr'>semesa).</span> <span class='ocrx_word' id='word_1_290' title='bbox 1584 2733 1638 2773; x_wconf 73' lang='lat'>14</span> <span class='ocrx_word' id='word_1_291' title='bbox 1667 2741 1807 2797; x_wconf 69' lang='lat' dir='ltr'>eausa</span> 
     </span>
     <span class='ocr_line' id='line_1_37' title="bbox 111 2785 1808 2857; baseline -0.009 -12"><span class='ocrx_word' id='word_1_292' title='bbox 111 2798 238 2857; x_wconf 69' lang='lat' dir='ltr'>&#39;post</span> <span class='ocrx_word' id='word_1_293' title='bbox 267 2802 388 2846; x_wconf 74' lang='lat' dir='ltr'>enim</span> <span class='ocrx_word' id='word_1_294' title='bbox 418 2797 634 2855; x_wconf 81' lang='lat' dir='ltr'>interpol.</span> <span class='ocrx_word' id='word_1_295' title='bbox 660 2797 732 2841; x_wconf 89' lang='lat' dir='ltr'>ed.</span> <span class='ocrx_word' id='word_1_296' title='bbox 863 2800 917 2838; x_wconf 84' lang='lat'>15</span> <span class='ocrx_word' id='word_1_297' title='bbox 948 2807 1061 2840; x_wconf 67' lang='lat' dir='ltr'>eura</span> <span class='ocrx_word' id='word_1_298' title='bbox 1091 2794 1166 2838; x_wconf 73' lang='lat' dir='ltr'>uis</span> <span class='ocrx_word' id='word_1_299' title='bbox 1195 2791 1238 2836; x_wconf 89' lang='lat' dir='ltr'><strong>V</strong></span> <span class='ocrx_word' id='word_1_300' title='bbox 1267 2805 1380 2837; x_wconf 75' lang='lat' dir='ltr'>cura</span> <span class='ocrx_word' id='word_1_301' title='bbox 1409 2795 1461 2834; x_wconf 78' lang='lat' dir='ltr'>ut</span> <span class='ocrx_word' id='word_1_302' title='bbox 1490 2788 1562 2832; x_wconf 85' lang='lat' dir='ltr'>ed.</span> <span class='ocrx_word' id='word_1_303' title='bbox 1596 2790 1619 2855; x_wconf 43' lang='grc' dir='ltr'>Ι.</span> <span class='ocrx_word' id='word_1_304' title='bbox 1644 2790 1738 2832; x_wconf 72' lang='lat' dir='ltr'>emt</span> <span class='ocrx_word' id='word_1_305' title='bbox 1767 2785 1808 2829; x_wconf 90' lang='lat' dir='ltr'><strong>V</strong></span> 
     </span>
    </p>

    <p class='ocr_par' dir='ltr' id='par_1_8' title="bbox 36 2845 1804 3036">
     <span class='ocr_line' id='line_1_38' title="bbox 125 2845 1748 2915; baseline -0.01 -10"><span class='ocrx_word' id='word_1_306' title='bbox 125 2861 191 2904; x_wconf 70' lang='lat' dir='ltr'>sit</span> <span class='ocrx_word' id='word_1_307' title='bbox 227 2859 300 2904; x_wconf 86' lang='lat' dir='ltr'>ed.</span> <span class='ocrx_word' id='word_1_308' title='bbox 484 2862 538 2902; x_wconf 86' lang='lat'>19</span> <span class='ocrx_word' id='word_1_309' title='bbox 576 2858 685 2915; x_wconf 81' lang='lat' dir='ltr'>post</span> <span class='ocrx_word' id='word_1_310' title='bbox 728 2855 845 2900; x_wconf 74' lang='lat' dir='ltr'>vivis</span> <span class='ocrx_word' id='word_1_311' title='bbox 889 2852 1094 2911; x_wconf 76' lang='lat' dir='ltr'>spatium</span> <span class='ocrx_word' id='word_1_312' title='bbox 1139 2850 1287 2909; x_wconf 74' lang='lat' dir='ltr'>signis</span> <span class='ocrx_word' id='word_1_313' title='bbox 1333 2848 1566 2906; x_wconf 82' lang='lat' dir='ltr'>expletum</span> <span class='ocrx_word' id='word_1_314' title='bbox 1607 2860 1654 2890; x_wconf 86' lang='grc'>111</span> <span class='ocrx_word' id='word_1_315' title='bbox 1693 2845 1748 2888; x_wconf 85' lang='lat' dir='ltr'>V.</span> 
     </span>
     <span class='ocr_line' id='line_1_39' title="bbox 36 2902 1804 2974; baseline -0.01 -11"><span class='ocrx_word' id='word_1_316' title='bbox 36 2921 37 2926; x_wconf 78' lang='grc'>’</span> <span class='ocrx_word' id='word_1_317' title='bbox 131 2922 187 2962; x_wconf 79' lang='lat'>22</span> <span class='ocrx_word' id='word_1_318' title='bbox 217 2919 348 2974; x_wconf 72' lang='lat' dir='ltr'>festis</span> <span class='ocrx_word' id='word_1_319' title='bbox 374 2917 418 2963; x_wconf 91' lang='lat' dir='ltr'><strong>V</strong></span> <span class='ocrx_word' id='word_1_320' title='bbox 447 2917 623 2973; x_wconf 67' lang='lat' dir='ltr'>festivis</span> <span class='ocrx_word' id='word_1_321' title='bbox 653 2915 724 2960; x_wconf 87' lang='lat' dir='ltr'>ed.</span> <span class='ocrx_word' id='word_1_322' title='bbox 846 2917 902 2956; x_wconf 79' lang='lat'>25</span> <span class='ocrx_word' id='word_1_323' title='bbox 933 2915 1175 2957; x_wconf 73' lang='lat' dir='ltr'>convorant</span> <span class='ocrx_word' id='word_1_324' title='bbox 1201 2909 1255 2954; x_wconf 88' lang='lat' dir='ltr'>V.</span> <span class='ocrx_word' id='word_1_325' title='bbox 1378 2911 1434 2953; x_wconf 73' lang='lat'>28</span> <span class='ocrx_word' id='word_1_326' title='bbox 1466 2907 1649 2964; x_wconf 69' lang='lat' dir='ltr'>apricus</span> <span class='ocrx_word' id='word_1_327' title='bbox 1670 2902 1711 2947; x_wconf 90' lang='lat' dir='ltr'><strong>V</strong></span> <span class='ocrx_word' id='word_1_328' title='bbox 1734 2902 1804 2948; x_wconf 79' lang='lat' dir='ltr'>ed.</span> 
     </span>
     <span class='ocr_line' id='line_1_40' title="bbox 46 2972 994 3036; baseline -0.008 -13"><span class='ocrx_word' id='word_1_329' title='bbox 46 2989 50 2996; x_wconf 81' lang='grc'>’</span> <span class='ocrx_word' id='word_1_330' title='bbox 125 2978 350 3036; x_wconf 62' lang='lat' dir='ltr'>inriguus</span> <span class='ocrx_word' id='word_1_331' title='bbox 375 2978 605 3034; x_wconf 76' lang='lat' dir='ltr'>expectes,</span> <span class='ocrx_word' id='word_1_332' title='bbox 637 2973 720 3020; x_wconf 73' lang='lat' dir='ltr'>sed</span> <span class='ocrx_word' id='word_1_333' title='bbox 751 2972 810 3018; x_wconf 85' lang='lat' dir='ltr'>ef.</span> <span class='ocrx_word' id='word_1_334' title='bbox 836 2974 994 3027; x_wconf 75' lang='lat'>⁷,495.</span> 
     </span>
    </p>
   </div>
   <div class='ocr_carea' id='block_1_6' title="bbox 218 3042 1455 3099">
    <p class='ocr_par' dir='ltr' id='par_1_9' title="bbox 218 3042 1455 3099">
     <span class='ocr_line' id='line_1_41' title="bbox 218 3042 1455 3099; baseline -0.009 -6"><span class='ocrx_word' id='word_1_335' title='bbox 218 3059 315 3093; x_wconf 77' lang='lat' dir='ltr'>non.</span> <span class='ocrx_word' id='word_1_336' title='bbox 340 3060 499 3099; x_wconf 78' lang='lat' dir='ltr'>interpr.</span> <span class='ocrx_word' id='word_1_337' title='bbox 515 3058 628 3098; x_wconf 74' lang='lat' dir='ltr'>Verg.</span> <span class='ocrx_word' id='word_1_338' title='bbox 663 3056 738 3089; x_wconf 80' lang='lat' dir='ltr'>vol.</span> <span class='ocrx_word' id='word_1_339' title='bbox 756 3056 784 3088; x_wconf 93' lang='lat'>1.</span> <span class='ocrx_word' id='word_1_340' title='bbox 1399 3042 1455 3083; x_wconf 77' lang='grc'>38</span> 
     </span>
    </p>
   </div>
   <div class='ocr_carea' id='block_1_7' title="bbox 0 2267 56 3226">
    <p class='ocr_par' dir='ltr' id='par_1_10' title="bbox 0 2267 56 3226">
     <span class='ocr_line' id='line_1_42' title="bbox 0 2267 56 3226; baseline 0 0"><span class='ocrx_word' id='word_1_341' title='bbox 0 2267 56 3226; x_wconf 95' lang='lat' dir='ltr'> </span> 
     </span>
    </p>
   </div>
  </div>
 </body>
</html>
