2014 3226
196 175 304 226 222
664 174 896 217 DONATI
926 174 1205 219 INTERPR.
1238 174 1416 220 VERG.

197 317 381 377 quippe
428 316 611 362 faceret
659 315 750 360 hoc
790 314 1144 374 reprehendere
1186 317 1238 361 in
1279 331 1334 362 eo
1377 316 1524 376 quod,
1565 319 1620 363 ut
1660 317 1886 377 diximus,

195 391 300 436 iure
341 389 461 435 belli
500 389 714 435 faciebat
761 389 850 434 aut
896 381 1122 453 fecerat),
1171 389 1255 436 sed
1303 392 1352 436 et
1399 390 1567 451 culpat
1616 391 1749 451 quod
1788 408 1885 438 non

196 464 366 521 hostis,
407 463 491 509 sed
532 463 734 509 eventus
777 462 1031 522 attulerat,
1071 463 1202 523 quod
1242 479 1340 509 non
1371 464 1555 511 faceret
1587 465 1683 511 nisi
1716 465 1885 511 dolens

198 540 246 583 et
294 536 576 583 desiderans
624 537 764 582 mori.
841 538 956 596 post
1002 536 1266 583 maledicta
1315 538 1466 584 etiam
1514 540 1737 585 convicia
1777 540 1886 586 sub·
1995 580 1998 606 3

109 619 193 658 540
211 611 382 656 nexuit
427 609 592 656 dicens
641 612 693 656 at
736 624 835 656 own
880 611 962 657 ille
1009 613 1170 657 satum
1209 625 1300 670 quo
1341 614 1382 658 te
1419 614 1637 659 mmm-53
1677 611 1886 659 Achilles
1933 631 1953 661 5
1995 607 1999 654 T

198 684 309 731 talis
347 686 401 731 in
438 684 566 731 hoste
603 684 700 742 fuit
731 683 947 739 PriamO,
981 685 1064 731 secl
1101 686 1217 732 iura
1247 686 1483 743 fidemque
1514 687 1747 744 supplicis
1780 701 1886 733 eru—

198 760 299 805 buit
336 772 600 817 corpusque
634 772 849 818 eoeawyue
879 758 1127 817 sepulchro
1160 758 1373 806 reddidit
1402 760 1690 807 Hectoreum
1722 775 1887 819 meque
1992 781 1997 821 3

194 835 246 879 *in
292 847 399 878 mea
446 847 596 891 regma
645 833 842 878 remisit.
919 832 1084 892 places
1130 832 1246 892 tibi,
1294 834 1480 894 inquit,
1529 836 1578 880 et
1624 833 1885 881 nobilitate
1992 824 1997 905 Ι

195 907 332 953 velut
378 907 576 967 paterni
624 895 1098 968 nominis-*gaudem
1155 922 1264 953 cum
1311 906 1531 954 Achilles
1583 911 1726 968 pater
1773 910 1886 956 tuus

195 997 294 1028 non
335 982 412 1040 sit,
454 980 545 1027 hoc
586 982 660 1027 est
698 983 857 1027 mater
894 982 983 1027 tua
1021 981 1075 1026 in
1114 980 1324 1028 Achillis
1364 983 1680 1028 matrimonio
1722 983 1886 1043 posita
1913 1000 1955 1031 10

194 1058 243 1101 te
291 1054 535 1101 adulterio
584 1056 875 1115 conceptum
922 1055 1147 1116 protulit.
1223 1055 1316 1101 hoc
1363 1071 1534 1102 verum
1583 1070 1687 1103 esse
1744 1072 1885 1118 argu-

194 1131 360 1175 mento
401 1127 679 1189 confirmat,
721 1127 763 1174 si
803 1127 953 1189 filius,
994 1130 1181 1190 inquit,
1222 1128 1432 1176 Achillis
1474 1145 1624 1190 esses,
1665 1145 1885 1176 servares

194 1204 246 1248 in
286 1217 496 1263 persona
534 1218 645 1249 mea
686 1202 818 1264 quod
855 1203 940 1249 ille
979 1202 1319 1250 moderatione
1359 1203 1608 1251 custodita
1656 1203 1884 1251 servavit.

194 1293 309 1323 nam
350 1292 461 1323 cum
501 1278 547 1324 ei
586 1278 793 1338 supplex
833 1292 1010 1337 essem,
1059 1276 1256 1323 erubuit
1293 1278 1460 1338 potius
1501 1280 1549 1324 et
1589 1277 1750 1324 doluit
1787 1278 1883 1325 for-

193 1354 368 1397 tunam
413 1367 575 1398 meam
623 1367 773 1412 quam
818 1351 943 1397 mihi
988 1352 1040 1397 in
1089 1350 1307 1398 adversis
1349 1351 1629 1414 gratulatus
1670 1354 1744 1398 est
1783 1367 1885 1399 cor·
1913 1368 1954 1400 15

192 1440 384 1486 pusque
423 1424 652 1473 Hectoris
691 1424 909 1473 reddidit
949 1427 998 1471 et
1036 1441 1114 1471 me
1153 1426 1347 1472 remisit
1386 1426 1438 1471 in
1479 1429 1613 1472 statu
1654 1442 1750 1487 quo
1799 1426 1884 1472 fui.

194 1500 313 1560 quia
353 1498 641 1546 adstruebat
679 1499 890 1546 Achillis
929 1499 1118 1546 factum
1158 1501 1207 1545 et
1244 1499 1446 1546 volebat
1485 1515 1597 1547 eum
1636 1500 1762 1547 iuste
1796 1500 1885 1547 ali-

195 1572 315 1633 quid
347 1573 603 1620 ostendere
636 1574 959 1635 praestitisse,
991 1575 1049 1619 ut
1081 1589 1138 1619 ex
1169 1573 1261 1621 hoc
1293 1573 1594 1620 deformaret
1624 1589 1885 1634 personam

192 1646 395 1708 Pyrrhi,
456 1648 616 1694 tacuit
668 1648 755 1695 ille
818 1647 1045 1695 scelerati
1101 1648 1315 1695 hominis
1370 1647 1584 1694 facinus:
1654 1650 1885 1709 percepto

194 1722 303 1767 auri
340 1721 532 1783 ingenti
571 1721 787 1783 pondere
828 1721 1020 1769 dimisit
1052 1720 1113 1768 ad
1146 1721 1469 1782 sepulturam,
1502 1723 1664 1769 victus
1697 1722 1887 1769 scilicet
1910 1738 1954 1770 20

192 1810 292 1842 non
330 1795 655 1858 humanitate,
695 1795 780 1843 sed
819 1794 1054 1857 praemio.
1125 1811 1333 1856 cumque
1374 1796 1475 1842 alia
1517 1811 1712 1856 quoque
1752 1811 1883 1843 exer—

194 1884 300 1916 cere
347 1871 514 1930 posset
559 1869 611 1916 in
659 1870 955 1931 supplicem,
1006 1885 1084 1916 me
1133 1885 1329 1932 quoque
1376 1871 1429 1916 in
1474 1885 1682 1931 regnum
1721 1885 1883 1918 meum

192 1942 353 1990 redire
384 1945 623 2005 permisit.
687 1960 799 1991 cum
838 1946 1007 1991 autem
1046 1943 1106 1990 de
1146 1958 1374 1991 concesso
1412 1943 1642 1991 Hectoris
1683 1958 1883 2004 corpore

191 2016 490 2078 loqueretur,
530 2017 652 2066 bene
691 2020 839 2079 poeta
877 2019 1047 2079 posuit
1077 2017 1316 2077 reddidit3
1355 2017 1580 2065 hostibus
1615 2019 1746 2064 enim
1778 2018 1883 2065 sola

194 2092 361 2138 anima
399 2091 603 2140 debetur
640 2092 851 2154 hostilis,
892 2107 1070 2153 corpus
1111 2094 1291 2151 autem,
1331 2093 1566 2152 quoniam
1605 2093 1657 2138 in
1697 2092 1881 2139 nullius

194 2166 269 2211 est
299 2167 562 2227 potestate,
587 2165 862 2214 dimittitur
892 2166 1197 2227 sepulturae:
1229 2165 1447 2212 reddidit
1478 2181 1611 2228 ergo,
1645 2167 1881 2226 quoniam

191 2237 285 2286 hoc
325 2241 496 2287 contra
534 2239 865 2288 humanitatis
903 2240 1037 2302 leges
1075 2239 1266 2287 inlicite
1305 2239 1579 2287 tenebatur.
1648 2241 1718 2287 sic
1748 2241 1882 2299 fat-us

104 2318 190 2358 545
207 2314 368 2360 senior
406 2313 640 2372 telumque
677 2314 851 2362 inbelle
887 2316 992 2362 sine
1029 2315 1128 2361 ictu
1166 2314 1383 2361 coniecit:
1438 2329 1546 2362 ecce
1587 2313 1881 2360 desiderium

1990 1137 1995 1279 l

311 2457 336 2495 2
370 2453 549 2509 eculpat
579 2453 666 2497 LR
695 2456 778 2499 hoc
807 2455 964 2511 culpat
993 2454 1037 2497 H
1069 2454 1140 2498 ed.
1174 2459 1216 2498 et
1245 2455 1401 2510 culpat
1432 2453 1483 2498 O.
1629 2459 1656 2497 4
1688 2454 1881 2498 conueia
1975 2462 1977 2466 “

190 2511 278 2554 LR
309 2525 422 2556 corr.
455 2512 491 2555 L
515 2512 558 2555 Π
580 2527 703 2557 man.
724 2529 759 2556 1·.
855 2518 878 2556 7
912 2527 968 2558 ex
997 2515 1224 2572 sanquine
1254 2513 1342 2556 LR
1373 2527 1486 2556 corr.
1514 2512 1615 2555 LII
1639 2526 1759 2556 man.
1784 2526 1820 2556 r.
1951 2517 1963 2530 ³

192 2574 217 2613 9
249 2571 371 2615 velut
400 2585 490 2615 om.
517 2571 587 2615 ed.
728 2576 784 2615 10
815 2573 1157 2617 matrimonium
1189 2572 1261 2616 ed.
1397 2577 1450 2615 11
1484 2571 1762 2616 adulterium
1794 2571 1881 2614 LR

191 2643 305 2674 corr.
338 2630 374 2673 L
404 2630 447 2674 II
478 2644 602 2675 man.
634 2646 669 2675 r.
795 2637 866 2675 14
881 2632 924 2676 ei
953 2631 1041 2675 LR
1071 2633 1134 2676 ad
1164 2645 1266 2675 eum
1296 2631 1368 2675 ed.
1413 2633 1418 2688 Ι
1468 2645 1602 2675 essem
1633 2630 1720 2674 ΕΒ
1749 2631 1880 2675 issem
1942 2655 1944 2658 ·

190 2689 261 2734 ed.
292 2691 297 2747 Ι
325 2691 481 2734 docuit
502 2690 589 2733 LR
620 2691 768 2735 doluit
798 2691 997 2734 adnotat
1019 2690 1062 2734 Β
1093 2690 1339 2734 substituit
1367 2705 1403 2734 r.
1433 2693 1439 2746 Ι
1466 2691 1657 2744 fortuna
1680 2704 1780 2734 mea
1806 2689 1877 2733 ed.
1947 2736 1975 2758 »x

282 2752 336 2791 15
377 2763 513 2805 quam
552 2749 631 2806 (ad
659 2751 814 2805 potius
843 2749 1155 2806 referendum)
1187 2749 1275 2793 ΕΒ
1313 2764 1406 2806 qua
1437 2748 1507 2794 ed.
1542 2749 1624 2804 qui
1654 2749 1726 2793 ed.
1757 2750 1878 2804 post.
1958 2791 1973 2806 „

190 2808 321 2864 (mihi
371 2810 424 2852 in
477 2809 579 2852 adv.
625 2812 742 2866 yrat.
776 2813 840 2853 est
883 2808 913 2852 i.
962 2823 1000 2852 e.
1049 2809 1256 2853 adversis
1303 2808 1419 2852 meis
1465 2808 1670 2851 laetatus
1717 2808 1958 2864 est).

191 2871 246 2910 16
278 2872 447 2912 statum
478 2866 766 2911 ed.17
800 2869 946 2912 iustae
977 2868 1064 2911 LR
1095 2882 1208 2912 corr.
1243 2867 1313 2912 ed.
1468 2870 1522 2910 19
1553 2867 1763 2911 scelerate
1793 2865 1879 2909 ΕΒ

191 2939 304 2970 corr
338 2926 453 2982 οι1.Ι
490 2927 636 2981 funus
665 2926 753 2969 LR
785 2926 855 2970 ed.
887 2927 1074 2982 facinus
1102 2941 1188 2970 nos
1221 2926 1278 2970 cf.
1306 2931 1347 2982 1,
1371 2930 1472 2970 484.
1512 2926 1519 2985 Ι
1551 2930 1761 2983 percepto
1792 2924 1878 3007 ΒΒ
1936 2920 1963 2974 ,ἶ-

189 2985 311 3042 quod
335 2999 384 3041 10·
418 2985 489 3030 ed.
611 2989 669 3029 20
701 2986 846 3030 victus
876 2985 963 3029 LR
994 2987 1144 3031 iustus
1174 2986 1245 3029 ed.
1943 2981 1954 2993 ‘
