2014 3226
214 201 323 252 580
682 197 912 241 DONATI
942 196 1222 239 INTERPR.
1257 196 1433 240 VERG.

212 341 357 388 rebus
396 339 603 401 perditis
637 339 871 385 lacrimae
904 337 1221 399 profuerunt3
1260 337 1472 400 plangis,
1514 337 1632 397 quid
1663 337 1775 385 inde
1807 340 1903 385 uti-

212 415 372 462 litatis
424 412 648 474 proficiet
698 412 972 459 necessario
1027 408 1148 458 tuo?
1212 410 1333 472 quid
1386 411 1591 458 fletuum
1644 411 1904 472 prolixitas

215 488 376 547 dabit,
432 502 542 533 cum
589 486 796 549 longum
846 500 943 531 non
999 485 1064 532 sit
1119 483 1354 545 quicquid
1409 484 1502 531 fine
1559 485 1906 532 concluditur?

215 563 517 624 quapropter
555 559 643 607 fiat
689 559 895 620 inpulsu
940 559 1177 619 temporis
1226 558 1359 619 quod
1406 558 1578 606 invitis
1618 558 1757 606 nobis
1795 560 1905 620 ipsa

127 641 214 680 540
232 636 498 682 necessitas
537 634 689 680 iubet.
759 634 833 679 hic
871 632 1002 680 locus
1044 635 1110 679 est
1139 633 1305 691 partis
1343 633 1427 680 ubi
1465 647 1514 679 se
1552 634 1634 679 via
1673 633 1818 691 findit
1853 635 1907 680 in
1949 647 1971 684 ε

217 710 415 757 ambas:
476 709 654 769 incipit
702 707 747 754 ei
795 708 1018 753 futurum
1064 707 1160 753 iter
1207 706 1564 766 demonstrare,
1612 706 1665 752 in
1713 722 1808 767 quo
1850 722 1907 754 ex

217 799 316 830 una
356 782 437 829 via
472 784 618 829 enata
652 781 810 828 altera
841 779 950 827 fuit.
1021 780 1368 828 honestissima
1400 781 1650 827 locutione
1682 795 1802 828 usus
1835 783 1909 828 est

218 855 423 904 dicendo
464 857 516 902 in
565 855 757 915 ambas,
811 871 962 915 quam
1002 855 1045 900 si
1091 853 1276 901 diceret
1321 856 1374 901 in
1421 853 1566 914 duas,
1623 856 1672 900 et
1718 855 1788 902 sic
1835 857 1909 902 est
1963 915 1966 917 ι

217 929 630 992 intellegendum,
685 931 742 975 ut
792 928 962 975 ambas
1002 929 1108 975 vias
1157 928 1336 975 dixerit
1377 944 1501 988 quae
1553 930 1716 975 essent
1762 931 1908 975 natae
1958 919 1993 989 J

221 1021 277 1052 ex
327 1020 442 1051 una.
533 1003 781 1051 subnectit
831 1001 1008 1049 dehinc
1057 1003 1315 1062 utriusque
1366 1003 1475 1049 viae
1526 1001 1794 1062 rationem,
1849 1017 1908 1050 ne
1933 1012 1994 1067 1ᾳῇ

221 1079 431 1126 alteram
485 1092 693 1138 sequens
757 1077 964 1124 alteram
1028 1075 1208 1123 habere
1270 1075 1522 1123 videretur
1581 1076 1909 1138 incognitam:
1987 1089 1994 1126 1

220 1154 415 1201 dextera
454 1166 576 1210 quae
607 1152 741 1198 Ditis
778 1152 946 1210 moyni
984 1151 1072 1197 sub
1113 1151 1300 1197 moenia
1341 1149 1502 1204 tendit,
1542 1151 1631 1197 hac
1669 1151 1760 1197 iter
1790 1150 1911 1211 Ely-
1970 1133 1993 1205 ’,ῤ’

220 1228 348 1274 sium
386 1227 544 1280 nobis,
593 1229 645 1272 at
683 1226 822 1272 laeva
862 1224 1101 1271 malorum
1142 1227 1318 1272 exercet
1349 1237 1535 1282 poenas
1582 1227 1625 1271 et
1670 1225 1735 1271 ad
1773 1225 1911 1284 inpia
1971 1219 1982 1251 Γ

227 1301 439 1348 Tartara
485 1301 642 1348 mittit.
720 1315 832 1345 011111
876 1298 1007 1345 bona
1054 1297 1242 1345 dexteri
1287 1298 1482 1345 itineris
1527 1297 1733 1358 diceret,
1779 1298 1912 1345 Ditis

221 1377 420 1422 tantum
458 1375 629 1436 tetigit
667 1389 846 1421 nomen
884 1373 1088 1433 propter
1124 1371 1424 1419 narrationis
1465 1371 1813 1434 conpendium,
1853 1371 1912 1419 de
1935 1384 2005 1443 ις

221 1449 408 1509 Elysiis
449 1449 614 1494 autem
663 1448 850 1508 campis
891 1445 1282 1507 discretioneque
1321 1445 1565 1493 iustorum
1604 1448 1812 1507 putatur
1849 1447 1912 1493 si-

221 1523 395 1570 luisse:
434 1521 561 1569 hanc
599 1524 794 1583 partem
833 1537 932 1567 non
965 1521 1164 1567 omnino
1205 1520 1385 1579 omisit,
1425 1520 1510 1567 sed
1541 1520 1744 1568 meliore
1777 1535 1912 1567 occa-
1967 1509 1974 1569 2³

223 1598 361 1645 sione
399 1596 719 1650 monstravit3
761 1611 874 1642 011111
914 1596 1043 1641 0111111
1083 1593 1268 1642 diceret
1300 1596 1353 1641 at
1383 1594 1526 1642 laeva
1557 1594 1803 1641 malorum
1834 1609 1914 1641 ex-

226 1673 356 1719 ercet
385 1685 569 1732 poenas
603 1672 653 1716 et
685 1669 746 1716 ad
778 1668 918 1730 inpia
943 1669 1154 1715 Tartara
1185 1668 1359 1726 mittit,
1398 1669 1571 1729 procul
1603 1667 1750 1715 dubio
1776 1669 1914 1730 pate·

225 1745 345 1792 fecit
382 1746 437 1791 in
476 1743 676 1791 dextera
714 1745 856 1804 parte
905 1743 1094 1790 animas
1142 1743 1325 1789 morari
1373 1741 1631 1789 iustorum.
1710 1758 1767 1789 ex
1806 1758 1913 1803 per-
1966 1742 1984 1768 ‘·

227 1834 348 1866 sona
395 1817 616 1880 Sibyllae
664 1817 882 1865 ostendit
925 1816 1176 1880 Vergilius
1230 1817 1502 1863 insontium
1556 1817 1745 1863 animas
1795 1815 1916 1864 locis
1959 1806 1990 1870 ῘῘ

228 1908 285 1940 ac
315 1891 599 1955 regionibus
633 1906 736 1939 esse
769 1890 1005 1938 discretas
1038 1905 1519 1937 nec.
1883 1927 1915 1937 ..
1974 1861 1990 1946 1

229 1968 452 2028 sequitur
482 1967 693 2028 partem,
732 1966 790 2012 ut
820 1980 1001 2028 genera
1034 1966 1230 2026 separet
1255 1928 1380 2011 locis
1415 1927 1708 2027 singulaque
1727 1926 1914 2011 distin·

142 2043 230 2084 545
248 2042 384 2103 guat.
447 2041 727 2099 Deiphobus
766 2042 955 2087 contra:
993 2053 1054 2085 ne
1092 2040 1240 2094 saevi,
1278 2053 1459 2098 magna
1496 2038 1735 2093 sacerdo&
1768 2038 1916 2085 disce·
1963 2033 1989 2079 ὲ

228 2115 358 2169 dam,
400 2114 590 2174 emplebo
627 2127 885 2160 nume-runi
915 2111 1189 2171 reddarque
1219 2113 1448 2159 tenebris:
1479 2128 1553 2173 ne,
1594 2113 1775 2173 inquit,
1813 2127 1916 2159 mo·

228 2189 389 2236 vearis
427 2188 658 2248 ulterius,
698 2187 887 2248 optima
933 2185 1266 2246 sacerdotum,
1315 2187 1358 2233 si
1402 2185 1498 2233 tibi
1544 2185 1676 2247 quod
1723 2187 1918 2248 agimus
1976 2190 1978 2194 “

353 2362 375 2400 1
404 2358 592 2415 plangis
621 2356 664 2400 V
694 2357 772 2412 fles
802 2356 874 2400 ed.
975 2361 1000 2399 2
1025 2356 1235 2412 proficiet
1266 2355 1307 2399 V
1337 2357 1566 2412 proveniet
1597 2355 1666 2400 ed.
1766 2360 1790 2398 7
1826 2370 1920 2399 una

233 2431 321 2461 om.
348 2416 420 2460 ed.
532 2422 557 2459 8
589 2430 726 2473 quam
755 2417 799 2460 si
829 2415 871 2459 V
902 2418 1037 2472 quasi
1067 2415 1160 2459 ed:
1194 2429 1330 2472 quam
1360 2417 1469 2471 post
1500 2415 1836 2483 superlativum
1867 2415 1920 2458 ut
1963 2415 1975 2441 ³

233 2481 303 2530 11
329 2479 429 2519 204.
481 2477 487 2532 Ι
546 2476 596 2519 in
626 2476 744 2519 duas
774 2474 816 2518 V
846 2475 899 2518 in
931 2489 1017 2518 om
1045 2474 1424 2518 ed.14—16
1458 2474 1630 2518 dexteri
1659 2475 1819 2518 itinere
1850 2474 1920 2518 his
1944 2472 1976 2525 ῖῖ

231 2536 396 2580 diceret
426 2535 536 2579 ditis
567 2539 746 2578 tantum
777 2536 923 2592 tetiyit
952 2548 1114 2577 nomen
1145 2533 1186 2576 V
1217 2534 1398 2578 itineris
1427 2547 1532 2587 nos;
1573 2533 1728 2577 locum
1767 2546 1918 2576 001111-
1958 2555 1959 2558 =

231 2593 306 2651 pit
335 2594 407 2638 ed.
531 2598 585 2636 16
618 2594 1014 2650 discretionemque
1045 2592 1087 2636 V
1119 2607 1232 2636 corr.
1265 2593 1337 2637 ed.
1377 2594 1382 2650 Ι
1431 2593 1666 2648 putaturis
1695 2592 1848 2648 fluisse
1878 2590 1920 2635 V
1963 2637 1967 2643 ,

227 2659 425 2711 putatum
447 2653 626 2697 siluisse
648 2665 733 2695 nos
757 2657 1012 2708 putaturus
1033 2653 1219 2708 fluxisse
1243 2651 1313 2695 ed.
1323 2657 1527 2719 ‘putatus
1549 2652 1758 2696 dicturus
1779 2651 1920 2704 fuisse
1963 2653 1971 2700 2

233 2712 306 2756 ed.
330 2713 451 2769 post.
557 2715 610 2754 17
642 2724 826 2755 nonono
857 2711 981 2756 misit
1012 2710 1053 2754 V
1082 2725 1177 2755 non
1207 2711 1391 2755 omnino
1421 2711 1572 2755 omisit
1602 2724 1699 2754 nos.
1729 2712 1734 2766 Ι
1770 2709 1918 2754 melio·
1967 2720 1983 2767 [j

233 2785 328 2816 rem
358 2771 588 2816 occasione
618 2769 672 2814 V.
813 2774 867 2813 18
899 2771 1062 2815 adleva
1091 2769 1134 2813 V
1165 2783 1277 2814 corr.
1304 2769 1375 2812 ed.
1513 2774 1568 2813 20
1599 2783 1775 2814 morare
1806 2768 1860 2812 V.
1955 2768 1969 2815 .?

235 2835 289 2874 21
323 2831 576 2874 insontium
604 2828 649 2873 V
679 2829 935 2884 infantium
970 2829 1079 2872 edF.
1232 2833 1287 2872 22
1327 2829 1434 2885 post
1469 2842 1550 2873 nec
1587 2828 1786 2885 triginta
1824 2827 1922 2871 fere
1956 2831 1973 2884 ζ’

234 2889 500 2933 litterarum
546 2886 753 2945 spatium
790 2890 929 2932 vacat
966 2888 1016 2932 in
1055 2887 1098 2932 V
1137 2887 1204 2931 sic
1243 2887 1542 2944 explendum:
1597 2889 1724 2942 ipsas
1765 2898 1924 2931 earum
1965 2932 1972 2940 ,

234 2949 357 2993 sedes
387 2948 599 2992 describit
627 2947 706 2991 sed
735 2948 854 2992 hanc
885 2947 1021 3004 (inter
1051 2947 1233 2991 animas
1267 2947 1511 3004 impiorum
1549 2947 1762 2991 collocari
1798 2958 1922 2995 nunc
1951 2971 1953 2974 .

237 3007 341 3063 ed..)
464 3011 520 3050 25
551 3020 729 3051 moveas
758 3005 801 3050 V
831 3011 872 3051 te
903 3019 1079 3051 moveas
1109 3006 1180 3050 ed.
