<?xml version="1.0" encoding="UTF-8"?>
<!DOCTYPE html PUBLIC "-//W3C//DTD XHTML 1.0 Transitional//EN"
    "http://www.w3.org/TR/xhtml1/DTD/xhtml1-transitional.dtd">
<html xmlns="http://www.w3.org/1999/xhtml" xml:lang="en" lang="en">
 <head>
  <title>
</title>
<meta http-equiv="Content-Type" content="text/html;charset=utf-8" />
  <meta name='ocr-system' content='tesseract 3.04.00' />
  <meta name='ocr-capabilities' content='ocr_page ocr_carea ocr_par ocr_line ocrx_word'/>
</head>
<body>
  <div class='ocr_page' id='page_1' title='image "./interpretationes01donauoft_0153.png"; bbox 0 0 2014 3226; ppageno 0'>
   <div class='ocr_carea' id='block_1_1' title="bbox 791 143 1816 196">
    <p class='ocr_par' dir='ltr' id='par_1_1' title="bbox 791 143 1816 196">
     <span class='ocr_line' id='line_1_1' title="bbox 791 143 1816 196; baseline 0.009 -9"><span class='ocrx_word' id='word_1_1' title='bbox 791 143 1095 188; x_wconf 85' lang='lat' dir='ltr'>AENEIDOS</span> <span class='ocrx_word' id='word_1_2' title='bbox 1127 144 1147 186; x_wconf 93' lang='grc' dir='ltr'>Ι</span> <span class='ocrx_word' id='word_1_3' title='bbox 1713 146 1816 196; x_wconf 76' lang='grc'>103</span> 
     </span>
    </p>
   </div>
   <div class='ocr_carea' id='block_1_2' title="bbox 62 285 1909 2647">
    <p class='ocr_par' dir='ltr' id='par_1_2' title="bbox 62 285 1909 2647">
     <span class='ocr_line' id='line_1_2' title="bbox 125 285 1816 350; baseline -0.002 -15"><span class='ocrx_word' id='word_1_4' title='bbox 125 288 360 350; x_wconf 89' lang='lat' dir='ltr'>petebant</span> <span class='ocrx_word' id='word_1_5' title='bbox 398 302 497 333; x_wconf 91' lang='lat' dir='ltr'>non</span> <span class='ocrx_word' id='word_1_6' title='bbox 537 286 787 332; x_wconf 75' lang='lat' dir='ltr'>cohaeret:</span> <span class='ocrx_word' id='word_1_7' title='bbox 828 300 944 332; x_wconf 86' lang='lat' dir='ltr'>nam</span> <span class='ocrx_word' id='word_1_8' title='bbox 983 300 1124 332; x_wconf 88' lang='lat' dir='ltr'>orare</span> <span class='ocrx_word' id='word_1_9' title='bbox 1165 288 1240 332; x_wconf 90' lang='lat' dir='ltr'>est</span> <span class='ocrx_word' id='word_1_10' title='bbox 1280 301 1362 332; x_wconf 92' lang='lat' dir='ltr'>ore</span> <span class='ocrx_word' id='word_1_11' title='bbox 1404 285 1595 346; x_wconf 87' lang='lat' dir='ltr'>aliquid</span> <span class='ocrx_word' id='word_1_12' title='bbox 1629 286 1816 346; x_wconf 86' lang='lat' dir='ltr'>suppli·</span> 
     </span>
     <span class='ocr_line' id='line_1_3' title="bbox 127 359 1815 422; baseline -0.002 -13"><span class='ocrx_word' id='word_1_13' title='bbox 127 364 248 409; x_wconf 90' lang='lat' dir='ltr'>citer</span> <span class='ocrx_word' id='word_1_14' title='bbox 293 359 567 422; x_wconf 88' lang='lat' dir='ltr'>postulare,</span> <span class='ocrx_word' id='word_1_15' title='bbox 616 359 828 406; x_wconf 92' lang='lat' dir='ltr'>clamore</span> <span class='ocrx_word' id='word_1_16' title='bbox 875 361 1042 420; x_wconf 91' lang='lat' dir='ltr'>petere</span> <span class='ocrx_word' id='word_1_17' title='bbox 1083 374 1195 406; x_wconf 90' lang='lat' dir='ltr'>cum</span> <span class='ocrx_word' id='word_1_18' title='bbox 1234 360 1447 420; x_wconf 87' lang='lat' dir='ltr'>strepitu</span> <span class='ocrx_word' id='word_1_19' title='bbox 1486 359 1815 407; x_wconf 83' lang='lat' dir='ltr'>inverecundo</span> 
     </span>
     <span class='ocr_line' id='line_1_4' title="bbox 127 432 1818 496; baseline -0.002 -13"><span class='ocrx_word' id='word_1_20' title='bbox 127 451 266 483; x_wconf 83' lang='lat' dir='ltr'>voces</span> <span class='ocrx_word' id='word_1_21' title='bbox 321 434 479 480; x_wconf 88' lang='lat' dir='ltr'>claras</span> <span class='ocrx_word' id='word_1_22' title='bbox 535 434 774 480; x_wconf 75' lang='lat' dir='ltr'>emittere.</span> <span class='ocrx_word' id='word_1_23' title='bbox 861 447 1036 487; x_wconf 77' lang='lat' dir='ltr'>causas</span> <span class='ocrx_word' id='word_1_24' title='bbox 1091 433 1248 496; x_wconf 87' lang='lat' dir='ltr'>igitur</span> <span class='ocrx_word' id='word_1_25' title='bbox 1302 432 1543 481; x_wconf 85' lang='lat' dir='ltr'>adventus</span> <span class='ocrx_word' id='word_1_26' title='bbox 1597 434 1818 494; x_wconf 89' lang='lat' dir='ltr'>ipsorum</span> 
     </span>
     <span class='ocr_line' id='line_1_5' title="bbox 126 506 1819 569; baseline -0.002 -13"><span class='ocrx_word' id='word_1_27' title='bbox 126 510 242 556; x_wconf 85' lang='lat' dir='ltr'>licet</span> <span class='ocrx_word' id='word_1_28' title='bbox 279 510 486 568; x_wconf 90' lang='lat' dir='ltr'>uterque</span> <span class='ocrx_word' id='word_1_29' title='bbox 527 506 758 566; x_wconf 79' lang='lat' dir='ltr'>nesciret,</span> <span class='ocrx_word' id='word_1_30' title='bbox 808 506 1117 554; x_wconf 79' lang='lat' dir='ltr'>coniciebant</span> <span class='ocrx_word' id='word_1_31' title='bbox 1156 509 1323 554; x_wconf 88' lang='lat' dir='ltr'>tamen</span> <span class='ocrx_word' id='word_1_32' title='bbox 1363 523 1420 554; x_wconf 82' lang='lat' dir='ltr'>ex</span> <span class='ocrx_word' id='word_1_33' title='bbox 1459 509 1682 569; x_wconf 90' lang='lat' dir='ltr'>ipsorum</span> <span class='ocrx_word' id='word_1_34' title='bbox 1722 508 1819 554; x_wconf 89' lang='lat' dir='ltr'>cla-</span> 
     </span>
     <span class='ocr_line' id='line_1_6' title="bbox 83 581 1817 644; baseline -0.002 -13"><span class='ocrx_word' id='word_1_35' title='bbox 83 600 103 631; x_wconf 90' lang='lat'>5</span> <span class='ocrx_word' id='word_1_36' title='bbox 126 582 343 630; x_wconf 89' lang='lat' dir='ltr'>moribus</span> <span class='ocrx_word' id='word_1_37' title='bbox 390 597 573 643; x_wconf 88' lang='lat' dir='ltr'>magna</span> <span class='ocrx_word' id='word_1_38' title='bbox 621 596 701 628; x_wconf 92' lang='lat' dir='ltr'>eos</span> <span class='ocrx_word' id='word_1_39' title='bbox 749 582 915 644; x_wconf 86' lang='lat' dir='ltr'>urgeri</span> <span class='ocrx_word' id='word_1_40' title='bbox 962 581 1278 639; x_wconf 76' lang='lat' dir='ltr'>necessitate,</span> <span class='ocrx_word' id='word_1_41' title='bbox 1326 583 1382 628; x_wconf 90' lang='lat' dir='ltr'>ut</span> <span class='ocrx_word' id='word_1_42' title='bbox 1423 583 1536 628; x_wconf 88' lang='lat' dir='ltr'>ante</span> <span class='ocrx_word' id='word_1_43' title='bbox 1577 581 1817 629; x_wconf 88' lang='lat' dir='ltr'>clamosas</span> 
     </span>
     <span class='ocr_line' id='line_1_7' title="bbox 127 654 1819 717; baseline -0.002 -13"><span class='ocrx_word' id='word_1_44' title='bbox 127 671 268 704; x_wconf 81' lang='lat' dir='ltr'>voces</span> <span class='ocrx_word' id='word_1_45' title='bbox 308 655 614 703; x_wconf 87' lang='lat' dir='ltr'>effunderent</span> <span class='ocrx_word' id='word_1_46' title='bbox 653 670 804 716; x_wconf 90' lang='lat' dir='ltr'>quam</span> <span class='ocrx_word' id='word_1_47' title='bbox 842 654 1088 702; x_wconf 88' lang='lat' dir='ltr'>Didonem</span> <span class='ocrx_word' id='word_1_48' title='bbox 1133 657 1295 716; x_wconf 85' lang='lat' dir='ltr'>ipsam</span> <span class='ocrx_word' id='word_1_49' title='bbox 1335 655 1502 703; x_wconf 82' lang='lat' dir='ltr'>videre</span> <span class='ocrx_word' id='word_1_50' title='bbox 1540 655 1819 717; x_wconf 85' lang='lat' dir='ltr'>potuissent</span> 
     </span>
     <span class='ocr_line' id='line_1_8' title="bbox 128 729 1820 792; baseline -0.001 -14"><span class='ocrx_word' id='word_1_51' title='bbox 128 733 177 778; x_wconf 90' lang='lat' dir='ltr'>et</span> <span class='ocrx_word' id='word_1_52' title='bbox 213 745 401 792; x_wconf 91' lang='lat' dir='ltr'>rogare.</span> <span class='ocrx_word' id='word_1_53' title='bbox 472 729 722 776; x_wconf 89' lang='lat' dir='ltr'>clamandi</span> <span class='ocrx_word' id='word_1_54' title='bbox 761 744 937 777; x_wconf 82' lang='lat' dir='ltr'>causas</span> <span class='ocrx_word' id='word_1_55' title='bbox 977 730 1130 776; x_wconf 88' lang='lat' dir='ltr'>fuisse</span> <span class='ocrx_word' id='word_1_56' title='bbox 1170 731 1345 788; x_wconf 90' lang='lat' dir='ltr'>iustas,</span> <span class='ocrx_word' id='word_1_57' title='bbox 1386 745 1486 777; x_wconf 88' lang='lat' dir='ltr'>non</span> <span class='ocrx_word' id='word_1_58' title='bbox 1525 729 1820 777; x_wconf 75' lang='lat' dir='ltr'>seditionem</span> 
     </span>
     <span class='ocr_line' id='line_1_9' title="bbox 125 803 1819 866; baseline 0 -15"><span class='ocrx_word' id='word_1_59' title='bbox 125 807 230 866; x_wconf 91' lang='lat' dir='ltr'>ipse</span> <span class='ocrx_word' id='word_1_60' title='bbox 269 803 521 865; x_wconf 90' lang='lat' dir='ltr'>Vergilius</span> <span class='ocrx_word' id='word_1_61' title='bbox 562 803 751 863; x_wconf 79' lang='lat' dir='ltr'>docuit3</span> <span class='ocrx_word' id='word_1_62' title='bbox 792 819 907 850; x_wconf 91' lang='lat' dir='ltr'>nam</span> <span class='ocrx_word' id='word_1_63' title='bbox 948 803 1077 850; x_wconf 89' lang='lat' dir='ltr'>Dido</span> <span class='ocrx_word' id='word_1_64' title='bbox 1116 804 1251 851; x_wconf 88' lang='lat' dir='ltr'>intus</span> <span class='ocrx_word' id='word_1_65' title='bbox 1293 804 1402 863; x_wconf 86' lang='lat' dir='ltr'>fuit,</span> <span class='ocrx_word' id='word_1_66' title='bbox 1444 803 1663 851; x_wconf 87' lang='lat' dir='ltr'>officium</span> <span class='ocrx_word' id='word_1_67' title='bbox 1703 819 1819 851; x_wconf 86' lang='lat' dir='ltr'>vero</span> 
     </span>
     <span class='ocr_line' id='line_1_10' title="bbox 125 877 1819 938; baseline -0.001 -13"><span class='ocrx_word' id='word_1_68' title='bbox 125 878 267 926; x_wconf 89' lang='lat' dir='ltr'>foris:</span> <span class='ocrx_word' id='word_1_69' title='bbox 307 893 418 925; x_wconf 92' lang='lat' dir='ltr'>cum</span> <span class='ocrx_word' id='word_1_70' title='bbox 456 877 622 925; x_wconf 91' lang='lat' dir='ltr'>nullus</span> <span class='ocrx_word' id='word_1_71' title='bbox 662 878 938 936; x_wconf 86' lang='lat' dir='ltr'>nuntiaret,</span> <span class='ocrx_word' id='word_1_72' title='bbox 979 877 1126 924; x_wconf 89' lang='lat' dir='ltr'>aliter</span> <span class='ocrx_word' id='word_1_73' title='bbox 1165 877 1226 924; x_wconf 89' lang='lat' dir='ltr'>ad</span> <span class='ocrx_word' id='word_1_74' title='bbox 1268 879 1528 925; x_wconf 88' lang='lat' dir='ltr'>scientiam</span> <span class='ocrx_word' id='word_1_75' title='bbox 1568 879 1670 926; x_wconf 91' lang='lat' dir='ltr'>eius</span> <span class='ocrx_word' id='word_1_76' title='bbox 1711 894 1819 938; x_wconf 89' lang='lat' dir='ltr'>per-</span> 
     </span>
     <span class='ocr_line' id='line_1_11' title="bbox 62 952 1819 1013; baseline -0.001 -13"><span class='ocrx_word' id='word_1_77' title='bbox 62 968 104 1001; x_wconf 85' lang='grc' dir='ltr'>ιο</span> <span class='ocrx_word' id='word_1_78' title='bbox 128 954 291 999; x_wconf 87' lang='lat' dir='ltr'>venire</span> <span class='ocrx_word' id='word_1_79' title='bbox 339 967 438 998; x_wconf 90' lang='lat' dir='ltr'>non</span> <span class='ocrx_word' id='word_1_80' title='bbox 484 954 737 1013; x_wconf 86' lang='lat' dir='ltr'>poterant,</span> <span class='ocrx_word' id='word_1_81' title='bbox 785 953 882 999; x_wconf 91' lang='lat' dir='ltr'>nisi</span> <span class='ocrx_word' id='word_1_82' title='bbox 929 952 1235 999; x_wconf 88' lang='lat' dir='ltr'>clamantum</span> <span class='ocrx_word' id='word_1_83' title='bbox 1281 967 1376 999; x_wconf 85' lang='lat' dir='ltr'>vox</span> <span class='ocrx_word' id='word_1_84' title='bbox 1415 952 1591 999; x_wconf 88' lang='lat' dir='ltr'>fuisset</span> <span class='ocrx_word' id='word_1_85' title='bbox 1630 952 1819 999; x_wconf 88' lang='lat' dir='ltr'>audita.</span> 
     </span>
     <span class='ocr_line' id='line_1_12' title="bbox 239 1022 1909 1087; baseline -0.001 -15"><span class='ocrx_word' id='word_1_86' title='bbox 239 1025 477 1087; x_wconf 84' lang='lat' dir='ltr'>Sequitur</span> <span class='ocrx_word' id='word_1_87' title='bbox 527 1029 789 1084; x_wconf 76' lang='lat' dir='ltr'>postquam</span> <span class='ocrx_word' id='word_1_88' title='bbox 843 1022 1127 1085; x_wconf 70' lang='lat' dir='ltr'>introyressi</span> <span class='ocrx_word' id='word_1_89' title='bbox 1182 1029 1224 1072; x_wconf 87' lang='lat' dir='ltr'>et</span> <span class='ocrx_word' id='word_1_90' title='bbox 1277 1040 1438 1074; x_wconf 83' lang='lat' dir='ltr'>coram</span> <span class='ocrx_word' id='word_1_91' title='bbox 1494 1027 1611 1074; x_wconf 76' lang='lat' dir='ltr'>data</span> <span class='ocrx_word' id='word_1_92' title='bbox 1666 1028 1804 1086; x_wconf 72' lang='lat' dir='ltr'>eopia</span> <span class='ocrx_word' id='word_1_93' title='bbox 1824 1030 1909 1070; x_wconf 79' lang='lat'>520</span> 
     </span>
     <span class='ocr_line' id='line_1_13' title="bbox 125 1099 1819 1160; baseline 0 -13"><span class='ocrx_word' id='word_1_94' title='bbox 125 1101 289 1160; x_wconf 77' lang='lat' dir='ltr'>fandi,</span> <span class='ocrx_word' id='word_1_95' title='bbox 335 1102 580 1147; x_wconf 70' lang='lat' dir='ltr'>maximus</span> <span class='ocrx_word' id='word_1_96' title='bbox 617 1099 844 1147; x_wconf 73' lang='lat' dir='ltr'>Ilioneus</span> <span class='ocrx_word' id='word_1_97' title='bbox 881 1100 1080 1159; x_wconf 74' lang='lat' dir='ltr'>placido</span> <span class='ocrx_word' id='word_1_98' title='bbox 1119 1102 1188 1147; x_wconf 76' lang='lat' dir='ltr'>sie</span> <span class='ocrx_word' id='word_1_99' title='bbox 1217 1103 1410 1159; x_wconf 74' lang='lat' dir='ltr'>pectore</span> <span class='ocrx_word' id='word_1_100' title='bbox 1449 1102 1608 1160; x_wconf 74' lang='lat' dir='ltr'>coepit.</span> <span class='ocrx_word' id='word_1_101' title='bbox 1687 1101 1819 1147; x_wconf 86' lang='lat' dir='ltr'>recte</span> 
     </span>
     <span class='ocr_line' id='line_1_14' title="bbox 126 1174 1820 1236; baseline -0.001 -15"><span class='ocrx_word' id='word_1_102' title='bbox 126 1174 206 1221; x_wconf 86' lang='lat' dir='ltr'>hic</span> <span class='ocrx_word' id='word_1_103' title='bbox 251 1176 398 1236; x_wconf 85' lang='lat' dir='ltr'>poeta</span> <span class='ocrx_word' id='word_1_104' title='bbox 447 1176 497 1220; x_wconf 88' lang='lat' dir='ltr'>et</span> <span class='ocrx_word' id='word_1_105' title='bbox 541 1174 705 1222; x_wconf 89' lang='lat' dir='ltr'>locum</span> <span class='ocrx_word' id='word_1_106' title='bbox 752 1175 972 1222; x_wconf 86' lang='lat' dir='ltr'>servavit</span> <span class='ocrx_word' id='word_1_107' title='bbox 1019 1176 1068 1221; x_wconf 91' lang='lat' dir='ltr'>et</span> <span class='ocrx_word' id='word_1_108' title='bbox 1113 1175 1310 1235; x_wconf 89' lang='lat' dir='ltr'>tempus</span> <span class='ocrx_word' id='word_1_109' title='bbox 1363 1176 1412 1221; x_wconf 91' lang='lat' dir='ltr'>et</span> <span class='ocrx_word' id='word_1_110' title='bbox 1461 1189 1725 1235; x_wconf 87' lang='lat' dir='ltr'>personam</span> <span class='ocrx_word' id='word_1_111' title='bbox 1771 1176 1820 1220; x_wconf 87' lang='lat' dir='ltr'>et</span> 
     </span>
     <span class='ocr_line' id='line_1_15' title="bbox 126 1247 1823 1311; baseline 0.001 -17"><span class='ocrx_word' id='word_1_112' title='bbox 126 1249 218 1296; x_wconf 88' lang='lat' dir='ltr'>hoc</span> <span class='ocrx_word' id='word_1_113' title='bbox 257 1263 433 1311; x_wconf 86' lang='lat' dir='ltr'>genere</span> <span class='ocrx_word' id='word_1_114' title='bbox 473 1248 692 1295; x_wconf 88' lang='lat' dir='ltr'>ostendit</span> <span class='ocrx_word' id='word_1_115' title='bbox 729 1265 829 1296; x_wconf 90' lang='lat' dir='ltr'>non</span> <span class='ocrx_word' id='word_1_116' title='bbox 868 1247 1128 1296; x_wconf 88' lang='lat' dir='ltr'>seditiosas</span> <span class='ocrx_word' id='word_1_117' title='bbox 1170 1263 1312 1296; x_wconf 87' lang='lat' dir='ltr'>voces</span> <span class='ocrx_word' id='word_1_118' title='bbox 1352 1249 1571 1296; x_wconf 81' lang='lat' dir='ltr'>emisisse</span> <span class='ocrx_word' id='word_1_119' title='bbox 1612 1263 1694 1296; x_wconf 90' lang='lat' dir='ltr'>eos</span> <span class='ocrx_word' id='word_1_120' title='bbox 1734 1250 1823 1310; x_wconf 85' lang='lat' dir='ltr'>qui</span> 
     </span>
     <span class='ocr_line' id='line_1_16' title="bbox 62 1322 1822 1384; baseline 0 -14"><span class='ocrx_word' id='word_1_121' title='bbox 62 1337 104 1371; x_wconf 79' lang='lat'>15</span> <span class='ocrx_word' id='word_1_122' title='bbox 128 1323 372 1384; x_wconf 89' lang='lat' dir='ltr'>supplices</span> <span class='ocrx_word' id='word_1_123' title='bbox 419 1325 671 1370; x_wconf 86' lang='lat' dir='ltr'>venerant.</span> <span class='ocrx_word' id='word_1_124' title='bbox 749 1322 1053 1383; x_wconf 87' lang='lat' dir='ltr'>clamabant,</span> <span class='ocrx_word' id='word_1_125' title='bbox 1099 1323 1286 1384; x_wconf 87' lang='lat' dir='ltr'>inquit,</span> <span class='ocrx_word' id='word_1_126' title='bbox 1334 1338 1447 1370; x_wconf 90' lang='lat' dir='ltr'>eum</span> <span class='ocrx_word' id='word_1_127' title='bbox 1486 1325 1648 1370; x_wconf 89' lang='lat' dir='ltr'>essent</span> <span class='ocrx_word' id='word_1_128' title='bbox 1685 1323 1822 1381; x_wconf 86' lang='lat' dir='ltr'>foris,</span> 
     </span>
     <span class='ocr_line' id='line_1_17' title="bbox 128 1396 1820 1459; baseline 0 -15"><span class='ocrx_word' id='word_1_129' title='bbox 128 1396 212 1444; x_wconf 89' lang='lat' dir='ltr'>sed</span> <span class='ocrx_word' id='word_1_130' title='bbox 257 1397 523 1457; x_wconf 89' lang='lat' dir='ltr'>postquam</span> <span class='ocrx_word' id='word_1_131' title='bbox 570 1396 862 1459; x_wconf 88' lang='lat' dir='ltr'>introgressi</span> <span class='ocrx_word' id='word_1_132' title='bbox 905 1398 1020 1444; x_wconf 91' lang='lat' dir='ltr'>sunt</span> <span class='ocrx_word' id='word_1_133' title='bbox 1067 1399 1116 1444; x_wconf 94' lang='lat' dir='ltr'>et</span> <span class='ocrx_word' id='word_1_134' title='bbox 1162 1398 1359 1458; x_wconf 92' lang='lat' dir='ltr'>tempus</span> <span class='ocrx_word' id='word_1_135' title='bbox 1406 1396 1643 1458; x_wconf 90' lang='lat' dir='ltr'>loquendi</span> <span class='ocrx_word' id='word_1_136' title='bbox 1683 1411 1820 1444; x_wconf 89' lang='lat' dir='ltr'>occa-</span> 
     </span>
     <span class='ocr_line' id='line_1_18' title="bbox 129 1470 1821 1532; baseline 0.001 -15"><span class='ocrx_word' id='word_1_137' title='bbox 129 1471 317 1518; x_wconf 89' lang='lat' dir='ltr'>sionem</span> <span class='ocrx_word' id='word_1_138' title='bbox 356 1470 508 1530; x_wconf 87' lang='lat' dir='ltr'>dedit,</span> <span class='ocrx_word' id='word_1_139' title='bbox 547 1471 684 1518; x_wconf 91' lang='lat' dir='ltr'>locus</span> <span class='ocrx_word' id='word_1_140' title='bbox 723 1487 840 1519; x_wconf 84' lang='lat' dir='ltr'>vero</span> <span class='ocrx_word' id='word_1_141' title='bbox 880 1470 1114 1518; x_wconf 87' lang='lat' dir='ltr'>fiduciam</span> <span class='ocrx_word' id='word_1_142' title='bbox 1152 1470 1332 1518; x_wconf 88' lang='lat' dir='ltr'>tribuit</span> <span class='ocrx_word' id='word_1_143' title='bbox 1371 1485 1461 1518; x_wconf 89' lang='lat' dir='ltr'>nec</span> <span class='ocrx_word' id='word_1_144' title='bbox 1500 1471 1670 1519; x_wconf 89' lang='lat' dir='ltr'>deerat</span> <span class='ocrx_word' id='word_1_145' title='bbox 1712 1487 1821 1532; x_wconf 89' lang='lat' dir='ltr'>per·</span> 
     </span>
     <span class='ocr_line' id='line_1_19' title="bbox 129 1544 1824 1608; baseline -0.001 -16"><span class='ocrx_word' id='word_1_146' title='bbox 129 1560 250 1592; x_wconf 89' lang='lat' dir='ltr'>sona</span> <span class='ocrx_word' id='word_1_147' title='bbox 306 1560 430 1605; x_wconf 89' lang='lat' dir='ltr'>quae</span> <span class='ocrx_word' id='word_1_148' title='bbox 484 1546 745 1608; x_wconf 85' lang='lat' dir='ltr'>rogaretur</span> <span class='ocrx_word' id='word_1_149' title='bbox 800 1560 856 1592; x_wconf 91' lang='lat' dir='ltr'>ac</span> <span class='ocrx_word' id='word_1_150' title='bbox 909 1545 1166 1606; x_wconf 86' lang='lat' dir='ltr'>postulata</span> <span class='ocrx_word' id='word_1_151' title='bbox 1225 1546 1524 1606; x_wconf 89' lang='lat' dir='ltr'>praestaret,</span> <span class='ocrx_word' id='word_1_152' title='bbox 1587 1544 1824 1606; x_wconf 87' lang='lat' dir='ltr'>loquendi</span> 
     </span>
     <span class='ocr_line' id='line_1_20' title="bbox 128 1618 1822 1681; baseline 0.001 -16"><span class='ocrx_word' id='word_1_153' title='bbox 128 1618 342 1678; x_wconf 87' lang='lat' dir='ltr'>modum,</span> <span class='ocrx_word' id='word_1_154' title='bbox 364 1619 461 1679; x_wconf 7' lang='lat' dir='ltr'>,vel</span> <span class='ocrx_word' id='word_1_155' title='bbox 500 1619 713 1666; x_wconf 87' lang='lat' dir='ltr'>maxime</span> <span class='ocrx_word' id='word_1_156' title='bbox 751 1619 805 1666; x_wconf 90' lang='lat' dir='ltr'>in</span> <span class='ocrx_word' id='word_1_157' title='bbox 843 1619 1031 1681; x_wconf 89' lang='lat' dir='ltr'>templo</span> <span class='ocrx_word' id='word_1_158' title='bbox 1072 1621 1122 1666; x_wconf 92' lang='lat' dir='ltr'>et</span> <span class='ocrx_word' id='word_1_159' title='bbox 1162 1619 1294 1680; x_wconf 90' lang='lat' dir='ltr'>apud</span> <span class='ocrx_word' id='word_1_160' title='bbox 1331 1635 1440 1667; x_wconf 88' lang='lat' dir='ltr'>eam</span> <span class='ocrx_word' id='word_1_161' title='bbox 1472 1635 1600 1680; x_wconf 91' lang='lat' dir='ltr'>quae</span> <span class='ocrx_word' id='word_1_162' title='bbox 1630 1621 1822 1667; x_wconf 87' lang='lat' dir='ltr'>teneret</span> 
     </span>
     <span class='ocr_line' id='line_1_21' title="bbox 65 1694 1823 1754; baseline 0 -14"><span class='ocrx_word' id='word_1_163' title='bbox 65 1708 108 1740; x_wconf 73' lang='lat'>20</span> <span class='ocrx_word' id='word_1_164' title='bbox 131 1708 374 1741; x_wconf 89' lang='lat' dir='ltr'>summam</span> <span class='ocrx_word' id='word_1_165' title='bbox 412 1709 590 1753; x_wconf 87' lang='lat' dir='ltr'>rerum,</span> <span class='ocrx_word' id='word_1_166' title='bbox 630 1695 930 1754; x_wconf 87' lang='lat' dir='ltr'>temperavit</span> <span class='ocrx_word' id='word_1_167' title='bbox 969 1695 1055 1754; x_wconf 90' lang='lat' dir='ltr'>qui</span> <span class='ocrx_word' id='word_1_168' title='bbox 1095 1694 1259 1741; x_wconf 87' lang='lat' dir='ltr'>fuerat</span> <span class='ocrx_word' id='word_1_169' title='bbox 1297 1694 1573 1754; x_wconf 89' lang='lat' dir='ltr'>locuturus,</span> <span class='ocrx_word' id='word_1_170' title='bbox 1616 1694 1709 1741; x_wconf 90' lang='lat' dir='ltr'>hoc</span> <span class='ocrx_word' id='word_1_171' title='bbox 1749 1696 1823 1740; x_wconf 90' lang='lat' dir='ltr'>est</span> 
     </span>
     <span class='ocr_line' id='line_1_22' title="bbox 128 1766 1822 1829; baseline 0.001 -16"><span class='ocrx_word' id='word_1_172' title='bbox 128 1766 357 1815; x_wconf 84' lang='lat' dir='ltr'>Ilioneus.</span> <span class='ocrx_word' id='word_1_173' title='bbox 414 1783 561 1828; x_wconf 90' lang='lat' dir='ltr'>quem</span> <span class='ocrx_word' id='word_1_174' title='bbox 600 1783 709 1815; x_wconf 91' lang='lat' dir='ltr'>cum</span> <span class='ocrx_word' id='word_1_175' title='bbox 750 1767 872 1815; x_wconf 86' lang='lat' dir='ltr'>dicit</span> <span class='ocrx_word' id='word_1_176' title='bbox 910 1766 1086 1815; x_wconf 89' lang='lat' dir='ltr'>ceteris</span> <span class='ocrx_word' id='word_1_177' title='bbox 1126 1768 1280 1816; x_wconf 89' lang='lat' dir='ltr'>fuisse</span> <span class='ocrx_word' id='word_1_178' title='bbox 1319 1766 1588 1829; x_wconf 86' lang='lat' dir='ltr'>meliorem,</span> <span class='ocrx_word' id='word_1_179' title='bbox 1627 1767 1822 1815; x_wconf 87' lang='lat' dir='ltr'>intelle-</span> 
     </span>
     <span class='ocr_line' id='line_1_23' title="bbox 130 1841 1822 1904; baseline 0.001 -17"><span class='ocrx_word' id='word_1_180' title='bbox 130 1857 243 1904; x_wconf 90' lang='lat' dir='ltr'>gere</span> <span class='ocrx_word' id='word_1_181' title='bbox 305 1841 535 1889; x_wconf 86' lang='lat' dir='ltr'>debemus</span> <span class='ocrx_word' id='word_1_182' title='bbox 597 1842 760 1902; x_wconf 89' lang='lat' dir='ltr'>qualis</span> <span class='ocrx_word' id='word_1_183' title='bbox 816 1842 878 1888; x_wconf 91' lang='lat' dir='ltr'>ab</span> <span class='ocrx_word' id='word_1_184' title='bbox 932 1841 1041 1903; x_wconf 92' lang='lat' dir='ltr'>ipso</span> <span class='ocrx_word' id='word_1_185' title='bbox 1096 1857 1256 1889; x_wconf 90' lang='lat' dir='ltr'>sermo</span> <span class='ocrx_word' id='word_1_186' title='bbox 1310 1842 1524 1903; x_wconf 87' lang='lat' dir='ltr'>proferri</span> <span class='ocrx_word' id='word_1_187' title='bbox 1585 1841 1822 1889; x_wconf 88' lang='lat' dir='ltr'>debuerit.</span> 
     </span>
     <span class='ocr_line' id='line_1_24' title="bbox 129 1914 1823 1980; baseline 0.001 -18"><span class='ocrx_word' id='word_1_188' title='bbox 129 1914 341 1976; x_wconf 83' lang='lat' dir='ltr'>placido,</span> <span class='ocrx_word' id='word_1_189' title='bbox 379 1916 559 1977; x_wconf 90' lang='lat' dir='ltr'>inquit,</span> <span class='ocrx_word' id='word_1_190' title='bbox 598 1917 669 1963; x_wconf 87' lang='lat' dir='ltr'>sic</span> <span class='ocrx_word' id='word_1_191' title='bbox 707 1918 905 1977; x_wconf 88' lang='lat' dir='ltr'>pectore</span> <span class='ocrx_word' id='word_1_192' title='bbox 946 1917 1121 1977; x_wconf 90' lang='lat' dir='ltr'>coepit.</span> <span class='ocrx_word' id='word_1_193' title='bbox 1200 1915 1322 1963; x_wconf 88' lang='lat' dir='ltr'>foris</span> <span class='ocrx_word' id='word_1_194' title='bbox 1361 1915 1662 1964; x_wconf 90' lang='lat' dir='ltr'>clamoribus</span> <span class='ocrx_word' id='word_1_195' title='bbox 1710 1931 1823 1980; x_wconf 88' lang='lat' dir='ltr'>age-</span> 
     </span>
     <span class='ocr_line' id='line_1_25' title="bbox 130 1988 1825 2052; baseline 0.001 -16"><span class='ocrx_word' id='word_1_196' title='bbox 130 1988 298 2051; x_wconf 85' lang='lat' dir='ltr'>batur,</span> <span class='ocrx_word' id='word_1_197' title='bbox 350 1989 439 2036; x_wconf 91' lang='lat' dir='ltr'>ubi</span> <span class='ocrx_word' id='word_1_198' title='bbox 483 1989 761 2052; x_wconf 88' lang='lat' dir='ltr'>negabatur</span> <span class='ocrx_word' id='word_1_199' title='bbox 806 2005 1018 2052; x_wconf 90' lang='lat' dir='ltr'>persona</span> <span class='ocrx_word' id='word_1_200' title='bbox 1056 1989 1291 2051; x_wconf 71' lang='lat' dir='ltr'>Didonis,</span> <span class='ocrx_word' id='word_1_201' title='bbox 1339 1990 1536 2051; x_wconf 88' lang='lat' dir='ltr'>quando</span> <span class='ocrx_word' id='word_1_202' title='bbox 1585 1990 1704 2038; x_wconf 88' lang='lat' dir='ltr'>data</span> <span class='ocrx_word' id='word_1_203' title='bbox 1750 1993 1825 2037; x_wconf 88' lang='lat' dir='ltr'>est</span> 
     </span>
     <span class='ocr_line' id='line_1_26' title="bbox 67 2063 1825 2128; baseline 0 -18"><span class='ocrx_word' id='word_1_204' title='bbox 67 2077 109 2110; x_wconf 78' lang='lat'>25</span> <span class='ocrx_word' id='word_1_205' title='bbox 131 2063 271 2111; x_wconf 82' lang='lat' dir='ltr'>fandi</span> <span class='ocrx_word' id='word_1_206' title='bbox 317 2065 480 2125; x_wconf 88' lang='lat' dir='ltr'>copia,</span> <span class='ocrx_word' id='word_1_207' title='bbox 528 2064 580 2110; x_wconf 93' lang='lat' dir='ltr'>id</span> <span class='ocrx_word' id='word_1_208' title='bbox 627 2066 702 2112; x_wconf 89' lang='lat' dir='ltr'>est</span> <span class='ocrx_word' id='word_1_209' title='bbox 748 2063 946 2126; x_wconf 88' lang='lat' dir='ltr'>quando</span> <span class='ocrx_word' id='word_1_210' title='bbox 994 2079 1107 2111; x_wconf 92' lang='lat' dir='ltr'>cum</span> <span class='ocrx_word' id='word_1_211' title='bbox 1147 2066 1407 2125; x_wconf 87' lang='lat' dir='ltr'>praesente</span> <span class='ocrx_word' id='word_1_212' title='bbox 1446 2064 1619 2128; x_wconf 86' lang='lat' dir='ltr'>regina</span> <span class='ocrx_word' id='word_1_213' title='bbox 1659 2078 1825 2112; x_wconf 89' lang='lat' dir='ltr'>coram</span> 
     </span>
     <span class='ocr_line' id='line_1_27' title="bbox 131 2135 1825 2200; baseline 0.001 -17"><span class='ocrx_word' id='word_1_214' title='bbox 131 2135 274 2184; x_wconf 88' lang='lat' dir='ltr'>licuit</span> <span class='ocrx_word' id='word_1_215' title='bbox 303 2137 458 2199; x_wconf 89' lang='lat' dir='ltr'>loqui,</span> <span class='ocrx_word' id='word_1_216' title='bbox 488 2139 684 2185; x_wconf 86' lang='lat' dir='ltr'>mutata</span> <span class='ocrx_word' id='word_1_217' title='bbox 716 2140 832 2186; x_wconf 88' lang='lat' dir='ltr'>sunt</span> <span class='ocrx_word' id='word_1_218' title='bbox 863 2139 1031 2186; x_wconf 87' lang='lat' dir='ltr'>omnia</span> <span class='ocrx_word' id='word_1_219' title='bbox 1063 2154 1189 2200; x_wconf 92' lang='lat' dir='ltr'>quae</span> <span class='ocrx_word' id='word_1_220' title='bbox 1214 2138 1503 2186; x_wconf 86' lang='lat' dir='ltr'>turbulenta</span> <span class='ocrx_word' id='word_1_221' title='bbox 1526 2137 1825 2186; x_wconf 90' lang='lat' dir='ltr'>videbantur</span> 
     </span>
     <span class='ocr_line' id='line_1_28' title="bbox 63 2208 1821 2274; baseline 0.001 -16"><span class='ocrx_word' id='word_1_222' title='bbox 63 2208 66 2211; x_wconf 49' lang='lat'><strong>⁴</strong></span> <span class='ocrx_word' id='word_1_223' title='bbox 134 2213 184 2259; x_wconf 88' lang='lat' dir='ltr'>et</span> <span class='ocrx_word' id='word_1_224' title='bbox 221 2213 460 2259; x_wconf 84' lang='lat' dir='ltr'>sermonis</span> <span class='ocrx_word' id='word_1_225' title='bbox 498 2212 765 2273; x_wconf 84' lang='lat' dir='ltr'>placiditas</span> <span class='ocrx_word' id='word_1_226' title='bbox 804 2214 1006 2274; x_wconf 88' lang='lat' dir='ltr'>repente</span> <span class='ocrx_word' id='word_1_227' title='bbox 1046 2212 1294 2261; x_wconf 89' lang='lat' dir='ltr'>successit.</span> <span class='ocrx_word' id='word_1_228' title='bbox 1357 2227 1383 2260; x_wconf 93' lang='lat' dir='ltr'>o</span> <span class='ocrx_word' id='word_1_229' title='bbox 1421 2214 1608 2274; x_wconf 65' lang='lat' dir='ltr'>regina,</span> <span class='ocrx_word' id='word_1_230' title='bbox 1647 2227 1821 2260; x_wconf 84' lang='lat' dir='ltr'>novam</span> 
     </span>
     <span class='ocr_line' id='line_1_29' title="bbox 134 2286 1826 2347; baseline 0.002 -17"><span class='ocrx_word' id='word_1_231' title='bbox 134 2286 212 2331; x_wconf 79' lang='lat' dir='ltr'>cui</span> <span class='ocrx_word' id='word_1_232' title='bbox 249 2286 449 2334; x_wconf 83' lang='lat' dir='ltr'>condere</span> <span class='ocrx_word' id='word_1_233' title='bbox 486 2286 713 2346; x_wconf 77' lang='lat' dir='ltr'>Iuppiter</span> <span class='ocrx_word' id='word_1_234' title='bbox 750 2287 918 2334; x_wconf 82' lang='lat' dir='ltr'>urbem</span> <span class='ocrx_word' id='word_1_235' title='bbox 955 2288 1237 2346; x_wconf 76' lang='lat' dir='ltr'>iustitiaque</span> <span class='ocrx_word' id='word_1_236' title='bbox 1274 2286 1407 2334; x_wconf 78' lang='lat' dir='ltr'>dedit</span> <span class='ocrx_word' id='word_1_237' title='bbox 1438 2288 1596 2347; x_wconf 66' lang='lat' dir='ltr'>yentts</span> <span class='ocrx_word' id='word_1_238' title='bbox 1626 2287 1826 2346; x_wconf 80' lang='lat' dir='ltr'>frenare</span> 
     </span>
     <span class='ocr_line' id='line_1_30' title="bbox 134 2359 1824 2423; baseline 0.001 -17"><span class='ocrx_word' id='word_1_239' title='bbox 134 2359 390 2418; x_wconf 78' lang='lat' dir='ltr'>superbas:</span> <span class='ocrx_word' id='word_1_240' title='bbox 419 2375 603 2423; x_wconf 88' lang='lat' dir='ltr'>magna</span> <span class='ocrx_word' id='word_1_241' title='bbox 633 2359 828 2408; x_wconf 86' lang='lat' dir='ltr'>dicendi</span> <span class='ocrx_word' id='word_1_242' title='bbox 860 2363 967 2408; x_wconf 90' lang='lat' dir='ltr'>arte</span> <span class='ocrx_word' id='word_1_243' title='bbox 999 2361 1162 2409; x_wconf 89' lang='lat' dir='ltr'>locum</span> <span class='ocrx_word' id='word_1_244' title='bbox 1192 2361 1347 2408; x_wconf 90' lang='lat' dir='ltr'>istum</span> <span class='ocrx_word' id='word_1_245' title='bbox 1376 2362 1527 2422; x_wconf 86' lang='lat' dir='ltr'>poeta</span> <span class='ocrx_word' id='word_1_246' title='bbox 1558 2361 1824 2423; x_wconf 84' lang='lat' dir='ltr'>conplexus</span> 
     </span>
     <span class='ocr_line' id='line_1_31' title="bbox 68 2433 1824 2497; baseline 0.001 -17"><span class='ocrx_word' id='word_1_247' title='bbox 68 2446 113 2479; x_wconf 73' lang='grc' dir='ltr'><strong><em>ω</em></strong></span> <span class='ocrx_word' id='word_1_248' title='bbox 135 2434 230 2493; x_wconf 88' lang='lat' dir='ltr'>est,</span> <span class='ocrx_word' id='word_1_249' title='bbox 274 2434 493 2495; x_wconf 88' lang='lat' dir='ltr'>primum</span> <span class='ocrx_word' id='word_1_250' title='bbox 537 2435 760 2482; x_wconf 89' lang='lat' dir='ltr'>omnium</span> <span class='ocrx_word' id='word_1_251' title='bbox 803 2436 861 2482; x_wconf 90' lang='lat' dir='ltr'>ut</span> <span class='ocrx_word' id='word_1_252' title='bbox 905 2435 1154 2497; x_wconf 89' lang='lat' dir='ltr'>principia</span> <span class='ocrx_word' id='word_1_253' title='bbox 1197 2435 1308 2496; x_wconf 90' lang='lat' dir='ltr'>ipsa</span> <span class='ocrx_word' id='word_1_254' title='bbox 1356 2435 1540 2482; x_wconf 89' lang='lat' dir='ltr'>artiore</span> <span class='ocrx_word' id='word_1_255' title='bbox 1578 2433 1824 2484; x_wconf 83' lang='lat' dir='ltr'>brevitate</span> 
     </span>
     <span class='ocr_line' id='line_1_32' title="bbox 136 2506 1825 2570; baseline 0.001 -16"><span class='ocrx_word' id='word_1_256' title='bbox 136 2506 440 2570; x_wconf 87' lang='lat' dir='ltr'>succingeret</span> <span class='ocrx_word' id='word_1_257' title='bbox 470 2509 521 2556; x_wconf 87' lang='lat' dir='ltr'>et</span> <span class='ocrx_word' id='word_1_258' title='bbox 549 2510 717 2556; x_wconf 87' lang='lat' dir='ltr'>tamen</span> <span class='ocrx_word' id='word_1_259' title='bbox 748 2508 968 2570; x_wconf 82' lang='lat' dir='ltr'>plurima</span> <span class='ocrx_word' id='word_1_260' title='bbox 998 2510 1277 2557; x_wconf 86' lang='lat' dir='ltr'>necessaria</span> <span class='ocrx_word' id='word_1_261' title='bbox 1309 2508 1634 2570; x_wconf 85' lang='lat' dir='ltr'>continerent,</span> <span class='ocrx_word' id='word_1_262' title='bbox 1663 2509 1825 2570; x_wconf 89' lang='lat' dir='ltr'>primo</span> 
     </span>
     <span class='ocr_line' id='line_1_33' title="bbox 134 2581 1827 2647; baseline 0.002 -20"><span class='ocrx_word' id='word_1_263' title='bbox 134 2595 396 2641; x_wconf 86' lang='lat' dir='ltr'>personam</span> <span class='ocrx_word' id='word_1_264' title='bbox 440 2581 650 2631; x_wconf 83' lang='lat' dir='ltr'>Didonis</span> <span class='ocrx_word' id='word_1_265' title='bbox 695 2581 945 2643; x_wconf 86' lang='lat' dir='ltr'>laudaret,</span> <span class='ocrx_word' id='word_1_266' title='bbox 1001 2582 1234 2630; x_wconf 88' lang='lat' dir='ltr'>subtilem</span> <span class='ocrx_word' id='word_1_267' title='bbox 1282 2581 1681 2647; x_wconf 84' lang='lat' dir='ltr'>obiurgationem</span> <span class='ocrx_word' id='word_1_268' title='bbox 1727 2597 1827 2630; x_wconf 90' lang='lat' dir='ltr'>non</span> 
     </span>
    </p>
   </div>
   <div class='ocr_carea' id='block_1_3' title="bbox 137 2673 491 2681">
    <p class='ocr_par' dir='ltr' id='par_1_3' title="bbox 137 2673 491 2681">
     <span class='ocr_line' id='line_1_34' title="bbox 137 2673 491 2681; baseline 0 545"><span class='ocrx_word' id='word_1_269' title='bbox 137 2673 491 2681; x_wconf 95' lang='lat' dir='ltr'> </span> 
     </span>
    </p>
   </div>
   <div class='ocr_carea' id='block_1_4' title="bbox 0 2721 1829 3226">
    <p class='ocr_par' dir='ltr' id='par_1_4' title="bbox 0 2721 1829 3226">
     <span class='ocr_line' id='line_1_35' title="bbox 254 2721 1827 2779; baseline 0.001 -15"><span class='ocrx_word' id='word_1_270' title='bbox 254 2726 280 2764; x_wconf 85' lang='lat'>2</span> <span class='ocrx_word' id='word_1_271' title='bbox 311 2723 503 2767; x_wconf 81' lang='lat' dir='ltr'>elamore</span> <span class='ocrx_word' id='word_1_272' title='bbox 527 2723 742 2779; x_wconf 79' lang='lat' dir='ltr'>petebant</span> <span class='ocrx_word' id='word_1_273' title='bbox 763 2722 850 2765; x_wconf 83' lang='lat' dir='ltr'>LR</span> <span class='ocrx_word' id='word_1_274' title='bbox 873 2723 946 2768; x_wconf 89' lang='lat' dir='ltr'>ed.</span> <span class='ocrx_word' id='word_1_275' title='bbox 971 2724 1169 2768; x_wconf 82' lang='lat' dir='ltr'>clamare</span> <span class='ocrx_word' id='word_1_276' title='bbox 1201 2723 1301 2766; x_wconf 81' lang='lat' dir='ltr'>sine</span> <span class='ocrx_word' id='word_1_277' title='bbox 1326 2724 1543 2779; x_wconf 79' lang='lat' dir='ltr'>petebant</span> <span class='ocrx_word' id='word_1_278' title='bbox 1563 2721 1599 2766; x_wconf 92' lang='lat' dir='ltr'>r&#39;</span> <span class='ocrx_word' id='word_1_279' title='bbox 1631 2723 1827 2768; x_wconf 81' lang='lat' dir='ltr'>elamore</span> 
     </span>
     <span class='ocr_line' id='line_1_36' title="bbox 28 2781 1827 2845; baseline 0.001 -21"><span class='ocrx_word' id='word_1_280' title='bbox 28 2806 42 2845; x_wconf 47' lang='grc' dir='ltr'>ξ</span> <span class='ocrx_word' id='word_1_281' title='bbox 131 2785 278 2835; x_wconf 77' lang='lat' dir='ltr'>petere</span> <span class='ocrx_word' id='word_1_282' title='bbox 306 2795 405 2825; x_wconf 80' lang='lat' dir='ltr'>nos,</span> <span class='ocrx_word' id='word_1_283' title='bbox 497 2786 524 2826; x_wconf 81' lang='lat'><strong>3</strong></span> <span class='ocrx_word' id='word_1_284' title='bbox 556 2783 751 2828; x_wconf 81' lang='lat' dir='ltr'>emittere</span> <span class='ocrx_word' id='word_1_285' title='bbox 780 2781 868 2825; x_wconf 86' lang='lat' dir='ltr'>LR</span> <span class='ocrx_word' id='word_1_286' title='bbox 897 2783 1159 2827; x_wconf 78' lang='lat' dir='ltr'>emittebant</span> <span class='ocrx_word' id='word_1_287' title='bbox 1187 2781 1259 2826; x_wconf 85' lang='lat' dir='ltr'>ed.</span> <span class='ocrx_word' id='word_1_288' title='bbox 1288 2783 1296 2841; x_wconf 85' lang='grc' dir='ltr'>Ι</span> <span class='ocrx_word' id='word_1_289' title='bbox 1322 2784 1526 2839; x_wconf 77' lang='lat' dir='ltr'>ipsorum</span> <span class='ocrx_word' id='word_1_290' title='bbox 1556 2781 1644 2826; x_wconf 83' lang='lat' dir='ltr'>LR</span> <span class='ocrx_word' id='word_1_291' title='bbox 1673 2795 1827 2827; x_wconf 70' lang='lat' dir='ltr'>eorum</span> 
     </span>
     <span class='ocr_line' id='line_1_37' title="bbox 139 2838 1829 2897; baseline 0.002 -15"><span class='ocrx_word' id='word_1_292' title='bbox 139 2838 210 2882; x_wconf 86' lang='lat' dir='ltr'>ed.</span> <span class='ocrx_word' id='word_1_293' title='bbox 302 2844 357 2884; x_wconf 89' lang='grc'>10</span> <span class='ocrx_word' id='word_1_294' title='bbox 388 2841 743 2886; x_wconf 77' lang='lat' dir='ltr'>exclamantium</span> <span class='ocrx_word' id='word_1_295' title='bbox 767 2841 839 2885; x_wconf 87' lang='lat' dir='ltr'>ed.</span> <span class='ocrx_word' id='word_1_296' title='bbox 934 2846 988 2884; x_wconf 85' lang='lat'>12</span> <span class='ocrx_word' id='word_1_297' title='bbox 1021 2842 1167 2897; x_wconf 79' lang='lat' dir='ltr'>eoepit</span> <span class='ocrx_word' id='word_1_298' title='bbox 1187 2841 1274 2885; x_wconf 88' lang='lat' dir='ltr'>LR</span> <span class='ocrx_word' id='word_1_299' title='bbox 1294 2842 1428 2896; x_wconf 78' lang='lat' dir='ltr'>fatwr</span> <span class='ocrx_word' id='word_1_300' title='bbox 1450 2841 1523 2886; x_wconf 84' lang='lat' dir='ltr'>ed.</span> <span class='ocrx_word' id='word_1_301' title='bbox 1617 2845 1670 2885; x_wconf 75' lang='lat'>17</span> <span class='ocrx_word' id='word_1_302' title='bbox 1704 2841 1829 2886; x_wconf 77' lang='lat' dir='ltr'>loeus</span> 
     </span>
     <span class='ocr_line' id='line_1_38' title="bbox 139 2897 1827 2946; baseline 0.001 -3.933"><span class='ocrx_word' id='word_1_303' title='bbox 139 2910 238 2942; x_wconf 82' lang='lat' dir='ltr'>vero</span> <span class='ocrx_word' id='word_1_304' title='bbox 267 2897 356 2942; x_wconf 79' lang='lat' dir='ltr'>LR</span> <span class='ocrx_word' id='word_1_305' title='bbox 386 2901 591 2944; x_wconf 64' lang='lat' dir='ltr'>locutam-o</span> <span class='ocrx_word' id='word_1_306' title='bbox 621 2899 695 2944; x_wconf 86' lang='lat' dir='ltr'>ed.</span> <span class='ocrx_word' id='word_1_307' title='bbox 817 2903 871 2943; x_wconf 78' lang='lat'>27</span> <span class='ocrx_word' id='word_1_308' title='bbox 905 2902 1245 2945; x_wconf 76' lang='lat' dir='ltr'>et—suecessit</span> <span class='ocrx_word' id='word_1_309' title='bbox 1275 2914 1364 2944; x_wconf 90' lang='lat' dir='ltr'>om.</span> <span class='ocrx_word' id='word_1_310' title='bbox 1391 2900 1463 2944; x_wconf 89' lang='lat' dir='ltr'>ed.</span> <span class='ocrx_word' id='word_1_311' title='bbox 1580 2905 1635 2944; x_wconf 82' lang='lat'>31</span> <span class='ocrx_word' id='word_1_312' title='bbox 1669 2905 1712 2946; x_wconf 87' lang='lat' dir='ltr'>et</span> <span class='ocrx_word' id='word_1_313' title='bbox 1739 2900 1827 2944; x_wconf 83' lang='lat' dir='ltr'>LR</span> 
     </span>
     <span class='ocr_line' id='line_1_39' title="bbox 12 2958 1300 3226; baseline 0.005 -226"><span class='ocrx_word' id='word_1_314' title='bbox 12 2964 49 3226; x_wconf 53' lang='grc' dir='ltr'><strong><em>ἶ</em></strong></span> <span class='ocrx_word' id='word_1_315' title='bbox 139 2970 253 3011; x_wconf 77' lang='lat' dir='ltr'>quae</span> <span class='ocrx_word' id='word_1_316' title='bbox 282 2958 353 3001; x_wconf 88' lang='lat' dir='ltr'>ed.</span> <span class='ocrx_word' id='word_1_317' title='bbox 397 2961 404 3015; x_wconf 88' lang='grc' dir='ltr'>Ι</span> <span class='ocrx_word' id='word_1_318' title='bbox 452 2960 734 3004; x_wconf 74' lang='lat' dir='ltr'>continerent</span> <span class='ocrx_word' id='word_1_319' title='bbox 763 2959 832 3002; x_wconf 90' lang='lat' dir='ltr'>Lr</span> <span class='ocrx_word' id='word_1_320' title='bbox 861 2959 934 3003; x_wconf 89' lang='lat' dir='ltr'>ed.</span> <span class='ocrx_word' id='word_1_321' title='bbox 965 2960 1213 3005; x_wconf 79' lang='lat' dir='ltr'>contineret</span> <span class='ocrx_word' id='word_1_322' title='bbox 1241 2959 1300 3006; x_wconf 86' lang='lat' dir='ltr'>R.</span> 
     </span>
     <span class='ocr_line' id='line_1_40' title="bbox 0 3201 4 3226; baseline 0 0"><span class='ocrx_word' id='word_1_323' title='bbox 0 3201 4 3226; x_wconf 93' lang='grc' dir='ltr'>Ι</span> 
     </span>
    </p>
   </div>
  </div>
 </body>
</html>
