2014 3226
756 117 1060 162 AENELDOS
1093 118 1156 161 IV
1699 122 1803 173 407

118 257 343 318 disputat
391 271 517 317 quae
564 256 615 301 in
663 256 883 318 homine,
932 273 1056 318 quae
1096 260 1147 305 in
1189 260 1294 305 viro
1335 258 1462 306 bono
1504 260 1666 307 officia
1706 276 1805 308 esse

117 330 342 390 debeant,
381 345 507 390 quae
546 330 740 375 Aeneas
779 345 878 376 non
916 330 1095 378 habere
1137 332 1399 379 diceretur:
1452 349 1563 380 cum
1604 351 1695 392 1110,
1736 336 1806 380 in-

119 405 250 465 quit,
298 405 517 451 cerneret
564 402 786 463 flentem,
834 404 1035 451 duravit
1082 405 1354 453 inmobilis:
1417 422 1528 454 cum
1567 422 1807 470 rogarem,

117 493 216 525 non
255 477 392 524 flexit
431 477 596 524 oculos
637 491 751 524 suos
794 470 966 542 (supra
1004 481 1132 525 enim
1165 479 1289 527 dixit
1331 473 1486 544 (331)
1530 480 1642 540 „ille
1675 480 1806 528 Iovis

71 568 92 601 5
118 552 320 598 monitis
374 551 564 597 inmota
618 551 820 597 tenebat
870 547 1115 617 lumina“)
1171 556 1220 600 et
1267 569 1378 601 cum
1425 555 1647 601 futurum
1695 570 1806 615 pro-

116 627 327 673 testarer
379 626 637 671 interitum
691 640 874 684 meum,
937 626 1131 672 nullum
1186 643 1272 688 per
1326 628 1556 675 lacrimas
1612 629 1808 691 signum

116 699 448 747 miserationis
489 697 707 746 ostendit
741 714 830 746 nec
862 714 1030 746 casum
1062 699 1269 747 infelicis
1304 703 1517 748 amantis
1552 702 1805 765 ingemuit.

115 774 236 820 haec
281 773 381 820 tria
429 775 543 819 sunt
578 771 764 837 ¹quibus
812 773 958 819 taciti
1003 774 1224 821 homines
1265 774 1526 822 ostendant
1567 775 1684 836 quid
1725 791 1806 838 ge-

116 849 257 895 ratur
287 847 511 906 interius,
544 847 586 893 si
618 847 934 893 miseratione
967 850 1279 907 moveantur3
1322 852 1408 895 aut
1442 850 1571 895 enim
1604 852 1807 912 gemunt

50 938 93 970 10
118 922 205 968 aut
258 921 489 968 lacrimas
543 919 758 967 fundunt
813 923 899 967 aut
954 921 1120 969 oculos
1172 921 1387 969 flectunt.
1466 938 1589 982 quac
1635 924 1807 982 quibu-s

116 995 419 1054 anteferam?
494 996 660 1054 tanta,
706 995 894 1054 inquit⁷
940 994 1074 1041 mala
1128 994 1266 1042 iuxta
1319 1012 1417 1056 me,
1464 999 1569 1042 tam
1617 996 1806 1056 acerba,

114 1072 220 1116 tam
259 1068 383 1115 dura
423 1069 684 1115 commissa
724 1069 841 1115 sunt
871 1068 1042 1129 itaque
1075 1072 1190 1116 sunt
1220 1069 1376 1130 paria,
1408 1072 1465 1116 ut
1496 1068 1805 1118 ordinatione

116 1143 484 1204 conparationis
525 1143 803 1203 aequentur
842 1143 893 1188 et
925 1141 1023 1188 alia
1056 1142 1167 1191 aliis
1199 1144 1438 1204 praeferri
1470 1159 1567 1190 non
1599 1144 1803 1206 possint.

114 1218 215 1264 iam
246 1218 348 1263 iam
378 1230 465 1263 nec
495 1218 712 1278 maxima
745 1215 875 1262 Iuno
912 1230 998 1263 nec
1027 1215 1293 1264 Saturnius
1330 1217 1445 1264 haee
1483 1218 1631 1265 oeulis
1661 1221 1806 1276 pater

29 1307 89 1340 ‘15
114 1292 290 1350 aspicit
325 1292 516 1350 aequis:
570 1292 619 1337 et
657 1292 824 1337 tamen
863 1289 998 1351 haec,
1039 1306 1148 1337 cum
1187 1291 1319 1337 inter
1358 1292 1515 1338 omnis
1554 1290 1692 1350 fiunt,
1731 1292 1804 1338 in-

112 1364 258 1412 iustis
298 1364 502 1412 deorum
539 1363 811 1411 luminibus
850 1364 1062 1425 placent.
1127 1366 1335 1427 apparet
1366 1379 1451 1412 cur
1481 1366 1693 1426 primam
1725 1364 1804 1411 Iu·

113 1454 292 1486 nonem
338 1437 527 1500 posuit,
575 1439 695 1499 quia
740 1437 819 1485 vel
865 1439 1039 1501 regina
1086 1438 1289 1486 deorum
1335 1437 1586 1486 vindicare
1636 1437 1806 1486 debuit

114 1513 303 1560 iniusta
348 1513 428 1560 vel
477 1512 608 1577 quod
661 1511 794 1573 apud
842 1510 1194 1576 Carthaginem
1247 1512 1509 1574 praecipue
1565 1512 1806 1559 coleretur

113 1586 193 1634 vel
238 1586 370 1648 quod
416 1586 519 1634 iam
565 1602 624 1634 ex
670 1586 782 1633 aliis
832 1588 959 1634 esset
1003 1586 1207 1634 inimica
1245 1585 1486 1634 Troianis.
1563 1600 1806 1645 nusquam

44 1676 90 1710 20
112 1663 217 1708 tuta
261 1660 408 1720 fides:
462 1659 659 1722 quando
706 1661 760 1707 in
808 1659 901 1707 hac
948 1675 1095 1708 causa
1141 1659 1260 1708 fides
1305 1661 1418 1707 tuta
1455 1658 1666 1706 inveniri
1706 1675 1804 1707 11011

112 1735 303 1797 potuit,
357 1749 605 1797 nusquam
659 1736 746 1782 est.
827 1733 1027 1797 egregia
1081 1733 1287 1781 duorum
1343 1735 1603 1781 auctorum
1657 1732 1803 1795 dicta,

112 1808 467 1872 interrogantis
505 1825 673 1870 unum,
716 1808 930 1856 alterum
966 1807 1249 1855 iudicantis.
1321 1807 1579 1854 Terentius
1620 1808 1803 1868 quippe

114 1884 187 1931 ait
241 1876 430 1949 (heaut.
468 1884 516 1944 2,
549 1883 597 1943 3,
633 1874 725 1948 15)
778 1898 897 1943 „pro
948 1881 1196 1944 Iuppiter,
1242 1881 1446 1928 ubinam
1493 1882 1566 1928 est
1612 1878 1803 1928 fides?“

111 1958 312 2018 putavit
358 1957 490 2005 enim
537 1956 867 2018 quaerendam
917 1955 1203 2003 existimans
1241 1970 1382 2017 posse
1423 1969 1691 2018 congruam
1729 1969 1825 2017 re-¹

43 2047 88 2081 25
113 2030 278 2093 periri.
354 2029 608 2093 Vergilius
657 2032 824 2078 autem
869 2029 1112 2078 iudicavit
1159 2028 1485 2090 quaerendam
1536 2043 1634 2075 non
1686 2042 1803 2087 esse,

113 2104 244 2166 quod
275 2105 484 2167 reperiri
514 2107 628 2152 tuta
659 2119 759 2152 non
789 2106 958 2166 posset
987 2102 1288 2165 perindeque
1313 2101 1635 2164 superflueret
1657 2100 1802 2148 fluxa.

111 2179 291 2242 incipit
337 2193 622 2227 enumerare
669 2177 906 2226 beneficia
956 2192 1068 2236 sua,
1122 2193 1332 2239 quorum
1386 2174 1802 2238 contemplatione

113 2253 336 2315 oportuit
373 2253 621 2316 integram
658 2251 806 2300 fidem
843 2252 1290 2312 intemeratamque
1330 2250 1530 2297 servari.
1595 2249 1801 2303 eiectum,

66 2328 67 2331 ’
113 2327 271 2382 litore,
326 2330 534 2387 eyente‘m
588 2328 746 2387 excepi
801 2329 844 2373 et
895 2327 1032 2385 requi
1085 2325 1277 2372 demens
1331 2325 1383 2371 in
1428 2325 1574 2383 parte
1634 2322 1802 2378 locavi,

23 2404 91 2464 2⁸⁰
114 2401 347 2448 amissam
385 2401 608 2456 classem,
647 2401 799 2448 socios
835 2415 868 2448 a
906 2402 1054 2447 morte
1091 2399 1289 2446 reduaei:
1341 2396 1572 2456 eiectum,
1610 2395 1787 2458 inquit,
1804 2398 1890 2439 376

20 2562 34 2627 ,ζ
233 2575 260 2615 8
292 2575 519 2616 ostentant
549 2570 620 2614 ed.
739 2575 793 2614 12
819 2570 982 2626 patria
1013 2567 1055 2611 R
1078 2568 1225 2625 paria
1256 2581 1279 2610 r
1303 2589 1358 2605 =
1383 2567 1432 2611 L.
1549 2570 1604 2610 14
1635 2566 1729 2609 iam
1761 2564 1803 2608 R

18 2629 35 2711 ᾗ
112 2631 209 2674 iam
245 2631 340 2674 iam
379 2645 402 2672 r
425 2652 482 2667 =
507 2630 556 2673 L.
711 2633 765 2674 15
797 2628 1091 2673 communiter
1128 2640 1280 2671 omnes
1310 2626 1396 2670 LR
1434 2638 1584 2671 omnes
1614 2638 1702 2668 om.
1727 2622 1798 2667 ed.

21 2708 24 2710 >
110 2703 214 2733 eum
245 2690 365 2734 inter
396 2690 543 2734 omnis
572 2703 669 2734 nos.
699 2694 706 2748 Ι
732 2690 853 2745 fiunt
874 2686 961 2730 LR
989 2687 1166 2742 feriunt
1188 2700 1212 2728 r
1239 2686 1359 2740 fiunt
1389 2690 1432 2730 et
1454 2683 1524 2728 ed.
1620 2687 1673 2727 16
1700 2682 1799 2739 pri·

112 2762 237 2799 mum
260 2748 332 2792 ed.
433 2753 488 2792 18
512 2749 581 2793 vel
603 2748 724 2805 quod
744 2773 799 2780 —-
820 2750 874 2790 19
899 2746 968 2790 vel
989 2746 1110 2802 quod
1134 2744 1221 2788 LR
1243 2759 1282 2789 v.
1301 2758 1416 2801 quae
1439 2742 1548 2787 edF.
1650 2746 1705 2785 21
1738 2745 1802 2785 est

112 2805 202 2851 LR
231 2812 295 2852 est
325 2811 426 2852 tuta
456 2807 568 2863 fides
598 2807 671 2851 ed.
792 2810 848 2849 22
881 2805 1122 2850 terrentius
1152 2803 1240 2848 LR
1271 2816 1385 2848 corr.
1417 2817 1453 2847 r.
1575 2804 1631 2844 26
1656 2799 1802 2856 possit

113 2865 202 2910 LR.
217 2866 288 2910 ed.
303 2871 451 2923 posset
473 2880 558 2911 nos
581 2867 775 2923 prepter
795 2864 1100 2921 superflueret.
1193 2866 1249 2906 29
1275 2863 1404 2907 litore
1426 2858 1799 2916 interpunctione

115 2925 330 2982 separavi
359 2929 553 2982 prop-ter
582 2925 775 2981 interpr.
898 2927 954 2967 30
986 2936 1137 2967 amore
1167 2921 1209 2979 R
1239 2936 1269 2966 a
1301 2925 1438 2966 morte
1469 2934 1503 2963 r.
