2014 3226
814 174 1116 218 AENEIDOS
1149 175 1169 217 I
1767 175 1838 227 95

147 319 390 366 monstrat
432 315 550 376 quid
590 331 679 377 pro
721 315 879 378 gloria
922 315 1247 362 Troianorum
1287 316 1495 374 faceret,
1543 315 1662 377 quid
1703 316 1837 363 incu-

147 395 272 439 teret
327 390 559 437 dolorem.
646 389 862 436 faciebat
918 389 1046 434 enim
1101 405 1190 450 pro
1254 389 1415 452 gloria
1470 404 1581 436 cum
1637 389 1838 436 Troiani

149 464 358 512 Graecos
386 462 773 524 insequebantur
805 466 854 509 et
886 478 975 524 pro
1007 464 1173 523 patria
1205 463 1515 523 laborabant,
1547 463 1839 510 movebatur

150 539 291 586 dolor
329 537 414 584 ubi
454 535 628 584 Graeci
668 537 943 598 superiores
983 537 1280 584 videbantur
1319 540 1549 599 expressi.
1606 552 1692 584 uec
1721 551 1838 596 pro-

104 631 124 662 5
149 614 225 660 cul
276 612 386 658 hinc
435 612 584 658 Rhesi
638 612 790 657 niveis
846 611 1048 658 tentoria
1102 612 1220 659 velis
1275 614 1491 671 aynoscit
1544 613 1823 666 lacrimans,
1841 619 1927 659 47⁴)

146 688 302 747 primo
349 701 472 744 quac
510 686 712 744 prodita
758 698 922 731 sonmo
973 685 1182 744 Tydides
1228 686 1382 733 multa
1428 687 1653 733 vastabat
1697 686 1839 732 caede

147 764 392 808 cruentus.
446 761 754 818 ardentisque
805 761 977 806 avertit
1023 773 1165 818 equos
1211 762 1263 806 in
1311 763 1493 814 castra,
1542 762 1838 818 priusquam

139 835 329 894 pabula
356 837 632 893 yustassent
665 834 840 880 Troiae
874 833 1219 892 Xanthumque
1252 835 1490 882 bibissent.
1554 850 1667 881 mox
1707 834 1838 881 enim

147 911 202 955 ut
248 908 408 968 venit,
457 908 645 955 occisus
686 910 760 954 est
800 910 849 954 et
890 907 1091 954 abducti
1131 910 1246 954 sunt
1287 909 1401 970 equi
1441 910 1544 956 eius
1586 908 1646 955 ad
1688 907 1837 955 Grae-

83 999 124 1031 10
148 998 314 1030 corum
355 982 810 1044 congregationem3
867 984 1031 1028 castra
1070 981 1201 1028 enim
1240 998 1340 1029 non
1380 983 1474 1030 soli
1511 984 1726 1043 parietes
1766 983 1837 1028 fa-

148 1058 285 1103 ciunt
329 1072 503 1103 verum
551 1057 703 1103 etiam
751 1055 958 1103 collecta
1005 1057 1057 1102 in
1103 1073 1257 1102 unum
1295 1056 1512 1103 militum
1551 1056 1837 1103 multitudo.

147 1130 328 1178 idcirco
370 1132 537 1177 autem
578 1130 704 1177 dixit
743 1132 857 1177 ante
898 1131 1112 1176 occisum
1145 1130 1362 1177 Rhesum
1403 1147 1553 1191 quam
1586 1132 1702 1192 equi
1733 1131 1838 1177 eius

148 1207 234 1251 aut
293 1204 482 1265 pabula
545 1203 890 1267 degustassent
944 1204 1160 1250 Troiana
1215 1207 1303 1251 aut
1356 1204 1598 1253 bibissent
1651 1205 1840 1252 Xanthi

146 1278 353 1338 undam,
397 1280 454 1325 ut
493 1279 633 1325 exitii
673 1279 776 1326 eius
817 1281 866 1325 et
904 1279 1038 1326 vitae
1078 1278 1226 1325 finem
1266 1278 1474 1326 celerem
1512 1278 1565 1325 in
1603 1279 1713 1340 ipso
1754 1278 1838 1325 ad-

83 1369 123 1401 15
147 1355 297 1400 ventu
329 1352 705 1400 demonstraret.
767 1369 878 1399 cum
911 1352 1033 1400 dicit
1071 1353 1232 1400 multa
1271 1353 1418 1400 caede
1457 1352 1688 1400 vastabat
1719 1352 1839 1400 Dio-

146 1426 309 1474 medes
342 1426 574 1486 tentoria‚
599 1426 816 1474 ostendit
848 1442 960 1474 cum
984 1426 1145 1474 Rheso
1178 1427 1420 1488 plurimos
1445 1443 1548 1476 esse
1572 1428 1839 1488 mactatos3

146 1516 243 1548 non
290 1500 421 1547 enim
467 1500 575 1548 fieri
621 1502 788 1563 potuit
834 1503 891 1548 ut
938 1501 1072 1548 solus
1113 1501 1175 1548 ad
1216 1501 1457 1548 auxilium
1497 1503 1713 1549 venisset
1752 1503 1840 1548 aut

147 1575 276 1622 solus
308 1576 360 1621 in
393 1576 607 1622 tentorio
640 1577 984 1637 requiesceret.
1047 1575 1295 1623 subnectit
1325 1577 1426 1622 iam
1458 1591 1679 1639 pugnam
1712 1590 1838 1637 quae

146 1651 286 1712 gesta
340 1652 414 1696 est
466 1651 598 1696 inter
643 1649 889 1697 Achillem
940 1651 989 1697 et
1037 1649 1273 1697 Troilum.
1352 1651 1423 1697 sic
1470 1651 1602 1697 enim
1647 1650 1838 1711 posuit:

82 1739 124 1771 20
138 1726 282 1782 parte
315 1724 415 1770 alla
446 1725 640 1783 fuyiens
672 1725 869 1771 amissis
896 1723 1090 1771 Troilus
1122 1725 1289 1779 armis,
1316 1724 1485 1782 infelix
1514 1739 1645 1783 puer
1683 1727 1825 1782 atque
1841 1732 1928 1771 475

145 1799 293 1856 inpar
331 1812 612 1856 con-qrcssus
651 1797 845 1845 Achilli.
907 1797 1020 1845 inde
1058 1796 1247 1857 infelix,
1289 1799 1406 1859 quia
1444 1815 1568 1859 puer
1606 1800 1656 1845 et
1693 1799 1840 1858 inpar

147 1885 432 1935 congressus
466 1874 540 1919 est
574 1872 619 1919 ei
651 1873 736 1934 qui
769 1888 798 1918 a
829 1871 1004 1919 iuvene
1038 1873 1265 1932 superari
1303 1887 1402 1919 non
1441 1874 1620 1934 posset.
1683 1874 1840 1932 fertur

149 1947 279 2005 ‹A’quis
317 1961 559 2005 curruque
595 1947 759 1994 haeret
795 1947 1056 2004 resupinus
1094 1948 1258 2002 inani,
1298 1947 1405 1993 lora
1445 1949 1606 1994 tenens
1653 1949 1812 1994 tamen
1822 1963 1840 2003 ·,·

146 2019 258 2067 huic
307 2021 559 2080 cerviaeque
612 2035 864 2080 comaeque
918 2021 1181 2067 trahuntur
1226 2035 1319 2080 per
1372 2024 1553 2068 terram
1608 2024 1651 2068 et
1697 2035 1839 2068 versa

83 2109 124 2142 25
140 2093 307 2152 pulvis
351 2095 635 2142 inscribitur
679 2095 844 2142 hasta:
906 2094 1172 2156 descriptio
1223 2096 1299 2142 est
1349 2096 1452 2142 eius
1502 2095 1588 2156 qui
1634 2093 1838 2156 supinus

29 2162 39 2199 ἶ
68 2218 71 2221 ,
147 2166 449 2215 trahebatur.
515 2171 700 2216 interca
739 2170 805 2216 ad
844 2169 1072 2229 templum
1109 2183 1208 2215 non
1248 2183 1430 2228 aequae
1467 2168 1707 2224 Palladis,
1746 2168 1839 2216 hoc

148 2242 222 2288 est
250 2242 426 2303 iratae,
456 2243 595 2290 ibant
624 2244 842 2291 crinibus
872 2243 1064 2291 Iliades
1086 2244 1257 2302 passis
1278 2243 1574 2303 peplumque
1603 2243 1824 2302 ferebant
1839 2248 1927 2288 480

147 2315 424 2375 suppliciter
462 2319 619 2365 tristes
659 2321 702 2365 et
738 2320 910 2365 tunsae
939 2321 1139 2377 pectora
1169 2317 1381 2376 palmis:
1430 2317 1633 2379 peplum
1672 2317 1840 2364 ferunt

148 2404 301 2452 genus
348 2405 450 2439 esse
497 2392 650 2439 vestis
688 2391 983 2453 pertinentis
1023 2391 1087 2438 ad
1124 2391 1278 2438 ritum
1318 2393 1619 2439 secretorum
1655 2389 1838 2438 Miner-

30 2460 49 2532 ᾇ
83 2478 127 2511 ⁸0
147 2477 261 2523 vae,
307 2463 640 2535 alisijscutum
685 2465 934 2514 modicum
959 2465 1166 2533 dicunt.
1244 2466 1335 2513 illa
1380 2466 1479 2513 solo
1517 2467 1642 2524 fixos
1680 2464 1838 2512 oculos

25 2542 49 2590 ‘Q

267 2638 294 2677 4
323 2637 525 2690 expressi
547 2635 634 2679 LR
665 2636 786 2692 quod
808 2636 1028 2692 expressit
1050 2635 1205 2680 dicens
1228 2635 1300 2680 ed.
1405 2640 1432 2680 5
1463 2636 1606 2680 rhessi
1635 2636 1684 2679 et
1713 2633 1839 2678 infra

63 2702 66 2703 ’
149 2693 296 2738 rhesso
326 2693 573 2738 LR.12
606 2700 712 2739 ante
741 2697 972 2751 transpos.
998 2694 1070 2739 ed
1166 2699 1222 2739 14
1253 2695 1386 2739 eaeitii
1409 2694 1494 2738 LR
1519 2694 1590 2738 ed.
1615 2694 1837 2738 exitium?

238 2757 292 2796 21
325 2754 447 2798 unde
478 2754 548 2798 ed.
659 2758 715 2798 22
747 2767 1010 2812 congressus
1038 2759 1103 2798 est
1132 2755 1175 2798 ei
1204 2755 1316 2810 quia
1346 2755 1525 2798 iuvenis
1553 2767 1770 2810 superare
1800 2753 1836 2810 L

150 2811 330 2856 iuvenes
359 2812 399 2856 R
430 2826 581 2872 conyr.
614 2827 703 2857 om.
729 2813 810 2856 edI
841 2815 1070 2870 transpos.
1104 2813 1200 2856 cdl?
1236 2827 1366 2869 quem
1394 2826 1479 2870 pro
1510 2814 1622 2868 quia
1653 2812 1725 2856 ed.
1758 2813 1839 2869 qui

150 2884 181 2914 a
217 2870 374 2916 iuvene
411 2873 623 2928 superari
660 2885 758 2916 nos.
911 2876 1101 2916 28—29
1138 2872 1347 2926 ferebant
1372 2884 1524 2946 yenus
1565 2876 1630 2916 est
1674 2871 1746 2916 ed.

63 2956 92 2964 --
151 2931 466 2985 mmm
495 2931 581 2975 ed.
610 2933 653 2987 Ι
665 2936 959 2976 secretorum
961 2931 1072 2974 LR.
1081 2930 1394 2976 mma-r..
1414 2930 1465 2974 in
1494 2943 1658 2988 marg.
1675 2930 1747 2974 ed.

153 2990 209 3031 30
238 2988 323 3033 illa
351 2989 436 3033 LR
469 2991 578 3035 diva
610 2990 680 3035 ed
715 2993 764 3034 et
792 2990 932 3048 Verg
964 2989 1075 3034 libri
1106 3003 1279 3034 omnes.
