2014 3226
206 148 274 198 62
667 144 897 187 DONATI
929 143 1207 186 INTERPR.
1242 143 1419 186 VERG.

206 288 519 345 moriturum,
567 285 670 346 sed,
719 288 774 331 ut
821 284 1007 331 dictum
1055 286 1149 343 est,
1195 285 1598 344 praetermissum
1646 286 1719 331 est
1759 284 1889 344 quod

206 362 366 407 fuerat
405 361 693 407 luctuosum.
756 374 939 418 verum,
973 373 1032 404 ne
1074 357 1355 418 specialiter
1392 373 1480 418 per
1518 357 1740 419 singulas
1780 374 1888 418 per-

207 449 348 482 ¹sonas
405 448 660 480 excurrens
707 432 917 478 nimium
962 431 1185 478 tenderet
1233 432 1589 491 narrationem,
1646 431 1889 492 quaedam

206 508 498 571 generaliter
530 508 724 565 miscet,
757 506 829 552 ait
861 506 991 552 enim
1021 505 1097 551 hic
1131 507 1228 552 iam
1260 509 1329 552 ter
1361 509 1547 551 eentum
1578 508 1695 552 totos
1717 519 1888 565 requa-

205 584 333 629 bitur
372 594 525 627 (muos
561 583 696 638 yeme
735 581 823 626 sub
863 579 1114 633 Hectorea,
1155 594 1254 625 non
1293 578 1393 625 iam
1432 594 1520 639 per
1558 578 1759 626 Aenean
1801 581 1888 626 aut
1935 597 1954 629 5

204 656 486 715 Ascanium,
526 656 748 714 posteros
785 656 952 699 tamen
993 656 1041 699 et
1078 653 1328 713 proximos
1360 651 1588 700 Hectoris
1627 667 1716 699 nec
1753 654 1887 714 ipsos

203 731 372 789 utique
420 728 625 787 alienos,
675 728 717 774 si
765 726 965 787 quidem
1013 725 1217 785 Creusa,
1263 728 1424 773 mater
1470 725 1695 788 Ascanii,
1749 741 1889 774 soror

203 806 362 849 fuerat
401 802 642 849 Hectoris.
708 804 821 861 post
859 802 1130 847 triennium
1167 799 1323 863 igitur
1354 799 1550 846 Aeneae
1591 803 1640 846 et
1677 801 1887 862 triginta

202 892 354 924 annos
395 875 591 935 Ascani,
630 878 744 935 post
781 876 1026 921 trecentos
1065 873 1337 921 Hectoreae
1377 875 1538 937 gentis
1585 875 1769 933 remma,
1812 875 1885 922 in-

203 950 321 1011 quit,
346 950 568 997 sacerdos
583 950 751 996 Marte
771 949 938 1007 yravis
958 949 1202 1007 yemiuam
1216 951 1372 1006 partu
1396 947 1531 995 dabit
1552 947 1660 995 Ilia
1681 949 1885 1007 prolem,
1912 966 1954 998 10

113 1030 195 1067 275
217 1024 325 1070 incle
371 1024 515 1082 lupae
561 1023 695 1081 fulvo
738 1024 941 1069 metricis
980 1023 1181 1081 tcymine
1219 1022 1372 1069 laetus
1411 1021 1652 1068 Romulus
1692 1023 1887 1082 excipiet

195 1101 378 1154 stentem
433 1101 474 1144 et
526 1097 779 1144 Mavortia
834 1097 1000 1144 condet
1051 1096 1240 1143 moenia
1295 1095 1635 1154 Romanosque
1686 1110 1774 1143 suo
1829 1096 1886 1144 de

200 1173 387 1218 nominc
426 1172 558 1218 dicet.
620 1171 695 1218 leis
736 1184 816 1230 eqo
854 1185 940 1218 uec
977 1173 1128 1217 metas
1166 1184 1331 1216 rerum
1368 1184 1454 1218 uec
1492 1174 1706 1228 tempora
1736 1183 1883 1229 pono,

199 1247 452 1305 imperium
490 1246 594 1292 sine
631 1245 729 1303 flue
760 1245 882 1291 decli.
945 1247 1155 1291 ventura
1186 1243 1500 1307 significabat
1531 1243 1731 1291 Romuli
1762 1246 1885 1291 tem-

197 1335 318 1379 pora
357 1319 452 1366 Ilia
499 1322 547 1366 et
584 1318 745 1365 Marte
791 1317 1078 1379 parentibus
1118 1318 1296 1381 geniti,
1351 1319 1438 1378 qui
1475 1317 1592 1365 licet
1632 1317 1726 1364 duo
1765 1317 1882 1366 fuis·
1909 1335 1951 1368 15

197 1396 303 1440 sent
349 1409 448 1440 uno
494 1395 645 1454 partu
691 1392 899 1453 prolati,
946 1408 1101 1438 unum
1146 1395 1315 1439 tamen
1362 1392 1455 1439 hoc
1503 1394 1575 1439 est
1614 1390 1883 1439 Romulum

195 1467 458 1528 imperium
503 1470 810 1514 retenturum
856 1465 997 1526 dicit,
1052 1465 1234 1514 Remus
1282 1466 1413 1513 enim
1463 1466 1684 1513 fraterna
1733 1482 1882 1514 manu

197 1540 566 1604 significabatur
611 1541 922 1600 interiturus,
980 1541 1066 1601 qui
1111 1542 1286 1601 postea
1325 1538 1558 1595 Quirinus
1603 1539 1881 1600 appellatus

196 1618 283 1675 est,
321 1618 377 1661 ut
416 1615 668 1662 obscurari
706 1613 1030 1675 parricidium
1066 1617 1246 1675 posset.
1309 1614 1439 1660 hunc
1470 1613 1737 1661 Romulum
1769 1629 1881 1661 con-

195 1688 414 1735 diturum
452 1688 661 1736 Romam
701 1688 822 1736 dicit
861 1691 909 1735 et
949 1702 1031 1735 eos
1071 1689 1158 1749 qui
1196 1687 1284 1735 sub
1325 1688 1429 1735 eius
1468 1687 1677 1749 imperio
1725 1687 1882 1735 futuri
1905 1706 1949 1739 20

195 1765 355 1811 essent
401 1762 767 1823 appellaturum
805 1762 1076 1822 Romanos,
1114 1765 1258 1809 tanta
1295 1761 1535 1808 felicitate
1574 1763 1880 1824 regnaturOS‚

194 1839 249 1883 ut
286 1837 507 1897 ipsorum
544 1838 764 1897 potestas
795 1836 945 1883 nullis
984 1838 1041 1883 ut
1080 1835 1349 1883 alterorum
1387 1850 1558 1899 regum
1601 1838 1879 1897 temporum

193 1909 415 1958 terminis
449 1909 769 1971 clauderetur,
792 1909 1092 1971 perindeque
1124 1909 1416 1957 felicitatem
1446 1911 1609 1970 ipsam
1639 1912 1878 1971 perpetuo

194 1998 488 2031 mansuram.
567 1983 699 2044 quod
744 1987 910 2031 autem
948 1983 1116 2031 Venus
1156 1983 1354 2044 oblique
1392 1983 1561 2044 posuit
1600 1985 1775 2044 „unius
1816 1983 1876 2031 ob

192 2059 319 2104 iram
357 2055 655 2118 prodimur“,
693 2058 786 2106 hoc
824 2057 1049 2119 Iuppiter
1086 2057 1352 2118 intellecto,
1391 2059 1447 2104 ut
1485 2057 1743 2105 laetiorem
1781 2056 1875 2104 Ve-
1900 2074 1944 2108 2⁶

105 2135 189 2173 280
206 2146 371 2178 nerem
409 2131 607 2191 faceret,
643 2132 716 2179 ait
755 2133 874 2191 quin
912 2145 1090 2191 aspera
1119 2132 1265 2187 Iumo,
1305 2146 1428 2190 quae
1463 2145 1597 2178 mare
1625 2146 1756 2179 nunc
1787 2135 1877 2180 ter-

192 2218 366 2264 rasque
410 2209 538 2252 metu
583 2205 859 2264 caelumque
903 2206 1099 2266 fatiyat,
1150 2205 1352 2254 consilia
1397 2207 1451 2252 iu
1495 2205 1667 2252 melius
1705 2207 1879 2264 referet

191 2292 464 2338 mecumque
509 2279 684 2338 fovebit
721 2279 990 2335 Romame,
1035 2293 1200 2326 rerum
1242 2280 1461 2326 dominos
1494 2282 1771 2338 yeutemque
1810 2282 1875 2326 to-

187 2355 366 2410 statam.
442 2351 494 2399 in
532 2354 730 2400 tantum
767 2352 1030 2413 pollicetur
1069 2353 1236 2400 omnia
1273 2353 1377 2400 fore
1416 2352 1770 2414 prosperrima,
1815 2355 1874 2400 ut

190 2427 351 2486 ipsam
391 2441 584 2487 quoque
625 2426 914 2473 acerrimam
951 2426 1204 2474 inimicam
1241 2426 1481 2474 Iunonem
1527 2428 1579 2474 et
1624 2425 1873 2488 depositu-
1896 2442 1964 2480 ao·

190 2515 295 2546 ram
327 2498 509 2546 diceret
540 2500 828 2547 inimicitias
869 2502 918 2547 et
956 2501 1208 2548 fauturam
1248 2501 1295 2547 ei
1332 2500 1500 2564 generi
1539 2499 1670 2561 quod
1709 2500 1873 2548 fuerat

190 2575 458 2633 persecuta.
536 2572 598 2620 ad
645 2574 838 2621 Aeneae
886 2573 1148 2622 accedebat
1193 2575 1425 2622 meritum
1472 2573 1602 2635 quod
1648 2573 1873 2635 Iuppiter
1929 2586 1954 2612 ’-

307 2717 332 2756 6
358 2718 562 2768 posteros
591 2713 677 2756 LR
700 2727 786 2769 per
810 2719 1012 2769 posteros
1041 2729 1076 2757 r.
1174 2719 1200 2758 8
1231 2715 1374 2768 fuerit
1397 2714 1483 2757 LR
1504 2715 1599 2768 fuit
1622 2713 1692 2758 ed.
1717 2714 1873 2768 fuerat
1915 2733 1953 2759 Α.

187 2785 283 2814 nos.
378 2775 403 2815 9
428 2777 643 2816 tercentos
666 2772 736 2815 ed.
832 2778 887 2816 14
913 2773 1101 2818 Romuli
1123 2773 1210 2817 LR
1234 2773 1314 2817 edI
1344 2778 1387 2816 et
1409 2773 1544 2818 Remi
1566 2772 1672 2816 add.
1700 2772 1808 2816 edF.

190 2835 243 2873 15
274 2832 418 2887 geniti
448 2831 534 2874 LR
563 2832 676 2874 mut.
710 2830 780 2874 ed.
887 2836 940 2875 18
973 2833 1321 2889 siqnifleabatwr
1355 2831 1439 2875 LR
1463 2831 1532 2876 ed.
1560 2831 1725 2875 dubito
1756 2845 1870 2875 num
1946 2842 1952 2871 ,·

187 2891 324 2932 recte.
474 2894 527 2933 21
562 2895 778 2946 tantaque
806 2904 843 2934 r.
992 2896 1047 2934 22
1074 2897 1275 2947 potestas
1291 2917 1346 2923 —
1365 2895 1420 2934 23
1453 2891 1740 2935 clauderetur
1771 2903 1869 2934 cor·
1943 2894 1950 2916 ³

186 2946 315 3003 rupit
344 2948 415 2992 ed.
537 2953 593 2992 23
623 2949 893 3002 facilitatem
924 2949 966 2992 R
997 2963 1110 2994 corr.
1143 2965 1178 2994 r.
