2014 3226
186 176 295 228 392
657 174 887 218 DONATI
917 174 1198 218 INTERPR.
1233 173 1411 218 VERG.

185 317 365 378 incipit
402 318 502 362 iam
544 315 704 363 dicere
744 315 889 376 quale
922 315 1186 362 consilium
1215 314 1409 362 Aeneas
1441 316 1494 361 in
1526 314 1881 362 deliberatione

186 391 470 453 delegisset,
526 391 700 450 utpote
754 391 796 435 is
846 391 931 449 qui
977 390 1029 435 in
1074 388 1168 436 tali
1215 403 1365 436 causa
1411 404 1510 436 non
1556 389 1880 436 tumultuarie

186 480 274 511 nec
338 464 545 525 passim,
609 462 694 510 sed
755 462 915 509 multa
977 462 1268 524 diversaque
1331 462 1574 510 volvendo
1629 464 1882 509 maturum

187 540 372 585 exitum
417 538 634 598 reperire
689 536 950 584 debuisset.
1027 537 1285 584 Mnesthea
1333 536 1696 596 Seryestumque
1750 539 1885 583 vocat

186 613 448 670 fortemque
487 610 752 665 Serestum,
802 611 1002 658 classem
1042 613 1205 669 aptent
1243 611 1397 665 taciti,
1445 612 1594 657 socios
1634 611 1700 657 ad
1739 611 1882 657 litora
1930 627 1949 659 5
1985 648 1989 662 ,

98 691 184 730 290
203 687 385 743 coeant,
420 699 561 731 arma
585 680 788 742 parent:
835 685 1025 731 vocatis
1064 684 1374 746 principibus
1414 686 1654 731 exercitus
1695 685 1745 730 in
1785 683 1882 731 dis-

185 759 487 821 positionum
536 773 736 804 suarum
785 760 973 805 secreta
1013 758 1226 805 strictim
1264 757 1577 819 breviterque
1621 757 1884 817 commisit,

185 834 422 894 pararent
469 832 693 894 navigia,
746 834 905 879 omnis
953 833 1110 880 socios
1152 831 1215 879 ad
1254 833 1405 879 litora
1443 847 1599 893 usque
1640 831 1882 893 conpelle-

185 909 295 953 rent
329 909 377 954 et
407 907 645 967 pararent
677 921 830 952 arma.
894 905 1012 953 licet
1044 921 1221 953 causae
1253 907 1467 954 istorum
1505 908 1883 968 praeceptorum

187 980 347 1027 dictae
395 979 672 1028 evidentius
719 995 818 1027 non
866 982 1049 1039 essent,
1098 981 1253 1042 signis
1301 982 1469 1028 tamen
1509 979 1882 1043 colligebantur.
1910 997 1954 1028 10

185 1070 284 1101 non
325 1055 455 1101 enim
496 1055 545 1100 in
588 1054 782 1102 occulto
823 1069 926 1102 esse
965 1054 1064 1101 iam
1106 1055 1304 1115 poterat
1342 1054 1545 1100 Aenean
1585 1053 1695 1100 ideo
1728 1054 1885 1100 tacita

187 1143 289 1175 esse
337 1128 551 1175 voluisse
600 1127 808 1175 consilia
855 1143 966 1188 sua,
1013 1144 1073 1174 ne
1113 1128 1370 1190 inparatos
1410 1128 1541 1175 Dido
1580 1127 1774 1175 iuberet
1810 1128 1884 1174 in-

185 1202 324 1249 vadi:
363 1202 555 1262 paratis
595 1218 711 1249 vero
738 1201 980 1249 omnibus
1019 1202 1213 1249 nullum
1253 1217 1358 1250 esse
1390 1204 1575 1249 metum
1609 1201 1885 1263 resistendi,

188 1288 300 1323 cum
341 1291 481 1322 arma
520 1278 719 1336 praesto
761 1278 938 1330 essent,
981 1275 1159 1337 quibus
1198 1276 1438 1324 violentia
1477 1279 1646 1337 posset
1679 1275 1884 1324 excludi.

186 1350 415 1397 nonnulli
454 1349 534 1396 hic
575 1365 714 1397 arma
745 1365 906 1397 remos
940 1352 989 1397 et
1021 1351 1185 1398 cetera
1217 1351 1483 1412 accipiunt,
1517 1351 1752 1411 quoniam
1785 1349 1884 1396 alio
1914 1365 1954 1398 15

185 1424 295 1491 loco
344 1417 417 1489 (5,
452 1417 543 1489 15)
594 1423 666 1470 ait
713 1424 975 1488 „colligere
1023 1440 1162 1471 arma
1207 1422 1388 1471 iubet“.
1466 1424 1548 1471 hic
1586 1439 1704 1471 vera
1745 1439 1883 1471 arma

187 1495 375 1559 posuit:
415 1513 532 1544 nam
575 1498 705 1559 quod
745 1499 819 1545 ait
858 1498 1066 1545 classem
1106 1499 1282 1560 aptent
1318 1498 1477 1558 taciti,
1511 1499 1675 1559 aptari
1713 1498 1886 1559 utique

186 1573 392 1635 navigia
438 1571 584 1619 rebus
630 1572 856 1620 omnibus
895 1573 1064 1632 iussit3
1120 1587 1259 1619 arma
1299 1574 1466 1620 autem
1506 1571 1765 1619 certamini
1802 1586 1886 1619 ne-

189 1647 402 1694 cessaria
424 1645 727 1708 significavit
751 1661 855 1694 esse
879 1645 1126 1708 paranda:
1165 1649 1375 1694 noverat
1399 1647 1532 1693 enim
1558 1645 1677 1707 quid
1701 1645 1888 1693 offensa

187 1719 318 1767 Dido
356 1719 524 1767 iubere
562 1721 812 1781 potuisset
851 1723 900 1768 et
938 1721 1060 1767 haec
1093 1721 1300 1769 consilio
1332 1721 1623 1782 praevenire
1655 1719 1888 1781 cupiebat
1911 1735 1957 1767 πο

189 1794 386 1842 cautela
424 1796 768 1855 praecurante.
833 1797 876 1841 et
913 1808 1037 1854 quae
1067 1795 1211 1842 rebus
1242 1796 1306 1841 sit
1335 1809 1488 1842 causa
1517 1793 1759 1841 novandis
1791 1793 1887 1840 dis-

187 1868 436 1916 simulent:
475 1883 574 1927 cur,
613 1867 793 1929 inquit,
831 1870 948 1930 post
987 1870 1240 1930 speratam
1279 1868 1604 1916 cessationem
1634 1867 1759 1914 fiant
1788 1869 1887 1916 ista

190 1941 527 2002 dissimulent,
574 1941 667 1989 hoc
714 1943 789 1990 est
837 1944 981 2004 quasi
1026 1942 1080 1989 id
1127 1957 1177 1990 se
1226 1942 1520 2004 simpliciter
1564 1942 1726 1989 facere
1774 1955 1887 1990 con—

188 2014 394 2079 fingant.
457 2029 558 2063 sese
587 2017 788 2072 mterea,
821 2016 1018 2075 quaudo
1049 2018 1232 2076 optima
1262 2016 1396 2063 Dido
1428 2018 1612 2063 neseiat
1650 2019 1693 2062 et
1729 2018 1887 2063 tantos

187 2090 355 2148 rumpi
391 2103 491 2136 nou
528 2092 685 2148 speret
723 2104 926 2146 amore—s,
965 2092 1309 2150 temptaturum
1347 2090 1511 2138 aditus
1545 2093 1587 2136 et
1616 2104 1740 2150 quae
1770 2090 1886 2136 mol-
1911 2104 1956 2138 25

190 2163 378 2210 lissima
409 2163 555 2223 fandi
592 2167 834 2223 tempora:
877 2163 1051 2212 divisit
1089 2163 1310 2212 officium
1349 2164 1529 2226 agendi
1569 2165 1702 2211 inter
1739 2179 1791 2211 se
1831 2178 1888 2211 ac

191 2251 321 2296 suos,
345 2235 447 2284 illis
471 2239 676 2298 paratus
705 2239 1087 2301 urgentissimae
1118 2239 1458 2301 navigationis
1490 2237 1707 2285 iniunxit
1738 2239 1887 2298 atque

190 2312 248 2357 ut
294 2312 493 2372 praesto
539 2310 714 2359 fierent
757 2327 897 2360 arma
934 2314 1258 2376 tegerentque
1296 2311 1511 2360 faciendi
1551 2326 1750 2359 causam
1789 2311 1888 2359 dis-
1980 2310 1993 2418 Ξ

193 2383 507 2432 simulatione
560 2385 880 2448 interposita,
931 2386 1028 2435 sibi
1071 2387 1349 2434 reservavit
1392 2385 1639 2434 fallendae
1685 2385 1887 2448 reginae
1982 2438 1991 2451 ⁷4

190 2458 465 2505 consilium.
530 2473 632 2519 vos,
664 2459 844 2521 inquit,
878 2476 1004 2522 quae
1035 2460 1272 2508 mandavi
1304 2460 1544 2522 conplete,
1578 2475 1667 2522 ego
1704 2458 1886 2507 curabo
1910 2475 1982 2507 so

312 2632 337 2670 2
371 2629 569 2672 tumultu
601 2633 699 2672 arte
729 2629 818 2672 LR
848 2631 1094 2674 tumultum
1124 2630 1274 2684 facere
1305 2630 1377 2674 ed.
1523 2633 1548 2672 3
1581 2643 1660 2673 uec
1690 2628 1777 2671 LR
1806 2641 1888 2673 nec
1963 2627 1976 2679 f.

190 2687 240 2730 id
273 2687 343 2732 ed.
437 2691 463 2730 5
495 2692 708 2732 sere-stum
735 2688 828 2731 -LR
862 2689 1134 2733 Cloanthum
1165 2689 1237 2733 ed.
1312 2693 1357 2731 >6
1388 2689 1570 2733 novatis
1599 2687 1687 2731 LR
1716 2688 1889 2732 vocatis
1963 2684 1966 2703 ³

189 2744 227 2788 r'
261 2746 333 2789 ed.
370 2747 376 2803 Ι
419 2747 642 2790 exercitus
670 2748 723 2790 ui
753 2746 840 2790 LR
870 2762 904 2791 e.
938 2749 990 2791 iu
1020 2762 1105 2792 nos
1136 2750 1256 2792 iuter
1285 2748 1429 2792 socios
1459 2747 1530 2790 ed.
1641 2751 1664 2790 7
1697 2752 1888 2791 semdae

189 2805 278 2847 LR
308 2809 477 2850 secreta
507 2819 531 2848 r
562 2805 667 2849 edF.
776 2810 804 2850 8
829 2813 1055 2862 pararent
1086 2807 1174 2850 LR
1203 2813 1256 2852 ut
1279 2821 1328 2863 p.
1363 2806 1434 2850 ed.
1538 2810 1592 2849 15
1625 2811 1770 2850 cetera
1800 2804 1886 2848 LR
1959 2813 1963 2821 '

189 2865 455 2908 huiusmodi
484 2863 591 2907 add.
617 2864 688 2908 e'd.
783 2870 837 2908 21
871 2867 1051 2910 cautela
1074 2866 1162 2909 LR
1189 2866 1302 2910 -lam
1334 2865 1405 2909 ed.
1435 2867 1441 2923 Ι
1462 2869 1769 2921 praecurante
1800 2863 1889 2907 ΕΒ,

185 2927 509 2979 praecurrente
541 2923 613 2967 (ἑᾶς
706 2927 763 2967 28
793 2925 952 2978 fierent
982 2925 1069 2968 LR
1098 2927 1251 2980 forent
1282 2924 1390 2968 edF.
1419 2925 1426 2981 1
1454 2938 1587 2968 arma
1617 2923 1704 2966 LR
1735 2938 1782 2967 α.»
1796 2936 1886 2980 pa·

192 2986 351 3025 rarent
381 2983 452 3025 ed.
1098 2995 1103 2998 “
1963 2994 1992 3039 2³,
