2014 3226
811 159 1114 203 AENfflDos
1147 159 1188 203 v
1742 162 1849 213 505

156 299 536 348 necessitatibus
577 300 693 347 suis.
762 300 884 348 haec
924 315 1040 362 ergo
1075 299 1227 347 dabat
1261 315 1498 362 responsa
1538 316 1663 361 quae
1697 300 1850 348 dicta-

154 373 244 420 bat
294 373 615 421 adversorum
670 374 824 420 ratio:
879 374 954 421 vel
1007 389 1131 433 quae
1175 374 1483 433 portenderet
1536 376 1616 422 ira
1667 389 1849 434 mayna

156 447 298 495 deum
347 447 420 494 vel
458 461 580 506 quae
626 448 844 506 fatorum
874 451 1092 507 posceret
1137 448 1253 495 ordo
1265 465 1282 505 ,·
1344 447 1532 495 sciebat
1579 447 1710 495 enim
1750 449 1850 495 alia

156 520 297 582 sequi
335 536 740 582 unumquemque
787 537 887 568 non
935 521 1134 581 debere,
1180 538 1242 569 ne
1290 521 1668 569 adversantibus
1717 523 1851 582 fatis,

110 612 130 644 5
157 595 274 642 dum
321 595 521 654 nititur,
569 597 841 656 superetur.
927 610 1182 656 speramus
1239 611 1355 659 ergo
1410 597 1563 643 istum
1617 595 1851 643 daturum

156 671 328 716 contra
369 684 509 716 casus
549 669 823 716 remedium
864 670 915 716 et
946 672 1233 717 secuturum
1264 671 1482 717 fatorum
1514 686 1725 730 cursum,
1765 672 1851 731 qui

157 743 307 790 aliam
345 744 399 790 in
438 744 635 804 partem
681 744 901 804 perverti
947 759 1046 790 non
1093 745 1272 804 potest.
1349 746 1484 802 isque
1533 745 1608 791 his
1646 742 1851 792 Aenean

153 817 338 864 solatus
383 818 579 865 vocibus
624 818 761 876 infit:
809 832 1005 864 necesse
1054 819 1185 865 enim
1236 818 1400 865 fuerat
1450 818 1585 865 refici
1632 819 1851 867 consola-

154 890 374 939 tionibus
400 893 728 951 aestuantem,
768 893 825 938 ut
850 890 1022 938 audire
1055 891 1326 938 remedium
1358 895 1538 953 posset.
1600 892 1714 940 nate
1745 893 1850 946 dea,

89 982 131 1014 10
155 979 248 1025 quo
301 966 410 1024 fata
464 966 665 1012 trahunt
715 965 1062 1024 retrahuntque
1110 980 1402 1025 sequamur:
1455 966 1684 1026 quicquid
1734 968 1837 1022 erit,
1856 969 1944 1008 710

154 1039 440 1099 superanda
479 1041 637 1086 omnis
675 1041 877 1099 fortuna
907 1041 1106 1099 ferendo
1140 1043 1230 1087 est:
1269 1039 1391 1086 duas
1423 1040 1695 1088 sententias
1728 1039 1853 1087 dixit

158 1128 285 1174 quae
337 1115 476 1160 actus
526 1113 787 1160 hominum
837 1115 1064 1174 teneant,
1119 1129 1243 1175 quas
1290 1115 1389 1161 nisi
1439 1115 1550 1175 quis
1602 1116 1852 1175 sequatur,

157 1186 345 1234 errabit
372 1202 567 1249 semper
590 1202 680 1235 nec
706 1187 886 1251 agendi
909 1189 1159 1235 rationem
1185 1203 1334 1249 quam
1360 1187 1612 1236 commode
1640 1188 1850 1250 amplec-

155 1263 295 1309 tatur
332 1262 568 1309 inveniet.
644 1261 738 1309 hae
780 1277 1084 1323 quamquam
1124 1262 1188 1309 ad
1226 1261 1664 1310 Aeneae-causam
1702 1263 1853 1323 perti-

90 1352 131 1385 15
157 1350 273 1383 nere
312 1335 601 1396 videantur,
648 1338 816 1383 tamen
856 1335 1135 1397 sequendae
1176 1338 1292 1384 sunt
1331 1336 1558 1384 omnibus
1607 1351 1729 1398 quos
1768 1336 1852 1383 ad-

156 1424 301 1457 versa
339 1410 691 1472 percusserint.
769 1411 967 1473 agimur
1013 1409 1146 1457 enim
1191 1410 1312 1458 fatis
1359 1413 1410 1457 et
1456 1425 1622 1458 sumus
1668 1409 1853 1459 idcirco

158 1484 349 1531 alienae
389 1485 632 1545 potestati
679 1483 912 1531 subiecti:
958 1483 1166 1545 proinde
1213 1483 1354 1545 sequi
1399 1499 1596 1532 necesse
1642 1486 1718 1532 est
1757 1499 1854 1546 quo

159 1573 403 1619 quemque
442 1558 551 1605 fata
588 1558 944 1619 pertraxerint,
985 1558 1393 1606 consentiendum
1436 1573 1655 1620 rursum,
1703 1557 1744 1605 si
1792 1557 1854 1605 ab

31 1690 36 1694 .
158 1647 215 1679 eo
247 1631 548 1680 retraxerint
579 1647 676 1694 quo
709 1633 871 1693 primo
904 1631 1250 1693 perduxerant.
1306 1631 1426 1693 quid
1459 1631 1591 1679 enim
1621 1632 1852 1694 prodesse

90 1723 133 1756 20
156 1707 366 1768 poterit,
418 1706 461 1754 si
501 1706 736 1754 adversus
777 1722 835 1754 ea,
873 1706 1130 1754 oboriatur
1166 1706 1432 1754 reluctatio
1479 1721 1605 1768 quae
1652 1705 1856 1754 nitendo

158 1781 387 1843 superari
425 1795 525 1828 non
564 1779 807 1842 possunt?
855 1780 980 1828 bene
1018 1779 1186 1842 posuit
1234 1780 1440 1827 trahunt
1487 1782 1537 1827 et
1575 1795 1853 1842 sequamur.

158 1855 246 1916 qui
285 1854 419 1902 enim
443 1856 732 1915 sequentem
755 1854 915 1902 trahit
952 1854 1126 1916 procul
1158 1853 1308 1901 dubio
1349 1853 1632 1902 ostenditur
1662 1855 1857 1915 fortior⁷

157 1928 288 1976 unde
327 1943 524 1976 necesse
565 1931 640 1976 est
679 1929 833 1976 etiam
870 1928 1087 1976 invitum
1128 1930 1271 1990 sequi
1310 1927 1395 1989 qui
1427 1927 1704 1989 potioribus
1736 1929 1855 1976 nisi-

156 2002 249 2050 bus
290 2004 565 2065 superatur.
644 2017 923 2065 sequamur,
970 2002 1157 2064 inquit,
1206 2001 1449 2064 quicquid
1488 2002 1605 2063 erit,
1650 2002 1743 2050 hoc
1783 2005 1859 2050 est

90 2092 133 2126 85
158 2078 263 2124 sive
300 2077 508 2124 trahant
547 2076 651 2124 sive
689 2076 951 2125 retrahant
988 2077 1109 2124 fata.
1186 2075 1308 2124 haec
1346 2077 1423 2124 est
1460 2091 1561 2123 una
1607 2075 1858 2124 sententia

157 2166 286 2213 quae
325 2150 576 2213 sequenda
615 2153 712 2213 est,
760 2166 875 2200 cum
921 2150 1027 2198 fata
1067 2152 1158 2198 aut
1196 2150 1373 2199 volunt
1411 2149 1604 2211 aliquid
1643 2151 1731 2198 aut
1768 2165 1855 2198 no·

157 2225 283 2285 lunt,
323 2225 425 2273 alia
463 2240 580 2273 vero
621 2227 697 2272 est
735 2240 862 2287 quae
902 2224 1138 2273 adversus
1178 2224 1313 2272 mala
1350 2225 1628 2272 necessaria
1666 2226 1761 2284 est,
1798 2226 1860 2271 ut

159 2298 369 2348 adversa
407 2297 612 2347 ferendo
659 2300 829 2361 potius
878 2315 1029 2360 quam
1074 2298 1347 2347 resistendo
1386 2299 1664 2346 vincantur.
1740 2298 1859 2345 111110

159 2374 434 2421 sententiae
459 2375 509 2421 et
531 2372 834 2421 Terentiana
859 2365 1035 2438 (Andr.
1065 2374 1111 2433 2,
1139 2375 1186 2432 1,
1213 2367 1270 2438 5)
1302 2371 1549 2420 consentit
1579 2372 1717 2420 diota
1743 2372 1857 2419 aliis

29 2456 37 2510 ξ
89 2463 135 2497 so
157 2446 336 2508 verbis,
374 2450 539 2495 mente
569 2449 737 2495 tamen
778 2446 973 2495 eademt
1011 2444 1286 2509 „quando“,
1316 2447 1496 2509 inquit,
1527 2461 1655 2507 „non
1692 2447 1860 2508 potest

280 2621 306 2660 2
347 2622 388 2662 et
425 2631 542 2674 quae
572 2617 861 2674 portenderet
898 2617 986 2660 LR
1024 2617 1095 2662 ed.
1143 2618 1212 2662 vel
1257 2631 1374 2675 quae
1414 2631 1462 2674 p.
1502 2615 1573 2660 ed.
1614 2616 1734 2672 post.

159 2681 186 2720 3
228 2675 338 2722 ordo
378 2690 468 2721 om.
503 2690 610 2720 cum
649 2677 804 2733 spatio
844 2678 1068 2734 quattuor
1103 2675 1368 2721 litterarum
1407 2676 1443 2719 L
1483 2675 1583 2719 sine
1622 2674 1777 2731 spatio
1814 2673 1858 2716 R

159 2736 230 2780 vis
258 2735 458 2779 inseruit
486 2751 522 2780 r.
678 2741 704 2780 6
734 2738 963 2792 factorum
994 2735 1035 2779 R
1074 2749 1188 2780 corr.
1220 2751 1256 2780 r.
1411 2739 1435 2779 ‘1
1467 2735 1623 2791 hisque
1652 2734 1725 2778 his
1755 2732 1854 2777 LR.

279 2798 307 2838 8
338 2795 498 2840 solatis
530 2795 618 2838 LR
650 2809 765 2840 corr.
796 2810 831 2839 r.
957 2799 1012 2839 10
1042 2808 1183 2852 sequa
1212 2795 1248 2838 L
1279 2809 1326 2840 se
1355 2794 1398 2838 R
1427 2806 1672 2851 sequamur
1699 2807 1735 2836 r.

163 2857 221 2898 16
248 2854 391 2909 factis
417 2853 467 2897 L.
621 2858 683 2898 20
707 2855 875 2911 poterit
903 2854 946 2897 R
977 2857 1095 2899 ψέγει
1124 2854 1160 2898 L
1192 2859 1325 2899 -rwnt
1355 2853 1427 2899 ed.
1580 2855 1636 2895 21
1667 2865 1856 2908 supera—

160 2914 226 2957 vit
255 2912 299 2956 R
328 2914 394 2957 -ri
422 2928 458 2959 r.
503 2914 510 2972 Ι
553 2919 751 2970 possunt
780 2913 867 2956 LR
898 2913 969 2957 ed.
997 2914 1178 2970 possint
1207 2928 1244 2957 r.
1367 2916 1425 2957 29
1456 2911 1740 2957 terrentiano
1770 2908 1857 2952 LR

161 2985 275 3016 corr.
306 2987 342 3017 r.
746 3004 748 3006 ψ
