2014 3226
256 162 359 214 116
719 158 949 204 DONATI
983 158 1263 202 INTERPR.
1298 157 1478 202 VERG.

252 303 400 351 datur
441 316 585 349 auro:
628 302 837 359 tantam,
876 299 1057 361 inquit,
1097 298 1355 361 splendore
1396 314 1483 346 suo
1523 298 1715 347 Aeneas
1756 298 1972 347 addidit>

257 378 471 440 gratiam
512 375 611 421 luci
650 375 893 435 quantum
933 373 1068 420 ebori
1107 389 1281 421 manus
1323 372 1556 420 attribuit
1594 373 1674 419 vel
1706 374 1947 434 quantum

256 450 395 498 addit
443 465 618 496 aurum
666 448 872 511 argento
922 449 1009 494 aut
1056 445 1212 509 lapidi
1250 446 1397 494 Pario
1437 446 1770 494 coniunctum.
1847 450 1947 494 twm

169 530 254 569 595
273 526 342 571 sic
388 524 608 581 reatinam
654 522 934 580 adloquitur
980 522 1253 580 cunctisque
1297 523 1487 580 repente
1531 522 1812 582 inprovisus
1857 521 1949 568 ait.-

255 598 398 645 tanta
439 596 690 643 celeritate
729 595 919 642 factum
957 596 1033 642 est
1071 597 1128 641 ut
1166 595 1466 657 improvisus
1507 595 1696 641 cunctis
1735 594 1950 643 venisset

258 671 318 720 ad
359 670 510 717 verba
549 685 695 731 quem
735 669 1014 716 nudaverat
1051 668 1195 717 nubis
1229 668 1496 728 abscessus,
1531 683 1677 729 quem
1707 670 1948 716 monstra-

257 746 398 792 verat
435 743 679 791 naturalis
719 743 804 790 lux
844 745 893 790 et
931 743 1162 805 proprius
1203 742 1436 804 splendor
1472 743 1584 804 ipsa
1621 743 1788 803 potior
1828 742 1949 790 luce.

258 818 488 879 conpleta
520 818 837 881 suggestione
869 831 1029 878 neque
1060 817 1166 878 ipse
1197 815 1414 864 Achates
1447 815 1639 863 definiit
1672 815 1791 877 quid
1823 818 1952 864 esset

258 891 562 951 faciundum,
589 892 707 953 quia
733 890 893 938 dicere
925 905 1023 939 non
1055 889 1243 950 debuit,
1266 905 1426 952 neque
1458 888 1651 938 Aeneas
1682 890 1950 952 respondit.

257 966 514 1027 praevenit
561 965 693 1012 enim
741 967 945 1012 eventus
993 980 1160 1012 rerum
1209 965 1298 1026 qui
1345 979 1427 1012 eos
1475 962 1693 1011 reddidit
1739 963 1842 1011 luci
1888 966 1986 1028 et,1

260 1041 377 1102 quia
401 1040 502 1085 iam
524 1040 765 1087 venerant
795 1039 849 1086 in
880 1038 1138 1086 hominum
1170 1039 1502 1102 conspectum,
1534 1039 1730 1086 mutata
1760 1038 1952 1086 ratione

258 1114 495 1175 temporis
527 1113 773 1161 rationem
804 1112 1039 1175 loquendi
1068 1127 1167 1159 non
1190 1111 1423 1160 inmerito
1446 1114 1643 1160 mutare
1668 1111 1952 1161 debuerunt.

260 1187 484 1235 constitit
538 1186 756 1247 Aeneas,
811 1189 868 1234 ut
922 1186 1111 1233 dictum
1167 1188 1262 1246 est,
1317 1186 1402 1234 sed
1457 1185 1727 1248 aliquando
1781 1185 1956 1235 melior

262 1277 411 1323 quam
458 1261 577 1322 fuit3
638 1261 732 1308 hoc
779 1261 911 1308 enim
960 1260 1176 1308 sollicita
1223 1262 1428 1323 propter
1470 1260 1684 1308 Iunonia
1737 1261 1984 1322 hospitia.

260 1336 617 1398 procuraverat
662 1336 843 1395 mater,
891 1336 947 1382 ut
995 1349 1160 1382 amore
1207 1335 1376 1397 potius
1425 1349 1575 1396 quam
1621 1334 1734 1382 odio
1779 1333 1984 1398 dignust

261 1408 529 1457 videretur.
608 1410 909 1470 conparatur
964 1407 1078 1468 deo,
1134 1424 1277 1467 auro,
1333 1408 1491 1468 ebori,
1547 1410 1777 1472 argento,
1832 1423 1983 1471 quae·

263 1497 377 1531 cum
416 1498 504 1545 per
551 1498 601 1531 se
648 1482 962 1545 splendeant,
1008 1482 1217 1530 meliora
1262 1484 1432 1530 tamen
1477 1481 1627 1542 fiunt,
1674 1483 1717 1530 si
1762 1482 1840 1530 his
1879 1482 1983 1531 vell

265 1556 470 1606 artificis
510 1572 688 1604 manus
728 1556 809 1604 vel
849 1557 1014 1620 gratia
1054 1557 1308 1605 societatis
1349 1555 1565 1604 accedat.
1626 1556 1758 1618 quod
1791 1558 1958 1605 autem

264 1633 565 1693 conparatur
612 1629 724 1690 deo,
771 1646 871 1678 non
917 1631 1016 1678 :fuit
1061 1631 1249 1679 favoris
1295 1632 1496 1694 poetae,
1545 1645 1657 1678 cum
1702 1629 1770 1678 sit
1807 1643 1958 1693 nepos
2006 1646 2009 1648 ·

264 1704 397 1753 Iovis
430 1707 480 1752 et
510 1704 641 1752 filius
665 1704 875 1752 Veneris
907 1703 1208 1767 perindeque
1241 1706 1291 1752 et
1323 1703 1548 1753 Caesaris
1578 1705 1736 1767 ipsius
1769 1703 1968 1753 adfinisa.⁴

264 1779 395 1826 hunc
435 1780 602 1826 autem
642 1780 779 1827 omni
818 1780 1074 1827 occasione
1099 1778 1353 1842 Vergilius
1392 1778 1568 1827 laudat
1606 1781 1757 1841 atque
1795 1779 1870 1826 ita
1904 1779 1960 1827 ut

267 1853 524 1914 praecipui
551 1853 649 1900 viri
679 1852 919 1900 laudandi
950 1854 1086 1913 sunt,
1126 1868 1243 1900 nam
1274 1853 1495 1901 virorum
1526 1853 1689 1901 forma
1719 1854 1770 1900 et
1800 1852 1959 1916 splen-

269 1925 359 1974 dor
398 1927 616 1988 corporis
655 1927 935 1990 iunguntur
972 1926 1271 1975 fortitudini.
1334 1926 1441 1974 sola
1473 1926 1605 1974 enim
1642 1925 1977 1988 pulchritudo¹

271 2000 490 2061 corporis
537 1999 640 2048 sine
687 1999 984 2048 fortitudine
1030 2001 1361 2062 plurimorum
1407 1999 1571 2050 obfuit
1616 2001 1803 2061 famae,
1850 2013 1961 2050 cou-

270 2074 442 2120 iuncta
480 2089 596 2122 vero
636 2089 811 2122 ornare
851 2076 1110 2122 consuevit
1147 2075 1311 2122 virum
1351 2075 1544 2123 fortem.
1603 2074 1706 2122 itur
1742 2075 1845 2123 iam
1874 2084 1963 2138 pes:

273 2146 491 2208 corporis
538 2148 718 2208 partis,
773 2150 831 2195 ut
878 2150 1120 2211 appareat
1165 2149 1219 2196 in
1265 2148 1355 2196 illo
1403 2148 1523 2211 quid
1577 2148 1789 2209 decoris,
1843 2140 1962 2211 quid

274 2220 584 2268 fortitudinis
631 2220 804 2283 fuerit,
859 2237 1074 2284 namque
1120 2223 1231 2284 ipsa
1271 2221 1499 2270 decoram
1539 2223 1807 2271 caesariem
1844 2221 1961 2274 nato.

275 2295 500 2358 genetrix
552 2295 818 2357 lumenque
870 2297 1104 2344 iuventae
1159 2312 1463 2359 purpureum
1509 2298 1559 2345 et
1605 2295 1762 2344 laetos
1809 2294 1967 2351 oculis·

277 2367 488 2416 adflarat
524 2368 747 2417 honores.
824 2369 946 2417 haec
986 2369 1050 2418 ad
1088 2370 1246 2432 partis
1277 2370 1667 2432 pulchritudinis
1699 2369 1950 2435 pertine·

277 2441 342 2489 ad
386 2441 589 2490 virtutis
637 2444 805 2490 autem
851 2442 986 2505 quod
1032 2458 1182 2506 supra
1228 2443 1455 2492 laudavit
1500 2459 1698 2493 umeros
1737 2445 1865 2504 ciue,

277 2515 623 2563 fortitudinem
684 2517 903 2578 corporis
964 2516 1340 2566 demonstraret.
1432 2534 1548 2566 nam
1603 2521 1652 2566 et
1706 2517 1805 2566 alio
1858 2517 1898 2566 l·
1918 2539 1952 2568 ι.

400 2674 422 2713 1
459 2673 637 2715 tantum
652 2696 711 2703 —-
729 2675 754 2714 2
786 2672 964 2729 qratiae
994 2686 1016 2714 r
1048 2672 1118 2717 ed.
1228 2676 1254 2715 3
1286 2677 1370 2716 aut
1386 2697 1442 2704 —-
1458 2669 1750 2718 coniunctum
1780 2685 1867 2716 om.
1902 2677 1922 2709 a·
1948 2679 1949 2682 ’

399 2733 426 2772 5
458 2729 628 2773 veniret
658 2729 727 2773 ed.
822 2733 848 2773 8
880 2744 1093 2787 ‘neque—
1112 2735 1137 2774 9
1171 2731 1326 2776 debuit
1356 2744 1444 2775 om.
1472 2731 1542 2774 ed.
1635 2735 1662 2775 8
1694 2731 1854 2787 definit
1929 2735 1948 2780 :¹

282 2787 359 2832 -iit
388 2802 412 2830 r
441 2801 540 2831 nos.
649 2792 704 2831 13
735 2789 900 2833 restitit
931 2789 1002 2833 ed.
1109 2793 1163 2833 14
1188 2791 1402 2849 pollicita
1433 2789 1504 2834 ed.
1607 2795 1662 2834 16
1693 2791 1775 2835 deo
1797 2788 1886 2833 LR
1920 2773 1959 2860 'g

281 2845 355 2890 ed.
387 2858 477 2891 om.
502 2846 574 2890 ed.
607 2848 726 2903 post.
755 2848 762 2902 Ι
789 2852 831 2892 et
859 2854 1047 2906 arqento
1079 2848 1150 2892 ed.
1243 2853 1300 2893 25
1331 2849 1428 2894 itm·
1457 2849 1554 2894 iam
1584 2849 1672 2893 LR
1701 2849 1846 2907 igitur
1884 2848 1924 2890 ἰ.

283 2902 320 2947 Ο
352 2905 498 2963 iyitur
526 2907 635 2962 post
664 2906 867 2962 corporis
897 2906 969 2950 ed.
1091 2912 1146 2951 27
1179 2922 1289 2953 nam
1320 2907 1392 2952 ed.
1515 2912 1572 2952 29
1604 2908 1799 2964 adflavit
1828 2906 1926 2964 ed„-
1956 2960 1961 2966 ⁸

283 2965 337 3007 31
370 2977 479 3008 mm
499 2990 551 2996 —
572 2968 670 3019 117,
690 2969 715 3008 2
747 2965 924 3010 validos
954 2979 1041 3025 om⁷
1067 2967 1140 3013 ed.
1919 2970 1923 2971 ⁷
